  <div class='ocr_page' id='page_1' title='image "/cluster/home/n/w/nwhite01/storage/ocr_20150623/71/uva.x000827083/117.png"; bbox 0 0 3994 6194; ppageno 0'>
   <div class='ocr_carea' id='block_1_1' title="bbox 530 258 633 312">
    <p class='ocr_par' dir='ltr' id='par_1_1' title="bbox 530 258 633 312">
     <span class='ocr_line' id='line_1_1' title="bbox 530 258 633 312; baseline -0.01 0"><span class='ocrx_word' id='word_1_1' title='bbox 530 258 633 312; x_wconf 77' lang='grc'><strong>219</strong></span> 
     </span>
    </p>
   </div>
   <div class='ocr_carea' id='block_1_2' title="bbox 1525 228 2766 307">
    <p class='ocr_par' dir='ltr' id='par_1_2' title="bbox 1525 228 2766 307">
     <span class='ocr_line' id='line_1_2' title="bbox 1525 228 2766 307; baseline -0.009 0"><span class='ocrx_word' id='word_1_2' title='bbox 1525 251 1582 307; x_wconf 89' lang='lat' dir='ltr'><strong>s.</strong></span> <span class='ocrx_word' id='word_1_3' title='bbox 1623 246 1953 307; x_wconf 78' lang='lat' dir='ltr'><strong>cneconu</strong></span> <span class='ocrx_word' id='word_1_4' title='bbox 1994 244 2298 302; x_wconf 83' lang='lat' dir='ltr'><strong>EPISCOPI</strong></span> <span class='ocrx_word' id='word_1_5' title='bbox 2337 228 2766 301; x_wconf 58' lang='lat' dir='ltr'><strong>recessisses</strong></span> 
     </span>
    </p>
   </div>
   <div class='ocr_carea' id='block_1_3' title="bbox 3684 227 3817 284">
    <p class='ocr_par' dir='ltr' id='par_1_3' title="bbox 3684 227 3817 284">
     <span class='ocr_line' id='line_1_3' title="bbox 3684 227 3817 284; baseline 0.008 -1"><span class='ocrx_word' id='word_1_6' title='bbox 3684 227 3817 284; x_wconf 67' lang='lat'><strong>220</strong></span> 
     </span>
    </p>
   </div>
   <div class='ocr_carea' id='block_1_4' title="bbox 526 346 3817 444">
    <p class='ocr_par' dir='ltr' id='par_1_4' title="bbox 526 346 3817 444">
     <span class='ocr_line' id='line_1_4' title="bbox 526 346 3817 444; baseline -0.01 -14"><span class='ocrx_word' id='word_1_7' title='bbox 526 382 705 443; x_wconf 80' lang='lat' dir='ltr'><strong>egesta</strong></span> <span class='ocrx_word' id='word_1_8' title='bbox 735 379 763 410; x_wconf 80' lang='grc' dir='ltr'>ι</span> <span class='ocrx_word' id='word_1_9' title='bbox 790 388 806 427; x_wconf 89' lang='lat'><strong>:</strong></span> <span class='ocrx_word' id='word_1_10' title='bbox 832 370 955 444; x_wconf 84' lang='lat' dir='ltr'><strong>quia</strong></span> <span class='ocrx_word' id='word_1_11' title='bbox 995 384 1092 425; x_wconf 88' lang='lat' dir='ltr'><strong>nec</strong></span> <span class='ocrx_word' id='word_1_12' title='bbox 1137 369 1277 425; x_wconf 91' lang='lat' dir='ltr'><strong>istud</strong></span> <span class='ocrx_word' id='word_1_13' title='bbox 1306 368 1419 424; x_wconf 96' lang='lat' dir='ltr'><strong>sine</strong></span> <span class='ocrx_word' id='word_1_14' title='bbox 1466 368 1653 421; x_wconf 71' lang='lat' dir='ltr'><strong>hmresi</strong></span> <span class='ocrx_word' id='word_1_15' title='bbox 1689 372 1865 434; x_wconf 89' lang='lat' dir='ltr'><strong>potest</strong></span> <span class='ocrx_word' id='word_1_16' title='bbox 1884 361 2049 431; x_wconf 90' lang='lat' dir='ltr'><strong>accipi</strong></span> <span class='ocrx_word' id='word_1_17' title='bbox 2075 402 2091 425; x_wconf 85' lang='lat'><strong>,</strong></span> <span class='ocrx_word' id='word_1_18' title='bbox 2123 365 2173 420; x_wconf 75' lang='grc' dir='ltr'>Α</span> <span class='ocrx_word' id='word_1_19' title='bbox 2198 372 2345 429; x_wconf 77' lang='grc' dir='ltr'><strong>ριίοι-</strong></span> <span class='ocrx_word' id='word_1_20' title='bbox 2391 358 2676 413; x_wconf 89' lang='lat' dir='ltr'><strong>damnatus</strong></span> <span class='ocrx_word' id='word_1_21' title='bbox 2728 356 2935 420; x_wconf 83' lang='lat' dir='ltr'><strong>fuerat,</strong></span> <span class='ocrx_word' id='word_1_22' title='bbox 2973 353 3131 444; x_wconf 75' lang='lat' dir='ltr'><strong>fuisse</strong></span> <span class='ocrx_word' id='word_1_23' title='bbox 3186 348 3526 444; x_wconf 44' lang='lat' dir='ltr'><strong>participem,</strong></span> <span class='ocrx_word' id='word_1_24' title='bbox 3577 346 3817 444; x_wconf 63' lang='lat' dir='ltr'><strong>Venutii</strong></span> 
     </span>
    </p>
   </div>
   <div class='ocr_carea' id='block_1_5' title="bbox 526 453 2100 523">
    <p class='ocr_par' dir='ltr' id='par_1_5' title="bbox 526 453 2100 523">
     <span class='ocr_line' id='line_1_5' title="bbox 526 453 2100 523; baseline -0.008 -3"><span class='ocrx_word' id='word_1_25' title='bbox 526 477 581 520; x_wconf 89' lang='lat' dir='ltr'><strong>ut</strong></span> <span class='ocrx_word' id='word_1_26' title='bbox 608 467 658 520; x_wconf 91' lang='lat' dir='ltr'><strong>in</strong></span> <span class='ocrx_word' id='word_1_27' title='bbox 708 465 944 520; x_wconf 81' lang='lat' dir='ltr'><strong>Ecclesia</strong></span> <span class='ocrx_word' id='word_1_28' title='bbox 998 480 1101 518; x_wconf 92' lang='lat' dir='ltr'><strong>non</strong></span> <span class='ocrx_word' id='word_1_29' title='bbox 1147 463 1425 516; x_wconf 89' lang='lat' dir='ltr'><strong>obediatur</strong></span> <span class='ocrx_word' id='word_1_30' title='bbox 1469 458 1735 514; x_wconf 92' lang='lat' dir='ltr'><strong>sacerdoti</strong></span> <span class='ocrx_word' id='word_1_31' title='bbox 1764 457 1874 523; x_wconf 90' lang='lat' dir='ltr'><strong>Dei,</strong></span> <span class='ocrx_word' id='word_1_32' title='bbox 1907 456 1993 509; x_wconf 91' lang='lat' dir='ltr'><strong>cui</strong></span> <span class='ocrx_word' id='word_1_33' title='bbox 2034 453 2100 508; x_wconf 91' lang='lat' dir='ltr'><strong>ad</strong></span> 
     </span>
    </p>
   </div>
   <div class='ocr_carea' id='block_1_6' title="bbox 526 550 2101 627">
    <p class='ocr_par' dir='ltr' id='par_1_6' title="bbox 526 550 2101 627">
     <span class='ocr_line' id='line_1_6' title="bbox 526 550 2101 627; baseline -0.008 -16"><span class='ocrx_word' id='word_1_34' title='bbox 526 559 847 627; x_wconf 90' lang='lat' dir='ltr'><strong>pascendum</strong></span> <span class='ocrx_word' id='word_1_35' title='bbox 890 570 1017 612; x_wconf 82' lang='lat' dir='ltr'><strong>oves</strong></span> <span class='ocrx_word' id='word_1_36' title='bbox 1063 555 1364 608; x_wconf 66' lang='lat' dir='ltr'><strong>commissa:</strong></span> <span class='ocrx_word' id='word_1_37' title='bbox 1392 564 1535 617; x_wconf 89' lang='lat' dir='ltr'><strong>sunt,</strong></span> <span class='ocrx_word' id='word_1_38' title='bbox 1564 563 1616 604; x_wconf 91' lang='lat' dir='ltr'><strong>et</strong></span> <span class='ocrx_word' id='word_1_39' title='bbox 1647 550 1733 604; x_wconf 90' lang='lat' dir='ltr'><strong>ille</strong></span> <span class='ocrx_word' id='word_1_40' title='bbox 1785 564 1842 603; x_wconf 81' lang='lat' dir='ltr'><strong>se</strong></span> <span class='ocrx_word' id='word_1_41' title='bbox 1897 550 2101 617; x_wconf 82' lang='lat' dir='ltr'><strong>ingerat</strong></span> 
     </span>
    </p>
   </div>
   <div class='ocr_carea' id='block_1_7' title="bbox 530 639 2100 717">
    <p class='ocr_par' dir='ltr' id='par_1_7' title="bbox 530 639 2100 717">
     <span class='ocr_line' id='line_1_7' title="bbox 530 639 2100 717; baseline -0.006 -16"><span class='ocrx_word' id='word_1_42' title='bbox 530 648 802 717; x_wconf 82' lang='lat' dir='ltr'><strong>potestati,</strong></span> <span class='ocrx_word' id='word_1_43' title='bbox 835 647 917 701; x_wconf 92' lang='lat' dir='ltr'><strong>cui</strong></span> <span class='ocrx_word' id='word_1_44' title='bbox 950 661 1121 715; x_wconf 88' lang='lat' dir='ltr'><strong>neque</strong></span> <span class='ocrx_word' id='word_1_45' title='bbox 1149 661 1176 697; x_wconf 94' lang='lat' dir='ltr'><strong>a</strong></span> <span class='ocrx_word' id='word_1_46' title='bbox 1208 645 1338 708; x_wconf 89' lang='lat' dir='ltr'><strong>Deo,</strong></span> <span class='ocrx_word' id='word_1_47' title='bbox 1370 659 1542 711; x_wconf 89' lang='lat' dir='ltr'><strong>neque</strong></span> <span class='ocrx_word' id='word_1_48' title='bbox 1572 643 1638 696; x_wconf 89' lang='lat' dir='ltr'><strong>ab</strong></span> <span class='ocrx_word' id='word_1_49' title='bbox 1672 641 1974 696; x_wconf 91' lang='lat' dir='ltr'><strong>hominibus</strong></span> <span class='ocrx_word' id='word_1_50' title='bbox 2002 639 2100 692; x_wconf 88' lang='lat' dir='ltr'><strong>ali-</strong></span> 
     </span>
    </p>
   </div>
   <div class='ocr_carea' id='block_1_8' title="bbox 524 731 2101 806">
    <p class='ocr_par' dir='ltr' id='par_1_8' title="bbox 524 731 2101 806">
     <span class='ocr_line' id='line_1_8' title="bbox 524 731 2101 806; baseline -0.004 -17"><span class='ocrx_word' id='word_1_51' title='bbox 524 738 647 806; x_wconf 84' lang='lat' dir='ltr'><strong>quid</strong></span> <span class='ocrx_word' id='word_1_52' title='bbox 678 748 759 791; x_wconf 86' lang='lat' dir='ltr'><strong>est</strong></span> <span class='ocrx_word' id='word_1_53' title='bbox 798 736 1164 790; x_wconf 87' lang='lat' dir='ltr'><strong>commissum.</strong></span> <span class='ocrx_word' id='word_1_54' title='bbox 1193 734 1392 788; x_wconf 91' lang='lat' dir='ltr'><strong>Dehinc</strong></span> <span class='ocrx_word' id='word_1_55' title='bbox 1445 733 1632 786; x_wconf 90' lang='lat' dir='ltr'><strong>beatus</strong></span> <span class='ocrx_word' id='word_1_56' title='bbox 1662 731 1936 795; x_wconf 83' lang='lat' dir='ltr'><strong>sacerdos,</strong></span> <span class='ocrx_word' id='word_1_57' title='bbox 1993 744 2101 783; x_wconf 88' lang='lat' dir='ltr'><strong>uno</strong></span> 
     </span>
    </p>
   </div>
   <div class='ocr_carea' id='block_1_9' title="bbox 524 822 2100 889">
    <p class='ocr_par' dir='ltr' id='par_1_9' title="bbox 524 822 2100 889">
     <span class='ocr_line' id='line_1_9' title="bbox 524 822 2100 889; baseline -0.003 -9"><span class='ocrx_word' id='word_1_58' title='bbox 524 829 696 881; x_wconf 88' lang='lat' dir='ltr'><strong>adhuc</strong></span> <span class='ocrx_word' id='word_1_59' title='bbox 728 837 976 882; x_wconf 88' lang='lat' dir='ltr'><strong>manente</strong></span> <span class='ocrx_word' id='word_1_60' title='bbox 1017 827 1364 880; x_wconf 83' lang='lat' dir='ltr'><strong>nihilominus</strong></span> <span class='ocrx_word' id='word_1_61' title='bbox 1400 823 1636 889; x_wconf 90' lang='lat' dir='ltr'><strong>inimico,</strong></span> <span class='ocrx_word' id='word_1_62' title='bbox 1665 836 1777 877; x_wconf 79' lang='lat' dir='ltr'><strong>sua:</strong></span> <span class='ocrx_word' id='word_1_63' title='bbox 1802 822 2100 876; x_wconf 84' lang='lat' dir='ltr'><strong>restituitur</strong></span> 
     </span>
    </p>
   </div>
   <div class='ocr_carea' id='block_1_10' title="bbox 524 917 2100 989">
    <p class='ocr_par' dir='ltr' id='par_1_10' title="bbox 524 917 2100 989">
     <span class='ocr_line' id='line_1_10' title="bbox 524 917 2100 989; baseline 0 -18"><span class='ocrx_word' id='word_1_64' title='bbox 524 922 791 989; x_wconf 81' lang='lat' dir='ltr'><strong>potestati.</strong></span> <span class='ocrx_word' id='word_1_65' title='bbox 843 921 1059 974; x_wconf 85' lang='lat' dir='ltr'><strong>Factum</strong></span> <span class='ocrx_word' id='word_1_66' title='bbox 1092 929 1173 974; x_wconf 89' lang='lat' dir='ltr'><strong>est</strong></span> <span class='ocrx_word' id='word_1_67' title='bbox 1198 932 1375 975; x_wconf 90' lang='lat' dir='ltr'><strong>autem</strong></span> <span class='ocrx_word' id='word_1_68' title='bbox 1406 918 1666 988; x_wconf 67' lang='lat' dir='ltr'><strong>posthaec,</strong></span> <span class='ocrx_word' id='word_1_69' title='bbox 1711 928 1770 971; x_wconf 91' lang='lat' dir='ltr'><strong>ut</strong></span> <span class='ocrx_word' id='word_1_70' title='bbox 1808 917 2100 971; x_wconf 82' lang='lat' dir='ltr'><strong>accedente</strong></span> 
     </span>
    </p>
   </div>
   <div class='ocr_carea' id='block_1_11' title="bbox 523 1010 2099 1081">
    <p class='ocr_par' dir='ltr' id='par_1_11' title="bbox 523 1010 2099 1081">
     <span class='ocr_line' id='line_1_11' title="bbox 523 1010 2099 1081; baseline 0.001 -17"><span class='ocrx_word' id='word_1_71' title='bbox 523 1010 670 1066; x_wconf 84' lang='lat' dir='ltr'><strong>febre</strong></span> <span class='ocrx_word' id='word_1_72' title='bbox 696 1022 959 1081; x_wconf 71' lang='lat' dir='ltr'><strong>mgrotare</strong></span> <span class='ocrx_word' id='word_1_73' title='bbox 986 1020 1235 1081; x_wconf 84' lang='lat' dir='ltr'><strong>coepisset</strong></span> <span class='ocrx_word' id='word_1_74' title='bbox 1262 1030 1273 1063; x_wconf 90' lang='lat'><strong>:</strong></span> <span class='ocrx_word' id='word_1_75' title='bbox 1321 1012 1409 1081; x_wconf 89' lang='lat' dir='ltr'><strong>qui</strong></span> <span class='ocrx_word' id='word_1_76' title='bbox 1458 1021 1605 1081; x_wconf 82' lang='lat' dir='ltr'><strong>rogat</strong></span> <span class='ocrx_word' id='word_1_77' title='bbox 1631 1025 1778 1075; x_wconf 91' lang='lat' dir='ltr'><strong>suos,</strong></span> <span class='ocrx_word' id='word_1_78' title='bbox 1814 1021 1866 1063; x_wconf 92' lang='lat' dir='ltr'><strong>ut</strong></span> <span class='ocrx_word' id='word_1_79' title='bbox 1896 1026 2017 1063; x_wconf 91' lang='lat' dir='ltr'><strong>eum</strong></span> <span class='ocrx_word' id='word_1_80' title='bbox 2047 1011 2099 1065; x_wconf 92' lang='lat' dir='ltr'><strong>in</strong></span> 
     </span>
    </p>
   </div>
   <div class='ocr_carea' id='block_1_12' title="bbox 523 1102 2099 1171">
    <p class='ocr_par' dir='ltr' id='par_1_12' title="bbox 523 1102 2099 1171">
     <span class='ocr_line' id='line_1_12' title="bbox 523 1102 2099 1171; baseline -0.002 -13"><span class='ocrx_word' id='word_1_81' title='bbox 523 1103 802 1158; x_wconf 86' lang='lat' dir='ltr'><strong>ecclesiam</strong></span> <span class='ocrx_word' id='word_1_82' title='bbox 833 1104 1051 1158; x_wconf 89' lang='lat' dir='ltr'><strong>ferrent.</strong></span> <span class='ocrx_word' id='word_1_83' title='bbox 1081 1105 1320 1171; x_wconf 83' lang='lat' dir='ltr'><strong>Cumque</strong></span> <span class='ocrx_word' id='word_1_84' title='bbox 1352 1105 1476 1157; x_wconf 90' lang='lat' dir='ltr'><strong>illuc</strong></span> <span class='ocrx_word' id='word_1_85' title='bbox 1521 1104 1695 1157; x_wconf 91' lang='lat' dir='ltr'><strong>illatus</strong></span> <span class='ocrx_word' id='word_1_86' title='bbox 1726 1102 1933 1169; x_wconf 78' lang='lat' dir='ltr'><strong>fuisset,</strong></span> <span class='ocrx_word' id='word_1_87' title='bbox 1965 1118 2099 1155; x_wconf 91' lang='lat' dir='ltr'><strong>con-</strong></span> 
     </span>
    </p>
   </div>
   <div class='ocr_carea' id='block_1_13' title="bbox 523 1195 2096 1261">
    <p class='ocr_par' dir='ltr' id='par_1_13' title="bbox 523 1195 2096 1261">
     <span class='ocr_line' id='line_1_13' title="bbox 523 1195 2096 1261; baseline -0.002 -11"><span class='ocrx_word' id='word_1_88' title='bbox 523 1197 774 1251; x_wconf 82' lang='lat' dir='ltr'><strong>veniebat</strong></span> <span class='ocrx_word' id='word_1_89' title='bbox 816 1198 880 1249; x_wconf 88' lang='lat' dir='ltr'><strong>ad</strong></span> <span class='ocrx_word' id='word_1_90' title='bbox 927 1213 1047 1251; x_wconf 91' lang='lat' dir='ltr'><strong>eum</strong></span> <span class='ocrx_word' id='word_1_91' title='bbox 1100 1196 1384 1249; x_wconf 88' lang='lat' dir='ltr'><strong>multitudo</strong></span> <span class='ocrx_word' id='word_1_92' title='bbox 1413 1196 1651 1248; x_wconf 89' lang='lat' dir='ltr'><strong>virorum</strong></span> <span class='ocrx_word' id='word_1_93' title='bbox 1702 1209 1763 1248; x_wconf 88' lang='lat' dir='ltr'><strong>ac</strong></span> <span class='ocrx_word' id='word_1_94' title='bbox 1794 1195 2096 1261; x_wconf 84' lang='lat' dir='ltr'><strong>mulierum,</strong></span> 
     </span>
    </p>
   </div>
   <div class='ocr_carea' id='block_1_14' title="bbox 524 1278 2101 1357">
    <p class='ocr_par' dir='ltr' id='par_1_14' title="bbox 524 1278 2101 1357">
     <span class='ocr_line' id='line_1_14' title="bbox 524 1278 2101 1357; baseline 0 -16"><span class='ocrx_word' id='word_1_95' title='bbox 524 1285 789 1357; x_wconf 89' lang='lat' dir='ltr'><strong>simulque</strong></span> <span class='ocrx_word' id='word_1_96' title='bbox 831 1278 989 1342; x_wconf 82' lang='lat' dir='ltr'><strong>etiam</strong></span> <span class='ocrx_word' id='word_1_97' title='bbox 1018 1298 1072 1342; x_wconf 89' lang='lat' dir='ltr'><strong>et</strong></span> <span class='ocrx_word' id='word_1_98' title='bbox 1122 1289 1399 1341; x_wconf 77' lang='lat' dir='ltr'><strong>infantium</strong></span> <span class='ocrx_word' id='word_1_99' title='bbox 1435 1288 1798 1357; x_wconf 79' lang='lat' dir='ltr'><strong>plangentium</strong></span> <span class='ocrx_word' id='word_1_100' title='bbox 1832 1298 1991 1356; x_wconf 89' lang='lat' dir='ltr'><strong>atque</strong></span> <span class='ocrx_word' id='word_1_101' title='bbox 2021 1289 2101 1341; x_wconf 89' lang='lat' dir='ltr'><strong>di-</strong></span> 
     </span>
    </p>
   </div>
   <div class='ocr_carea' id='block_1_15' title="bbox 522 1378 2100 1446">
    <p class='ocr_par' dir='ltr' id='par_1_15' title="bbox 522 1378 2100 1446">
     <span class='ocr_line' id='line_1_15' title="bbox 522 1378 2100 1446; baseline -0.001 -13"><span class='ocrx_word' id='word_1_102' title='bbox 522 1379 754 1433; x_wconf 88' lang='lat' dir='ltr'><strong>centium</strong></span> <span class='ocrx_word' id='word_1_103' title='bbox 788 1398 799 1431; x_wconf 93' lang='lat'>:</span> <span class='ocrx_word' id='word_1_104' title='bbox 835 1380 941 1433; x_wconf 88' lang='lat' dir='ltr'><strong>Cur</strong></span> <span class='ocrx_word' id='word_1_105' title='bbox 972 1395 1069 1433; x_wconf 89' lang='lat' dir='ltr'><strong>nos</strong></span> <span class='ocrx_word' id='word_1_106' title='bbox 1093 1378 1315 1445; x_wconf 89' lang='lat' dir='ltr'><strong>deseris,</strong></span> <span class='ocrx_word' id='word_1_107' title='bbox 1348 1389 1527 1446; x_wconf 85' lang='lat' dir='ltr'><strong>pastor</strong></span> <span class='ocrx_word' id='word_1_108' title='bbox 1572 1378 1731 1445; x_wconf 90' lang='lat' dir='ltr'><strong>bone,</strong></span> <span class='ocrx_word' id='word_1_109' title='bbox 1777 1379 1861 1432; x_wconf 85' lang='lat' dir='ltr'><strong>vel</strong></span> <span class='ocrx_word' id='word_1_110' title='bbox 1890 1379 1973 1432; x_wconf 90' lang='lat' dir='ltr'><strong>cui</strong></span> <span class='ocrx_word' id='word_1_111' title='bbox 2002 1392 2100 1431; x_wconf 89' lang='lat' dir='ltr'><strong>nos</strong></span> 
     </span>
    </p>
   </div>
   <div class='ocr_carea' id='block_1_16' title="bbox 524 1470 2101 1540">
    <p class='ocr_par' dir='ltr' id='par_1_16' title="bbox 524 1470 2101 1540">
     <span class='ocr_line' id='line_1_16' title="bbox 524 1470 2101 1540; baseline 0 -17"><span class='ocrx_word' id='word_1_112' title='bbox 524 1473 672 1539; x_wconf 87' lang='lat' dir='ltr'><strong>quasi</strong></span> <span class='ocrx_word' id='word_1_113' title='bbox 704 1472 973 1540; x_wconf 82' lang='lat' dir='ltr'><strong>orpltanos</strong></span> <span class='ocrx_word' id='word_1_114' title='bbox 996 1471 1357 1540; x_wconf 87' lang='lat' dir='ltr'><strong>derelinquis‘?</strong></span> <span class='ocrx_word' id='word_1_115' title='bbox 1396 1470 1643 1539; x_wconf 77' lang='lat' dir='ltr'><strong>Nunquid</strong></span> <span class='ocrx_word' id='word_1_116' title='bbox 1671 1471 1772 1525; x_wconf 90' lang='lat' dir='ltr'><strong>erit</strong></span> <span class='ocrx_word' id='word_1_117' title='bbox 1800 1471 1953 1525; x_wconf 88' lang='lat' dir='ltr'><strong>nobis</strong></span> <span class='ocrx_word' id='word_1_118' title='bbox 1978 1479 2101 1540; x_wconf 59' lang='lat' dir='ltr'><strong>post</strong></span> 
     </span>
    </p>
   </div>
   <div class='ocr_carea' id='block_1_17' title="bbox 525 1563 2099 1634">
    <p class='ocr_par' dir='ltr' id='par_1_17' title="bbox 525 1563 2099 1634">
     <span class='ocr_line' id='line_1_17' title="bbox 525 1563 2099 1634; baseline 0.004 -19"><span class='ocrx_word' id='word_1_119' title='bbox 525 1563 803 1615; x_wconf 83' lang='lat' dir='ltr'><strong>transitum</strong></span> <span class='ocrx_word' id='word_1_120' title='bbox 830 1572 974 1616; x_wconf 91' lang='lat' dir='ltr'><strong>tuum</strong></span> <span class='ocrx_word' id='word_1_121' title='bbox 998 1564 1137 1616; x_wconf 88' lang='lat' dir='ltr'><strong>vita?</strong></span> <span class='ocrx_word' id='word_1_122' title='bbox 1162 1563 1393 1631; x_wconf 83' lang='lat' dir='ltr'><strong>nunquid</strong></span> <span class='ocrx_word' id='word_1_123' title='bbox 1412 1563 1516 1617; x_wconf 89' lang='lat' dir='ltr'><strong>erit</strong></span> <span class='ocrx_word' id='word_1_124' title='bbox 1538 1563 1873 1630; x_wconf 87' lang='lat' dir='ltr'><strong>postmodum</strong></span> <span class='ocrx_word' id='word_1_125' title='bbox 1894 1566 1982 1634; x_wconf 88' lang='lat' dir='ltr'><strong>qui</strong></span> <span class='ocrx_word' id='word_1_126' title='bbox 2006 1582 2099 1621; x_wconf 83' lang='lat' dir='ltr'><strong>nos</strong></span> 
     </span>
    </p>
   </div>
   <div class='ocr_carea' id='block_1_18' title="bbox 524 1654 2100 1717">
    <p class='ocr_par' dir='ltr' id='par_1_18' title="bbox 524 1654 2100 1717">
     <span class='ocr_line' id='line_1_18' title="bbox 524 1654 2100 1717; baseline 0.004 -13"><span class='ocrx_word' id='word_1_127' title='bbox 524 1654 799 1717; x_wconf 67' lang='lat' dir='ltr'><strong>sapientia:</strong></span> <span class='ocrx_word' id='word_1_128' title='bbox 825 1654 933 1708; x_wconf 60' lang='lat' dir='ltr'><strong>sale</strong></span> <span class='ocrx_word' id='word_1_129' title='bbox 963 1656 1039 1708; x_wconf 89' lang='lat' dir='ltr'><strong>sic</strong></span> <span class='ocrx_word' id='word_1_130' title='bbox 1066 1654 1323 1709; x_wconf 84' lang='lat' dir='ltr'><strong>condiat?</strong></span> <span class='ocrx_word' id='word_1_131' title='bbox 1361 1664 1444 1708; x_wconf 89' lang='lat' dir='ltr'><strong>aut</strong></span> <span class='ocrx_word' id='word_1_132' title='bbox 1480 1655 1544 1708; x_wconf 90' lang='lat' dir='ltr'><strong>ad</strong></span> <span class='ocrx_word' id='word_1_133' title='bbox 1586 1656 1835 1710; x_wconf 90' lang='lat' dir='ltr'><strong>dominici</strong></span> <span class='ocrx_word' id='word_1_134' title='bbox 1870 1658 2100 1711; x_wconf 89' lang='lat' dir='ltr'><strong>notuiuis</strong></span> 
     </span>
    </p>
   </div>
   <div class='ocr_carea' id='block_1_19' title="bbox 2206 441 3824 520">
    <p class='ocr_par' dir='ltr' id='par_1_19' title="bbox 2206 441 3824 520">
     <span class='ocr_line' id='line_1_19' title="bbox 2206 441 3824 520; baseline -0.006 -15"><span class='ocrx_word' id='word_1_135' title='bbox 2206 450 2292 505; x_wconf 91' lang='lat' dir='ltr'><strong>ubi</strong></span> <span class='ocrx_word' id='word_1_136' title='bbox 2311 450 2493 520; x_wconf 83' lang='lat' dir='ltr'><strong>judex,</strong></span> <span class='ocrx_word' id='word_1_137' title='bbox 2524 465 2684 518; x_wconf 88' lang='lat' dir='ltr'><strong>quem</strong></span> <span class='ocrx_word' id='word_1_138' title='bbox 2732 449 2794 502; x_wconf 90' lang='lat' dir='ltr'><strong>ad</strong></span> <span class='ocrx_word' id='word_1_139' title='bbox 2831 462 2882 503; x_wconf 88' lang='lat' dir='ltr'><strong>te</strong></span> <span class='ocrx_word' id='word_1_140' title='bbox 2912 443 3319 508; x_wconf 86' lang='lat' dir='ltr'><strong>transmitteret,</strong></span> <span class='ocrx_word' id='word_1_141' title='bbox 3362 442 3589 496; x_wconf 85' lang='lat' dir='ltr'><strong>sollicite</strong></span> <span class='ocrx_word' id='word_1_142' title='bbox 3618 441 3824 507; x_wconf 65' lang='lat' dir='ltr'><strong>cepit</strong></span> 
     </span>
    </p>
   </div>
   <div class='ocr_carea' id='block_1_20' title="bbox 2203 534 3819 611">
    <p class='ocr_par' dir='ltr' id='par_1_20' title="bbox 2203 534 3819 611">
     <span class='ocr_line' id='line_1_20' title="bbox 2203 534 3819 611; baseline -0.006 -15"><span class='ocrx_word' id='word_1_143' title='bbox 2203 542 2496 611; x_wconf 88' lang='lat' dir='ltr'><strong>inquirere,</strong></span> <span class='ocrx_word' id='word_1_144' title='bbox 2520 555 2620 609; x_wconf 82' lang='lat' dir='ltr'><strong>ego</strong></span> <span class='ocrx_word' id='word_1_145' title='bbox 2648 556 2732 594; x_wconf 88' lang='lat' dir='ltr'><strong>me</strong></span> <span class='ocrx_word' id='word_1_146' title='bbox 2763 540 2898 593; x_wconf 86' lang='lat' dir='ltr'><strong>inter</strong></span> <span class='ocrx_word' id='word_1_147' title='bbox 2928 537 3163 606; x_wconf 90' lang='lat' dir='ltr'><strong>reliquos</strong></span> <span class='ocrx_word' id='word_1_148' title='bbox 3190 534 3436 589; x_wconf 86' lang='lat' dir='ltr'><strong>occulere</strong></span> <span class='ocrx_word' id='word_1_149' title='bbox 3462 534 3605 601; x_wconf 74' lang='lat' dir='ltr'><strong>ccepi</strong></span> <span class='ocrx_word' id='word_1_150' title='bbox 3635 574 3654 594; x_wconf 84' lang='lat'><strong>.</strong></span> <span class='ocrx_word' id='word_1_151' title='bbox 3686 542 3755 585; x_wconf 81' lang='lat' dir='ltr'><strong>et</strong></span> <span class='ocrx_word' id='word_1_152' title='bbox 3779 547 3819 586; x_wconf 88' lang='lat' dir='ltr'><strong>a</strong></span> 
     </span>
    </p>
   </div>
   <div class='ocr_carea' id='block_1_21' title="bbox 2203 623 3821 703">
    <p class='ocr_par' dir='ltr' id='par_1_21' title="bbox 2203 623 3821 703">
     <span class='ocr_line' id='line_1_21' title="bbox 2203 623 3821 703; baseline -0.007 -17"><span class='ocrx_word' id='word_1_153' title='bbox 2203 643 2353 703; x_wconf 89' lang='lat' dir='ltr'><strong>tergo</strong></span> <span class='ocrx_word' id='word_1_154' title='bbox 2408 633 2570 692; x_wconf 84' lang='lat' dir='ltr'><strong>steti,</strong></span> <span class='ocrx_word' id='word_1_155' title='bbox 2625 640 2853 685; x_wconf 85' lang='lat' dir='ltr'><strong>tractans</strong></span> <span class='ocrx_word' id='word_1_156' title='bbox 2883 627 3019 696; x_wconf 86' lang='lat' dir='ltr'><strong>apud</strong></span> <span class='ocrx_word' id='word_1_157' title='bbox 3080 627 3475 693; x_wconf 89' lang='lat' dir='ltr'><strong>memetipsum,</strong></span> <span class='ocrx_word' id='word_1_158' title='bbox 3528 640 3601 678; x_wconf 91' lang='lat' dir='ltr'><strong>ne</strong></span> <span class='ocrx_word' id='word_1_159' title='bbox 3650 623 3821 676; x_wconf 82' lang='lat' dir='ltr'><strong>forte</strong></span> 
     </span>
    </p>
   </div>
   <div class='ocr_carea' id='block_1_22' title="bbox 2205 717 3819 796">
    <p class='ocr_par' dir='ltr' id='par_1_22' title="bbox 2205 717 3819 796">
     <span class='ocr_line' id='line_1_22' title="bbox 2205 717 3819 796; baseline -0.007 -15"><span class='ocrx_word' id='word_1_160' title='bbox 2205 742 2325 796; x_wconf 81' lang='lat' dir='ltr'><strong>ego,</strong></span> <span class='ocrx_word' id='word_1_161' title='bbox 2358 726 2447 794; x_wconf 92' lang='lat' dir='ltr'><strong>qui</strong></span> <span class='ocrx_word' id='word_1_162' title='bbox 2476 733 2633 778; x_wconf 90' lang='lat' dir='ltr'><strong>notus</strong></span> <span class='ocrx_word' id='word_1_163' title='bbox 2687 738 2803 777; x_wconf 90' lang='lat' dir='ltr'><strong>sum</strong></span> <span class='ocrx_word' id='word_1_164' title='bbox 2854 720 3083 784; x_wconf 83' lang='lat' dir='ltr'><strong>homini,</strong></span> <span class='ocrx_word' id='word_1_165' title='bbox 3117 718 3313 771; x_wconf 89' lang='lat' dir='ltr'><strong>mittar.</strong></span> <span class='ocrx_word' id='word_1_166' title='bbox 3364 717 3493 770; x_wconf 91' lang='lat' dir='ltr'><strong>Dum</strong></span> <span class='ocrx_word' id='word_1_167' title='bbox 3527 717 3647 769; x_wconf 65' lang='lat' dir='ltr'><strong>ham</strong></span> <span class='ocrx_word' id='word_1_168' title='bbox 3683 733 3819 770; x_wconf 62' lang='lat' dir='ltr'><strong>tm}-</strong></span> 
     </span>
    </p>
   </div>
   <div class='ocr_carea' id='block_1_23' title="bbox 2204 810 3818 879">
    <p class='ocr_par' dir='ltr' id='par_1_23' title="bbox 2204 810 3818 879">
     <span class='ocr_line' id='line_1_23' title="bbox 2204 810 3818 879; baseline -0.006 -5"><span class='ocrx_word' id='word_1_169' title='bbox 2204 836 2323 874; x_wconf 90' lang='lat' dir='ltr'><strong>cum</strong></span> <span class='ocrx_word' id='word_1_170' title='bbox 2356 820 2546 875; x_wconf 88' lang='lat' dir='ltr'><strong>tacitus</strong></span> <span class='ocrx_word' id='word_1_171' title='bbox 2569 818 2859 879; x_wconf 87' lang='lat' dir='ltr'><strong>volverem,</strong></span> <span class='ocrx_word' id='word_1_172' title='bbox 2885 813 3079 867; x_wconf 89' lang='lat' dir='ltr'><strong>amotis</strong></span> <span class='ocrx_word' id='word_1_173' title='bbox 3097 811 3344 865; x_wconf 85' lang='lat' dir='ltr'><strong>omnibus</strong></span> <span class='ocrx_word' id='word_1_174' title='bbox 3369 812 3605 864; x_wconf 80' lang='lat' dir='ltr'><strong>remansi</strong></span> <span class='ocrx_word' id='word_1_175' title='bbox 3635 810 3818 865; x_wconf 75' lang='lat' dir='ltr'><strong>solus</strong></span> 
     </span>
    </p>
   </div>
   <div class='ocr_carea' id='block_1_24' title="bbox 2203 901 3813 981">
    <p class='ocr_par' dir='ltr' id='par_1_24' title="bbox 2203 901 3813 981">
     <span class='ocr_line' id='line_1_24' title="bbox 2203 901 3813 981; baseline -0.007 -16"><span class='ocrx_word' id='word_1_176' title='bbox 2203 912 2255 969; x_wconf 91' lang='lat' dir='ltr'><strong>in</strong></span> <span class='ocrx_word' id='word_1_177' title='bbox 2281 912 2491 981; x_wconf 90' lang='lat' dir='ltr'><strong>publico</strong></span> <span class='ocrx_word' id='word_1_178' title='bbox 2515 928 2528 964; x_wconf 92' lang='lat'><strong>:</strong></span> <span class='ocrx_word' id='word_1_179' title='bbox 2557 918 2877 976; x_wconf 84' lang='lat' dir='ltr'><strong>vocatusque</strong></span> <span class='ocrx_word' id='word_1_180' title='bbox 2898 922 2925 959; x_wconf 87' lang='lat' dir='ltr'><strong>a</strong></span> <span class='ocrx_word' id='word_1_181' title='bbox 2945 905 3142 974; x_wconf 90' lang='lat' dir='ltr'><strong>judice,</strong></span> <span class='ocrx_word' id='word_1_182' title='bbox 3171 902 3390 971; x_wconf 88' lang='lat' dir='ltr'><strong>propius</strong></span> <span class='ocrx_word' id='word_1_183' title='bbox 3419 902 3641 955; x_wconf 85' lang='lat' dir='ltr'><strong>accedo.</strong></span> <span class='ocrx_word' id='word_1_184' title='bbox 3680 901 3813 955; x_wconf 82' lang='lat' dir='ltr'><strong>Cu-</strong></span> 
     </span>
    </p>
   </div>
   <div class='ocr_carea' id='block_1_25' title="bbox 2199 1000 3806 1078">
    <p class='ocr_par' dir='ltr' id='par_1_25' title="bbox 2199 1000 3806 1078">
     <span class='ocr_line' id='line_1_25' title="bbox 2199 1000 3806 1078; baseline -0.006 -15"><span class='ocrx_word' id='word_1_185' title='bbox 2199 1009 2286 1078; x_wconf 89' lang='lat' dir='ltr'><strong>jus</strong></span> <span class='ocrx_word' id='word_1_186' title='bbox 2315 1009 2563 1061; x_wconf 73' lang='lat' dir='ltr'><strong>virtutem</strong></span> <span class='ocrx_word' id='word_1_187' title='bbox 2591 1007 2769 1074; x_wconf 87' lang='lat' dir='ltr'><strong>&#39;atque</strong></span> <span class='ocrx_word' id='word_1_188' title='bbox 2806 1002 3143 1072; x_wconf 83' lang='lat' dir='ltr'><strong>splendorem</strong></span> <span class='ocrx_word' id='word_1_189' title='bbox 3191 1010 3484 1063; x_wconf 87' lang='lat' dir='ltr'><strong>contuens,</strong></span> <span class='ocrx_word' id='word_1_190' title='bbox 3516 1000 3662 1067; x_wconf 72' lang='lat' dir='ltr'><strong>ccepi</strong></span> <span class='ocrx_word' id='word_1_191' title='bbox 3704 1000 3806 1053; x_wconf 86' lang='lat' dir='ltr'><strong>hc-</strong></span> 
     </span>
    </p>
   </div>
   <div class='ocr_carea' id='block_1_26' title="bbox 2206 1096 3809 1166">
    <p class='ocr_par' dir='ltr' id='par_1_26' title="bbox 2206 1096 3809 1166">
     <span class='ocr_line' id='line_1_26' title="bbox 2206 1096 3809 1166; baseline -0.005 -8"><span class='ocrx_word' id='word_1_192' title='bbox 2206 1105 2298 1157; x_wconf 90' lang='lat' dir='ltr'><strong>bes</strong></span> <span class='ocrx_word' id='word_1_193' title='bbox 2323 1104 2541 1157; x_wconf 89' lang='lat' dir='ltr'><strong>ellectus</strong></span> <span class='ocrx_word' id='word_1_194' title='bbox 2586 1102 2816 1154; x_wconf 83' lang='lat' dir='ltr'><strong>titubare</strong></span> <span class='ocrx_word' id='word_1_195' title='bbox 2869 1116 2976 1166; x_wconf 89' lang='lat' dir='ltr'><strong>pr:e</strong></span> <span class='ocrx_word' id='word_1_196' title='bbox 3006 1109 3168 1151; x_wconf 87' lang='lat' dir='ltr'><strong>metu.</strong></span> <span class='ocrx_word' id='word_1_197' title='bbox 3206 1097 3377 1151; x_wconf 80' lang='lat' dir='ltr'><strong>Etille</strong></span> <span class='ocrx_word' id='word_1_198' title='bbox 3411 1114 3424 1150; x_wconf 89' lang='lat'><strong>:</strong></span> <span class='ocrx_word' id='word_1_199' title='bbox 3458 1096 3534 1149; x_wconf 87' lang='lat' dir='ltr'><strong>Ne</strong></span> <span class='ocrx_word' id='word_1_200' title='bbox 3565 1097 3809 1159; x_wconf 81' lang='lat' dir='ltr'><strong>timeas,</strong></span> 
     </span>
    </p>
   </div>
   <div class='ocr_carea' id='block_1_27' title="bbox 2203 1189 3807 1264">
    <p class='ocr_par' dir='ltr' id='par_1_27' title="bbox 2203 1189 3807 1264">
     <span class='ocr_line' id='line_1_27' title="bbox 2203 1189 3807 1264; baseline -0.002 -17"><span class='ocrx_word' id='word_1_201' title='bbox 2203 1210 2353 1264; x_wconf 90' lang='lat' dir='ltr'><strong>puer,</strong></span> <span class='ocrx_word' id='word_1_202' title='bbox 2385 1195 2554 1263; x_wconf 89' lang='lat' dir='ltr'><strong>inquit</strong></span> <span class='ocrx_word' id='word_1_203' title='bbox 2582 1212 2594 1245; x_wconf 88' lang='lat'><strong>:</strong></span> <span class='ocrx_word' id='word_1_204' title='bbox 2627 1192 2719 1245; x_wconf 92' lang='lat' dir='ltr'><strong>sed</strong></span> <span class='ocrx_word' id='word_1_205' title='bbox 2751 1192 2903 1253; x_wconf 83' lang='lat' dir='ltr'><strong>vade,</strong></span> <span class='ocrx_word' id='word_1_206' title='bbox 2930 1191 3017 1243; x_wconf 79' lang='lat' dir='ltr'><strong>dic</strong></span> <span class='ocrx_word' id='word_1_207' title='bbox 3049 1190 3361 1259; x_wconf 87' lang='lat' dir='ltr'><strong>presbytero</strong></span> <span class='ocrx_word' id='word_1_208' title='bbox 3392 1189 3463 1242; x_wconf 91' lang='lat' dir='ltr'><strong>illi</strong></span> <span class='ocrx_word' id='word_1_209' title='bbox 3499 1207 3511 1242; x_wconf 96' lang='lat'>:</span> <span class='ocrx_word' id='word_1_210' title='bbox 3550 1189 3692 1242; x_wconf 82' lang='lat' dir='ltr'><strong>Veni</strong></span> <span class='ocrx_word' id='word_1_211' title='bbox 3727 1189 3807 1244; x_wconf 85' lang='lat' dir='ltr'><strong>ad</strong></span> 
     </span>
    </p>
   </div>
   <div class='ocr_carea' id='block_1_28' title="bbox 2205 1281 3804 1354">
    <p class='ocr_par' dir='ltr' id='par_1_28' title="bbox 2205 1281 3804 1354">
     <span class='ocr_line' id='line_1_28' title="bbox 2205 1281 3804 1354; baseline -0.004 -13"><span class='ocrx_word' id='word_1_212' title='bbox 2205 1285 2626 1354; x_wconf 86' lang='lat' dir='ltr'><strong>respondendam</strong></span> <span class='ocrx_word' id='word_1_213' title='bbox 2650 1299 2886 1347; x_wconf 89' lang='lat' dir='ltr'><strong>causam,</strong></span> <span class='ocrx_word' id='word_1_214' title='bbox 2913 1283 3033 1350; x_wconf 88' lang='lat' dir='ltr'><strong>quia</strong></span> <span class='ocrx_word' id='word_1_215' title='bbox 3062 1281 3311 1336; x_wconf 88' lang='lat' dir='ltr'><strong>Sidonius</strong></span> <span class='ocrx_word' id='word_1_216' title='bbox 3338 1291 3389 1335; x_wconf 90' lang='lat' dir='ltr'><strong>te</strong></span> <span class='ocrx_word' id='word_1_217' title='bbox 3410 1281 3669 1334; x_wconf 78' lang='lat' dir='ltr'><strong>accersiri</strong></span> <span class='ocrx_word' id='word_1_218' title='bbox 3698 1282 3804 1334; x_wconf 78' lang='lat' dir='ltr'><strong>de-</strong></span> 
     </span>
    </p>
   </div>
   <div class='ocr_carea' id='block_1_29' title="bbox 2203 1371 3807 1447">
    <p class='ocr_par' dir='ltr' id='par_1_29' title="bbox 2203 1371 3807 1447">
     <span class='ocr_line' id='line_1_29' title="bbox 2203 1371 3807 1447; baseline -0.005 -16"><span class='ocrx_word' id='word_1_219' title='bbox 2203 1386 2451 1447; x_wconf 88' lang='lat' dir='ltr'><strong>precatus</strong></span> <span class='ocrx_word' id='word_1_220' title='bbox 2483 1385 2587 1431; x_wconf 89' lang='lat' dir='ltr'><strong>est.</strong></span> <span class='ocrx_word' id='word_1_221' title='bbox 2619 1375 2698 1430; x_wconf 89' lang='lat' dir='ltr'><strong>Tu</strong></span> <span class='ocrx_word' id='word_1_222' title='bbox 2722 1390 2846 1428; x_wconf 89' lang='lat' dir='ltr'><strong>vero</strong></span> <span class='ocrx_word' id='word_1_223' title='bbox 2872 1390 2938 1429; x_wconf 89' lang='lat' dir='ltr'><strong>ne</strong></span> <span class='ocrx_word' id='word_1_224' title='bbox 2989 1388 3189 1425; x_wconf 88' lang='lat' dir='ltr'><strong>moram</strong></span> <span class='ocrx_word' id='word_1_225' title='bbox 3241 1371 3405 1425; x_wconf 79' lang='lat' dir='ltr'><strong>facias</strong></span> <span class='ocrx_word' id='word_1_226' title='bbox 3430 1371 3495 1423; x_wconf 88' lang='lat' dir='ltr'><strong>ad</strong></span> <span class='ocrx_word' id='word_1_227' title='bbox 3520 1372 3807 1438; x_wconf 86' lang='lat' dir='ltr'><strong>eundum,</strong></span> 
     </span>
    </p>
   </div>
   <div class='ocr_carea' id='block_1_30' title="bbox 2204 1463 3807 1536">
    <p class='ocr_par' dir='ltr' id='par_1_30' title="bbox 2204 1463 3807 1536">
     <span class='ocr_line' id='line_1_30' title="bbox 2204 1463 3807 1536; baseline -0.001 -15"><span class='ocrx_word' id='word_1_228' title='bbox 2204 1468 2323 1535; x_wconf 90' lang='lat' dir='ltr'><strong>quia</strong></span> <span class='ocrx_word' id='word_1_229' title='bbox 2355 1467 2453 1521; x_wconf 90' lang='lat' dir='ltr'><strong>sub</strong></span> <span class='ocrx_word' id='word_1_230' title='bbox 2480 1466 2667 1536; x_wconf 81' lang='lat' dir='ltr'><strong>grandi</strong></span> <span class='ocrx_word' id='word_1_231' title='bbox 2701 1466 3073 1520; x_wconf 75' lang='lat' dir='ltr'><strong>testiﬁcatione</strong></span> <span class='ocrx_word' id='word_1_232' title='bbox 3119 1464 3247 1517; x_wconf 91' lang='lat' dir='ltr'><strong>mihi</strong></span> <span class='ocrx_word' id='word_1_233' title='bbox 3279 1463 3534 1532; x_wconf 78' lang='lat' dir='ltr'><strong>praecepit</strong></span> <span class='ocrx_word' id='word_1_234' title='bbox 3565 1480 3665 1519; x_wconf 87' lang='lat' dir='ltr'><strong>rex</strong></span> <span class='ocrx_word' id='word_1_235' title='bbox 3700 1466 3807 1521; x_wconf 87' lang='lat' dir='ltr'><strong>ille</strong></span> 
     </span>
    </p>
   </div>
   <div class='ocr_carea' id='block_1_31' title="bbox 2206 1554 3807 1623">
    <p class='ocr_par' dir='ltr' id='par_1_31' title="bbox 2206 1554 3807 1623">
     <span class='ocr_line' id='line_1_31' title="bbox 2206 1554 3807 1623; baseline -0.001 -12"><span class='ocrx_word' id='word_1_236' title='bbox 2206 1558 2297 1611; x_wconf 88' lang='lat' dir='ltr'><strong>tibi</strong></span> <span class='ocrx_word' id='word_1_237' title='bbox 2328 1557 2443 1612; x_wconf 59' lang='lat' dir='ltr'><strong>haec</strong></span> <span class='ocrx_word' id='word_1_238' title='bbox 2490 1555 2651 1623; x_wconf 85' lang='lat' dir='ltr'><strong>loqui,</strong></span> <span class='ocrx_word' id='word_1_239' title='bbox 2701 1557 2882 1610; x_wconf 87' lang='lat' dir='ltr'><strong>dicens</strong></span> <span class='ocrx_word' id='word_1_240' title='bbox 2912 1572 2923 1607; x_wconf 88' lang='lat'>:</span> <span class='ocrx_word' id='word_1_241' title='bbox 2956 1554 3012 1608; x_wconf 93' lang='lat' dir='ltr'><strong>Si</strong></span> <span class='ocrx_word' id='word_1_242' title='bbox 3054 1554 3303 1617; x_wconf 85' lang='lat' dir='ltr'><strong>tacueris,</strong></span> <span class='ocrx_word' id='word_1_243' title='bbox 3333 1563 3504 1607; x_wconf 90' lang='lat' dir='ltr'><strong>morte</strong></span> <span class='ocrx_word' id='word_1_244' title='bbox 3547 1556 3807 1621; x_wconf 81' lang='lat' dir='ltr'><strong>pessima</strong></span> 
     </span>
    </p>
   </div>
   <div class='ocr_carea' id='block_1_32' title="bbox 2204 1647 3802 1718">
    <p class='ocr_par' dir='ltr' id='par_1_32' title="bbox 2204 1647 3802 1718">
     <span class='ocr_line' id='line_1_32' title="bbox 2204 1647 3802 1718; baseline -0.002 -14"><span class='ocrx_word' id='word_1_245' title='bbox 2204 1650 2467 1704; x_wconf 87' lang='lat' dir='ltr'><strong>morieris.</strong></span> <span class='ocrx_word' id='word_1_246' title='bbox 2514 1648 2638 1703; x_wconf 67' lang='lat' dir='ltr'><strong>llaec</strong></span> <span class='ocrx_word' id='word_1_247' title='bbox 2688 1663 2755 1702; x_wconf 89' lang='lat' dir='ltr'><strong>eo</strong></span> <span class='ocrx_word' id='word_1_248' title='bbox 2813 1649 3059 1717; x_wconf 86' lang='lat' dir='ltr'><strong>loquente</strong></span> <span class='ocrx_word' id='word_1_249' title='bbox 3092 1688 3105 1710; x_wconf 92' lang='lat'><strong>,</strong></span> <span class='ocrx_word' id='word_1_250' title='bbox 3142 1647 3431 1701; x_wconf 83' lang='lat' dir='ltr'><strong>exterritus</strong></span> <span class='ocrx_word' id='word_1_251' title='bbox 3473 1649 3802 1718; x_wconf 84' lang='lat' dir='ltr'><strong>presbyter,</strong></span> 
     </span>
    </p>
   </div>
   <div class='ocr_carea' id='block_1_33' title="bbox 526 1740 3807 1816">
    <p class='ocr_par' dir='ltr' id='par_1_33' title="bbox 526 1740 3807 1816">
     <span class='ocr_line' id='line_1_33' title="bbox 526 1740 3807 1816; baseline 0.002 -25"><span class='ocrx_word' id='word_1_252' title='bbox 526 1743 769 1799; x_wconf 83' lang='lat' dir='ltr'><strong>timorem</strong></span> <span class='ocrx_word' id='word_1_253' title='bbox 805 1745 922 1799; x_wconf 89' lang='lat' dir='ltr'><strong>talis</strong></span> <span class='ocrx_word' id='word_1_254' title='bbox 961 1746 1256 1814; x_wconf 85' lang='lat' dir='ltr'><strong>prudenti:e</strong></span> <span class='ocrx_word' id='word_1_255' title='bbox 1300 1748 1507 1801; x_wconf 85' lang='lat' dir='ltr'><strong>ratione</strong></span> <span class='ocrx_word' id='word_1_256' title='bbox 1546 1747 1826 1816; x_wconf 82' lang='lat' dir='ltr'><strong>redarguat</strong></span> <span class='ocrx_word' id='word_1_257' title='bbox 1854 1748 1873 1801; x_wconf 87' lang='lat'><strong>?</strong></span> <span class='ocrx_word' id='word_1_258' title='bbox 1899 1748 2023 1802; x_wconf 72' lang='lat' dir='ltr'><strong>llzcc</strong></span> <span class='ocrx_word' id='word_1_259' title='bbox 2045 1760 2097 1804; x_wconf 90' lang='lat' dir='ltr'><strong>et</strong></span> <span class='ocrx_word' id='word_1_260' title='bbox 2132 1746 2173 1802; x_wconf 87' lang='lat' dir='ltr'><strong>B</strong></span> <span class='ocrx_word' id='word_1_261' title='bbox 2201 1745 2382 1810; x_wconf 86' lang='lat' dir='ltr'><strong>elapso</strong></span> <span class='ocrx_word' id='word_1_262' title='bbox 2404 1743 2470 1796; x_wconf 86' lang='lat' dir='ltr'><strong>de</strong></span> <span class='ocrx_word' id='word_1_263' title='bbox 2500 1758 2660 1796; x_wconf 72' lang='lat' dir='ltr'><strong>manu</strong></span> <span class='ocrx_word' id='word_1_264' title='bbox 2691 1742 2859 1796; x_wconf 77' lang='lat' dir='ltr'><strong>calice</strong></span> <span class='ocrx_word' id='word_1_265' title='bbox 2879 1782 2894 1807; x_wconf 81' lang='grc'><strong>,</strong></span> <span class='ocrx_word' id='word_1_266' title='bbox 2920 1740 3159 1795; x_wconf 66' lang='lat' dir='ltr'><strong>reddidit</strong></span> <span class='ocrx_word' id='word_1_267' title='bbox 3187 1740 3433 1807; x_wconf 90' lang='lat' dir='ltr'><strong>spiritum</strong></span> <span class='ocrx_word' id='word_1_268' title='bbox 3467 1758 3480 1793; x_wconf 87' lang='lat'>:</span> <span class='ocrx_word' id='word_1_269' title='bbox 3511 1757 3576 1795; x_wconf 90' lang='lat' dir='ltr'><strong>ac</strong></span> <span class='ocrx_word' id='word_1_270' title='bbox 3606 1742 3681 1795; x_wconf 88' lang='lat' dir='ltr'><strong>de</strong></span> <span class='ocrx_word' id='word_1_271' title='bbox 3706 1758 3807 1799; x_wconf 53' lang='lat' dir='ltr'><strong>re-</strong></span> 
     </span>
    </p>
   </div>
   <div class='ocr_carea' id='block_1_34' title="bbox 532 1834 2102 1906">
    <p class='ocr_par' dir='ltr' id='par_1_34' title="bbox 532 1834 2102 1906">
     <span class='ocr_line' id='line_1_34' title="bbox 532 1834 2102 1906; baseline 0.005 -21"><span class='ocrx_word' id='word_1_272' title='bbox 532 1834 613 1887; x_wconf 90' lang='lat' dir='ltr'><strong>his</strong></span> <span class='ocrx_word' id='word_1_273' title='bbox 645 1836 833 1889; x_wconf 81' lang='lat' dir='ltr'><strong>similia</strong></span> <span class='ocrx_word' id='word_1_274' title='bbox 862 1838 1069 1906; x_wconf 86' lang='lat' dir='ltr'><strong>populis</strong></span> <span class='ocrx_word' id='word_1_275' title='bbox 1116 1853 1234 1891; x_wconf 86' lang='lat' dir='ltr'><strong>cum</strong></span> <span class='ocrx_word' id='word_1_276' title='bbox 1264 1852 1455 1906; x_wconf 87' lang='lat' dir='ltr'><strong>magno</strong></span> <span class='ocrx_word' id='word_1_277' title='bbox 1481 1836 1605 1892; x_wconf 85' lang='lat' dir='ltr'><strong>ﬂetu</strong></span> <span class='ocrx_word' id='word_1_278' title='bbox 1632 1837 1953 1904; x_wconf 83' lang='lat' dir='ltr'><strong>dicentibus,</strong></span> <span class='ocrx_word' id='word_1_279' title='bbox 1987 1850 2102 1893; x_wconf 89' lang='lat' dir='ltr'><strong>tau-</strong></span> 
     </span>
    </p>
   </div>
   <div class='ocr_carea' id='block_1_35' title="bbox 524 1924 2097 1999">
    <p class='ocr_par' dir='ltr' id='par_1_35' title="bbox 524 1924 2097 1999">
     <span class='ocr_line' id='line_1_35' title="bbox 524 1924 2097 1999; baseline 0.004 -21"><span class='ocrx_word' id='word_1_280' title='bbox 524 1924 643 1979; x_wconf 86' lang='lat' dir='ltr'><strong>dem</strong></span> <span class='ocrx_word' id='word_1_281' title='bbox 674 1926 947 1994; x_wconf 84' lang='lat' dir='ltr'><strong>sacerdos,</strong></span> <span class='ocrx_word' id='word_1_282' title='bbox 978 1928 1173 1996; x_wconf 85' lang='lat' dir='ltr'><strong>Spiritu</strong></span> <span class='ocrx_word' id='word_1_283' title='bbox 1201 1929 1252 1982; x_wconf 91' lang='lat' dir='ltr'><strong>in</strong></span> <span class='ocrx_word' id='word_1_284' title='bbox 1280 1943 1338 1982; x_wconf 91' lang='lat' dir='ltr'><strong>se</strong></span> <span class='ocrx_word' id='word_1_285' title='bbox 1361 1938 1544 1983; x_wconf 87' lang='lat' dir='ltr'><strong>sancto</strong></span> <span class='ocrx_word' id='word_1_286' title='bbox 1567 1928 1841 1995; x_wconf 85' lang='lat' dir='ltr'><strong>inﬂuente,</strong></span> <span class='ocrx_word' id='word_1_287' title='bbox 1874 1946 2097 1999; x_wconf 88' lang='lat' dir='ltr'><strong>respou-</strong></span> 
     </span>
    </p>
   </div>
   <div class='ocr_carea' id='block_1_36' title="bbox 525 2015 2099 2090">
    <p class='ocr_par' dir='ltr' id='par_1_36' title="bbox 525 2015 2099 2090">
     <span class='ocr_line' id='line_1_36' title="bbox 525 2015 2099 2090; baseline 0.008 -24"><span class='ocrx_word' id='word_1_288' title='bbox 525 2015 601 2068; x_wconf 87' lang='lat' dir='ltr'><strong>dit</strong></span> <span class='ocrx_word' id='word_1_289' title='bbox 649 2034 661 2067; x_wconf 91' lang='lat'><em>:</em></span> <span class='ocrx_word' id='word_1_290' title='bbox 711 2017 886 2072; x_wconf 89' lang='lat' dir='ltr'><strong>Nolite</strong></span> <span class='ocrx_word' id='word_1_291' title='bbox 941 2021 1172 2083; x_wconf 86' lang='lat' dir='ltr'><strong>timere,</strong></span> <span class='ocrx_word' id='word_1_292' title='bbox 1223 2037 1257 2073; x_wconf 93' lang='grc' dir='ltr'>ο</span> <span class='ocrx_word' id='word_1_293' title='bbox 1306 2021 1507 2090; x_wconf 90' lang='lat' dir='ltr'><strong>populi,</strong></span> <span class='ocrx_word' id='word_1_294' title='bbox 1561 2035 1688 2076; x_wconf 89' lang='lat' dir='ltr'><strong>ecce</strong></span> <span class='ocrx_word' id='word_1_295' title='bbox 1738 2021 1899 2076; x_wconf 87' lang='lat' dir='ltr'><strong>frater</strong></span> <span class='ocrx_word' id='word_1_296' title='bbox 1950 2040 2099 2078; x_wconf 88' lang='lat' dir='ltr'><strong>meus</strong></span> 
     </span>
    </p>
   </div>
   <div class='ocr_carea' id='block_1_37' title="bbox 525 2109 2098 2184">
    <p class='ocr_par' dir='ltr' id='par_1_37' title="bbox 525 2109 2098 2184">
     <span class='ocr_line' id='line_1_37' title="bbox 525 2109 2098 2184; baseline 0.007 -23"><span class='ocrx_word' id='word_1_297' title='bbox 525 2109 862 2174; x_wconf 84' lang='lat' dir='ltr'><strong>Aprunculus</strong></span> <span class='ocrx_word' id='word_1_298' title='bbox 892 2109 1046 2173; x_wconf 85' lang='lat' dir='ltr'><strong>vivit,</strong></span> <span class='ocrx_word' id='word_1_299' title='bbox 1078 2118 1133 2165; x_wconf 90' lang='lat' dir='ltr'><strong>et</strong></span> <span class='ocrx_word' id='word_1_300' title='bbox 1186 2110 1301 2179; x_wconf 86' lang='lat' dir='ltr'><strong>ipse</strong></span> <span class='ocrx_word' id='word_1_301' title='bbox 1349 2110 1454 2165; x_wconf 89' lang='lat' dir='ltr'><strong>erit</strong></span> <span class='ocrx_word' id='word_1_302' title='bbox 1478 2113 1729 2167; x_wconf 83' lang='lat' dir='ltr'><strong>sacerdos</strong></span> <span class='ocrx_word' id='word_1_303' title='bbox 1768 2125 1967 2170; x_wconf 81' lang='lat' dir='ltr'><strong>vester.</strong></span> <span class='ocrx_word' id='word_1_304' title='bbox 1999 2118 2098 2184; x_wconf 84' lang='lat' dir='ltr'><strong>Qui</strong></span> 
     </span>
    </p>
   </div>
   <div class='ocr_carea' id='block_1_38' title="bbox 528 2201 2099 2275">
    <p class='ocr_par' dir='ltr' id='par_1_38' title="bbox 528 2201 2099 2275">
     <span class='ocr_line' id='line_1_38' title="bbox 528 2201 2099 2275; baseline 0.006 -22"><span class='ocrx_word' id='word_1_305' title='bbox 528 2214 636 2254; x_wconf 88' lang='lat' dir='ltr'><strong>non</strong></span> <span class='ocrx_word' id='word_1_306' title='bbox 693 2201 1082 2270; x_wconf 81' lang='lat' dir='ltr'><strong>intelligentes,</strong></span> <span class='ocrx_word' id='word_1_307' title='bbox 1136 2203 1390 2269; x_wconf 79' lang='lat' dir='ltr'><strong>putabant</strong></span> <span class='ocrx_word' id='word_1_308' title='bbox 1444 2218 1562 2257; x_wconf 89' lang='lat' dir='ltr'><strong>eum</strong></span> <span class='ocrx_word' id='word_1_309' title='bbox 1622 2205 1765 2275; x_wconf 90' lang='lat' dir='ltr'><strong>loqui</strong></span> <span class='ocrx_word' id='word_1_310' title='bbox 1808 2208 2001 2275; x_wconf 83' lang='lat' dir='ltr'><strong>aliquid</strong></span> <span class='ocrx_word' id='word_1_311' title='bbox 2048 2211 2099 2263; x_wconf 92' lang='lat' dir='ltr'><strong>in</strong></span> 
     </span>
    </p>
   </div>
   <div class='ocr_carea' id='block_1_39' title="bbox 522 2290 741 2345">
    <p class='ocr_par' dir='ltr' id='par_1_39' title="bbox 522 2290 741 2345">
     <span class='ocr_line' id='line_1_39' title="bbox 522 2290 741 2345; baseline 0 -1"><span class='ocrx_word' id='word_1_312' title='bbox 522 2290 741 2345; x_wconf 88' lang='lat' dir='ltr'><strong>exstasi.</strong></span> 
     </span>
    </p>
   </div>
   <div class='ocr_carea' id='block_1_40' title="bbox 597 2379 2100 2450">
    <p class='ocr_par' dir='ltr' id='par_1_40' title="bbox 597 2379 2100 2450">
     <span class='ocr_line' id='line_1_40' title="bbox 597 2379 2100 2450; baseline 0.007 -18"><span class='ocrx_word' id='word_1_313' title='bbox 597 2382 715 2445; x_wconf 82' lang='lat' dir='ltr'><strong>Quo</strong></span> <span class='ocrx_word' id='word_1_314' title='bbox 745 2380 1003 2448; x_wconf 82' lang='lat' dir='ltr'><strong>migrante</strong></span> <span class='ocrx_word' id='word_1_315' title='bbox 1024 2379 1052 2419; x_wconf 69' lang='grc' dir='ltr'>δ</span> <span class='ocrx_word' id='word_1_316' title='bbox 1080 2423 1095 2447; x_wconf 90' lang='grc'><em>,</em></span> <span class='ocrx_word' id='word_1_317' title='bbox 1126 2383 1405 2450; x_wconf 87' lang='lat' dir='ltr'><strong>presbvter</strong></span> <span class='ocrx_word' id='word_1_318' title='bbox 1442 2383 1529 2437; x_wconf 91' lang='lat' dir='ltr'><strong>ille</strong></span> <span class='ocrx_word' id='word_1_319' title='bbox 1578 2399 1803 2450; x_wconf 87' lang='lat' dir='ltr'><strong>nequam</strong></span> <span class='ocrx_word' id='word_1_320' title='bbox 1828 2428 1844 2449; x_wconf 87' lang='lat'><strong>,</strong></span> <span class='ocrx_word' id='word_1_321' title='bbox 1870 2389 2004 2442; x_wconf 87' lang='lat' dir='ltr'><strong>alter</strong></span> <span class='ocrx_word' id='word_1_322' title='bbox 2034 2403 2100 2442; x_wconf 81' lang='lat' dir='ltr'><strong>ex</strong></span> 
     </span>
    </p>
   </div>
   <div class='ocr_carea' id='block_1_41' title="bbox 523 2469 2101 2540">
    <p class='ocr_par' dir='ltr' id='par_1_41' title="bbox 523 2469 2101 2540">
     <span class='ocr_line' id='line_1_41' title="bbox 523 2469 2101 2540; baseline 0.005 -16"><span class='ocrx_word' id='word_1_323' title='bbox 523 2469 732 2524; x_wconf 90' lang='lat' dir='ltr'><strong>duobus</strong></span> <span class='ocrx_word' id='word_1_324' title='bbox 760 2471 851 2540; x_wconf 91' lang='lat' dir='ltr'><strong>qui</strong></span> <span class='ocrx_word' id='word_1_325' title='bbox 897 2481 1248 2535; x_wconf 78' lang='lat' dir='ltr'><strong>remanserat,</strong></span> <span class='ocrx_word' id='word_1_326' title='bbox 1283 2474 1523 2539; x_wconf 90' lang='lat' dir='ltr'><strong>protinus</strong></span> <span class='ocrx_word' id='word_1_327' title='bbox 1552 2490 1763 2529; x_wconf 88' lang='lat' dir='ltr'><strong>omnem</strong></span> <span class='ocrx_word' id='word_1_328' title='bbox 1795 2476 2101 2532; x_wconf 75' lang='lat' dir='ltr'><strong>facultatem</strong></span> 
     </span>
    </p>
   </div>
   <div class='ocr_carea' id='block_1_42' title="bbox 525 2559 2103 2633">
    <p class='ocr_par' dir='ltr' id='par_1_42' title="bbox 525 2559 2103 2633">
     <span class='ocr_line' id='line_1_42' title="bbox 525 2559 2103 2633; baseline 0.007 -19"><span class='ocrx_word' id='word_1_329' title='bbox 525 2559 779 2615; x_wconf 58' lang='lat' dir='ltr'><strong>Ecclesia!</strong></span> <span class='ocrx_word' id='word_1_330' title='bbox 805 2604 819 2627; x_wconf 94' lang='lat'><strong>,</strong></span> <span class='ocrx_word' id='word_1_331' title='bbox 857 2569 1110 2630; x_wconf 89' lang='lat' dir='ltr'><strong>tauquam</strong></span> <span class='ocrx_word' id='word_1_332' title='bbox 1144 2563 1187 2615; x_wconf 84' lang='lat' dir='ltr'><strong>si</strong></span> <span class='ocrx_word' id='word_1_333' title='bbox 1214 2563 1323 2633; x_wconf 82' lang='lat' dir='ltr'><strong>jam</strong></span> <span class='ocrx_word' id='word_1_334' title='bbox 1371 2564 1652 2633; x_wconf 68' lang='lat' dir='ltr'><strong>episcOpus</strong></span> <span class='ocrx_word' id='word_1_335' title='bbox 1679 2578 1859 2632; x_wconf 88' lang='lat' dir='ltr'><strong>esset,</strong></span> <span class='ocrx_word' id='word_1_336' title='bbox 1892 2570 2103 2625; x_wconf 86' lang='lat' dir='ltr'><strong>inhians</strong></span> 
     </span>
    </p>
   </div>
   <div class='ocr_carea' id='block_1_43' title="bbox 523 2652 2104 2729">
    <p class='ocr_par' dir='ltr' id='par_1_43' title="bbox 523 2652 2104 2729">
     <span class='ocr_line' id='line_1_43' title="bbox 523 2652 2104 2729; baseline 0.006 -22"><span class='ocrx_word' id='word_1_337' title='bbox 523 2652 840 2722; x_wconf 90' lang='lat' dir='ltr'><strong>cupiditate,</strong></span> <span class='ocrx_word' id='word_1_338' title='bbox 895 2665 1271 2723; x_wconf 66' lang='lat' dir='ltr'><strong>praeoccupat,</strong></span> <span class='ocrx_word' id='word_1_339' title='bbox 1325 2655 1547 2711; x_wconf 79' lang='lat' dir='ltr'><strong>dic’ens:</strong></span> <span class='ocrx_word' id='word_1_340' title='bbox 1581 2657 1818 2712; x_wconf 84' lang='lat' dir='ltr'><strong>Tandem</strong></span> <span class='ocrx_word' id='word_1_341' title='bbox 1870 2663 2104 2729; x_wconf 76' lang='lat' dir='ltr'><strong>respexit</strong></span> 
     </span>
    </p>
   </div>
   <div class='ocr_carea' id='block_1_44' title="bbox 523 2746 2099 2819">
    <p class='ocr_par' dir='ltr' id='par_1_44' title="bbox 523 2746 2099 2819">
     <span class='ocr_line' id='line_1_44' title="bbox 523 2746 2099 2819; baseline 0.006 -19"><span class='ocrx_word' id='word_1_342' title='bbox 523 2746 577 2800; x_wconf 90' lang='lat' dir='ltr'><strong>in</strong></span> <span class='ocrx_word' id='word_1_343' title='bbox 610 2762 694 2800; x_wconf 91' lang='lat' dir='ltr'><strong>me</strong></span> <span class='ocrx_word' id='word_1_344' title='bbox 727 2748 885 2811; x_wconf 87' lang='lat' dir='ltr'><strong>Deus,</strong></span> <span class='ocrx_word' id='word_1_345' title='bbox 917 2762 1254 2815; x_wconf 77' lang='lat' dir='ltr'><strong>COgnoscens</strong></span> <span class='ocrx_word' id='word_1_346' title='bbox 1284 2764 1367 2802; x_wconf 89' lang='lat' dir='ltr'><strong>me</strong></span> <span class='ocrx_word' id='word_1_347' title='bbox 1396 2749 1677 2817; x_wconf 83' lang='lat' dir='ltr'><strong>justiorcm</strong></span> <span class='ocrx_word' id='word_1_348' title='bbox 1717 2764 1834 2805; x_wconf 85' lang='lat' dir='ltr'><strong>esse</strong></span> <span class='ocrx_word' id='word_1_349' title='bbox 1862 2751 2099 2819; x_wconf 78' lang='lat' dir='ltr'><strong>Sidonio,</strong></span> 
     </span>
    </p>
   </div>
   <div class='ocr_carea' id='block_1_45' title="bbox 523 2839 2103 2916">
    <p class='ocr_par' dir='ltr' id='par_1_45' title="bbox 523 2839 2103 2916">
     <span class='ocr_line' id='line_1_45' title="bbox 523 2839 2103 2916; baseline 0.005 -23"><span class='ocrx_word' id='word_1_350' title='bbox 523 2839 848 2910; x_wconf 83' lang='lat' dir='ltr'><strong>largitusquc</strong></span> <span class='ocrx_word' id='word_1_351' title='bbox 875 2843 978 2912; x_wconf 85' lang='grc'><strong>75</strong></span> <span class='ocrx_word' id='word_1_352' title='bbox 1009 2853 1091 2897; x_wconf 92' lang='lat' dir='ltr'><strong>est</strong></span> <span class='ocrx_word' id='word_1_353' title='bbox 1136 2843 1262 2897; x_wconf 80' lang='lat' dir='ltr'><strong>mihi</strong></span> <span class='ocrx_word' id='word_1_354' title='bbox 1320 2844 1454 2899; x_wconf 88' lang='lat' dir='ltr'><strong>hanc</strong></span> <span class='ocrx_word' id='word_1_355' title='bbox 1498 2854 1839 2912; x_wconf 87' lang='lat' dir='ltr'><strong>potestatem.</strong></span> <span class='ocrx_word' id='word_1_356' title='bbox 1867 2845 2103 2916; x_wconf 87' lang='lat' dir='ltr'><strong>Cumque</strong></span> 
     </span>
    </p>
   </div>
   <div class='ocr_carea' id='block_1_46' title="bbox 524 2930 2103 3003">
    <p class='ocr_par' dir='ltr' id='par_1_46' title="bbox 524 2930 2103 3003">
     <span class='ocr_line' id='line_1_46' title="bbox 524 2930 2103 3003; baseline 0.005 -17"><span class='ocrx_word' id='word_1_357' title='bbox 524 2930 618 2998; x_wconf 85' lang='lat' dir='ltr'><strong>per</strong></span> <span class='ocrx_word' id='word_1_358' title='bbox 648 2942 810 2988; x_wconf 84' lang='lat' dir='ltr'><strong>totam</strong></span> <span class='ocrx_word' id='word_1_359' title='bbox 845 2939 1027 2990; x_wconf 89' lang='lat' dir='ltr'><strong>urbem</strong></span> <span class='ocrx_word' id='word_1_360' title='bbox 1074 2936 1335 3003; x_wconf 89' lang='lat' dir='ltr'><strong>superbus</strong></span> <span class='ocrx_word' id='word_1_361' title='bbox 1366 2936 1598 2990; x_wconf 85' lang='lat' dir='ltr'><strong>ferretur</strong></span> <span class='ocrx_word' id='word_1_362' title='bbox 1620 2980 1634 3001; x_wconf 93' lang='lat'><strong>,</strong></span> <span class='ocrx_word' id='word_1_363' title='bbox 1667 2939 1984 2995; x_wconf 81' lang='lat' dir='ltr'><strong>adveniente</strong></span> <span class='ocrx_word' id='word_1_364' title='bbox 2013 2940 2103 2994; x_wconf 89' lang='lat' dir='ltr'><strong>die</strong></span> 
     </span>
    </p>
   </div>
   <div class='ocr_carea' id='block_1_47' title="bbox 521 3026 2098 3097">
    <p class='ocr_par' dir='ltr' id='par_1_47' title="bbox 521 3026 2098 3097">
     <span class='ocr_line' id='line_1_47' title="bbox 521 3026 2098 3097; baseline 0.005 -18"><span class='ocrx_word' id='word_1_365' title='bbox 521 3026 809 3094; x_wconf 74' lang='lat' dir='ltr'><strong>dominico,</strong></span> <span class='ocrx_word' id='word_1_366' title='bbox 840 3029 929 3097; x_wconf 88' lang='lat' dir='ltr'><strong>qui</strong></span> <span class='ocrx_word' id='word_1_367' title='bbox 963 3028 1279 3082; x_wconf 84' lang='lat' dir='ltr'><strong>imminebat</strong></span> <span class='ocrx_word' id='word_1_368' title='bbox 1319 3038 1440 3097; x_wconf 92' lang='lat' dir='ltr'><strong>post</strong></span> <span class='ocrx_word' id='word_1_369' title='bbox 1469 3030 1745 3084; x_wconf 87' lang='lat' dir='ltr'><strong>transitum</strong></span> <span class='ocrx_word' id='word_1_370' title='bbox 1777 3033 1947 3086; x_wconf 90' lang='lat' dir='ltr'><strong>sancti</strong></span> <span class='ocrx_word' id='word_1_371' title='bbox 1978 3032 2098 3097; x_wconf 85' lang='lat' dir='ltr'><strong>viri,</strong></span> 
     </span>
    </p>
   </div>
   <div class='ocr_carea' id='block_1_48' title="bbox 2201 1829 3806 1900">
    <p class='ocr_par' dir='ltr' id='par_1_48' title="bbox 2201 1829 3806 1900">
     <span class='ocr_line' id='line_1_48' title="bbox 2201 1829 3806 1900; baseline 0 -13"><span class='ocrx_word' id='word_1_372' title='bbox 2201 1834 2381 1887; x_wconf 88' lang='lat' dir='ltr'><strong>cubitu</strong></span> <span class='ocrx_word' id='word_1_373' title='bbox 2410 1832 2618 1887; x_wconf 89' lang='lat' dir='ltr'><strong>ablatus</strong></span> <span class='ocrx_word' id='word_1_374' title='bbox 2646 1843 2884 1886; x_wconf 89' lang='lat' dir='ltr'><strong>mortuus</strong></span> <span class='ocrx_word' id='word_1_375' title='bbox 2910 1830 3198 1899; x_wconf 82' lang='lat' dir='ltr'><strong>sepultura:</strong></span> <span class='ocrx_word' id='word_1_376' title='bbox 3220 1829 3495 1885; x_wconf 88' lang='lat' dir='ltr'><strong>mandatus</strong></span> <span class='ocrx_word' id='word_1_377' title='bbox 3516 1840 3623 1897; x_wconf 88' lang='lat' dir='ltr'><strong>est,</strong></span> <span class='ocrx_word' id='word_1_378' title='bbox 3663 1848 3806 1900; x_wconf 80' lang='lat' dir='ltr'><strong>pos-</strong></span> 
     </span>
    </p>
   </div>
   <div class='ocr_carea' id='block_1_49' title="bbox 2202 1923 3803 1994">
    <p class='ocr_par' dir='ltr' id='par_1_49' title="bbox 2202 1923 3803 1994">
     <span class='ocr_line' id='line_1_49' title="bbox 2202 1923 3803 1994; baseline 0.002 -18"><span class='ocrx_word' id='word_1_379' title='bbox 2202 1939 2449 1979; x_wconf 85' lang='lat' dir='ltr'><strong>sessurus</strong></span> <span class='ocrx_word' id='word_1_380' title='bbox 2485 1924 2754 1979; x_wconf 88' lang='lat' dir='ltr'><strong>infernum</strong></span> <span class='ocrx_word' id='word_1_381' title='bbox 2782 1924 2891 1994; x_wconf 78' lang='lat'><strong>76</strong></span> <span class='ocrx_word' id='word_1_382' title='bbox 2917 1939 3038 1978; x_wconf 86' lang='lat' dir='ltr'><strong>cum</strong></span> <span class='ocrx_word' id='word_1_383' title='bbox 3075 1923 3305 1977; x_wconf 87' lang='lat' dir='ltr'><strong>satellite</strong></span> <span class='ocrx_word' id='word_1_384' title='bbox 3335 1938 3448 1977; x_wconf 86' lang='lat' dir='ltr'><strong>suo.</strong></span> <span class='ocrx_word' id='word_1_385' title='bbox 3477 1923 3607 1977; x_wconf 85' lang='lat' dir='ltr'><strong>Tale</strong></span> <span class='ocrx_word' id='word_1_386' title='bbox 3632 1924 3803 1993; x_wconf 83' lang='lat' dir='ltr'><strong>judi-</strong></span> 
     </span>
    </p>
   </div>
   <div class='ocr_carea' id='block_1_50' title="bbox 2202 2014 3801 2086">
    <p class='ocr_par' dir='ltr' id='par_1_50' title="bbox 2202 2014 3801 2086">
     <span class='ocr_line' id='line_1_50' title="bbox 2202 2014 3801 2086; baseline -0.003 -13"><span class='ocrx_word' id='word_1_387' title='bbox 2202 2018 2341 2073; x_wconf 88' lang='lat' dir='ltr'><strong>cium</strong></span> <span class='ocrx_word' id='word_1_388' title='bbox 2367 2032 2528 2086; x_wconf 85' lang='lat' dir='ltr'><strong>super</strong></span> <span class='ocrx_word' id='word_1_389' title='bbox 2578 2027 2923 2071; x_wconf 88' lang='lat' dir='ltr'><strong>contumaces</strong></span> <span class='ocrx_word' id='word_1_390' title='bbox 2970 2015 3195 2069; x_wconf 84' lang='lat' dir='ltr'><strong>clericos</strong></span> <span class='ocrx_word' id='word_1_391' title='bbox 3247 2014 3497 2068; x_wconf 87' lang='lat' dir='ltr'><strong>Dominus</strong></span> <span class='ocrx_word' id='word_1_392' title='bbox 3524 2014 3577 2067; x_wconf 92' lang='lat' dir='ltr'><strong>in</strong></span> <span class='ocrx_word' id='word_1_393' title='bbox 3638 2015 3801 2070; x_wconf 83' lang='lat' dir='ltr'><strong>hunc</strong></span> 
     </span>
    </p>
   </div>
   <div class='ocr_carea' id='block_1_51' title="bbox 2203 2106 3803 2177">
    <p class='ocr_par' dir='ltr' id='par_1_51' title="bbox 2203 2106 3803 2177">
     <span class='ocr_line' id='line_1_51' title="bbox 2203 2106 3803 2177; baseline -0.002 -13"><span class='ocrx_word' id='word_1_394' title='bbox 2203 2111 2435 2177; x_wconf 74' lang='lat' dir='ltr'><strong>praetulit</strong></span> <span class='ocrx_word' id='word_1_395' title='bbox 2482 2110 2760 2171; x_wconf 85' lang='lat' dir='ltr'><strong>mundum,</strong></span> <span class='ocrx_word' id='word_1_396' title='bbox 2793 2117 2851 2163; x_wconf 92' lang='lat' dir='ltr'><strong>ut</strong></span> <span class='ocrx_word' id='word_1_397' title='bbox 2878 2123 3012 2161; x_wconf 91' lang='lat' dir='ltr'><strong>unus</strong></span> <span class='ocrx_word' id='word_1_398' title='bbox 3060 2107 3171 2161; x_wconf 89' lang='lat' dir='ltr'><strong>Arii</strong></span> <span class='ocrx_word' id='word_1_399' title='bbox 3201 2106 3483 2160; x_wconf 87' lang='lat' dir='ltr'><strong>sortiretur</strong></span> <span class='ocrx_word' id='word_1_400' title='bbox 3513 2116 3803 2170; x_wconf 85' lang='lat' dir='ltr'><strong>mortem;</strong></span> 
     </span>
    </p>
   </div>
   <div class='ocr_carea' id='block_1_52' title="bbox 2202 2198 3806 2271">
    <p class='ocr_par' dir='ltr' id='par_1_52' title="bbox 2202 2198 3806 2271">
     <span class='ocr_line' id='line_1_52' title="bbox 2202 2198 3806 2271; baseline -0.001 -15"><span class='ocrx_word' id='word_1_401' title='bbox 2202 2205 2359 2269; x_wconf 85' lang='lat' dir='ltr'><strong>alios,</strong></span> <span class='ocrx_word' id='word_1_402' title='bbox 2393 2212 2640 2271; x_wconf 89' lang='lat' dir='ltr'><strong>tanquam</strong></span> <span class='ocrx_word' id='word_1_403' title='bbox 2690 2201 2873 2255; x_wconf 87' lang='lat' dir='ltr'><strong>Simon</strong></span> <span class='ocrx_word' id='word_1_404' title='bbox 2928 2198 3143 2268; x_wconf 85' lang='lat' dir='ltr'><strong>Magus,</strong></span> <span class='ocrx_word' id='word_1_405' title='bbox 3194 2198 3419 2267; x_wconf 81' lang='lat' dir='ltr'><strong>apostoli</strong></span> <span class='ocrx_word' id='word_1_406' title='bbox 3460 2198 3637 2252; x_wconf 82' lang='lat' dir='ltr'><strong>sancti</strong></span> <span class='ocrx_word' id='word_1_407' title='bbox 3669 2215 3806 2254; x_wconf 86' lang='lat' dir='ltr'><strong>ora-</strong></span> 
     </span>
    </p>
   </div>
   <div class='ocr_carea' id='block_1_53' title="bbox 2206 2290 3804 2361">
    <p class='ocr_par' dir='ltr' id='par_1_53' title="bbox 2206 2290 3804 2361">
     <span class='ocr_line' id='line_1_53' title="bbox 2206 2290 3804 2361; baseline 0.001 -14"><span class='ocrx_word' id='word_1_408' title='bbox 2206 2294 2348 2349; x_wconf 91' lang='lat' dir='ltr'><strong>tione</strong></span> <span class='ocrx_word' id='word_1_409' title='bbox 2375 2294 2441 2349; x_wconf 91' lang='lat' dir='ltr'><strong>ab</strong></span> <span class='ocrx_word' id='word_1_410' title='bbox 2467 2295 2678 2349; x_wconf 86' lang='lat' dir='ltr'><strong>excelsa</strong></span> <span class='ocrx_word' id='word_1_411' title='bbox 2706 2308 2830 2347; x_wconf 89' lang='lat' dir='ltr'><strong>arce</strong></span> <span class='ocrx_word' id='word_1_412' title='bbox 2873 2292 3136 2361; x_wconf 74' lang='lat' dir='ltr'><strong>superbia:</strong></span> <span class='ocrx_word' id='word_1_413' title='bbox 3167 2306 3406 2361; x_wconf 83' lang='lat' dir='ltr'><strong>praeceps</strong></span> <span class='ocrx_word' id='word_1_414' title='bbox 3446 2290 3804 2348; x_wconf 86' lang='lat' dir='ltr'><strong>allideretur.</strong></span> 
     </span>
    </p>
   </div>
   <div class='ocr_carea' id='block_1_54' title="bbox 2202 2382 3805 2454">
    <p class='ocr_par' dir='ltr' id='par_1_54' title="bbox 2202 2382 3805 2454">
     <span class='ocr_line' id='line_1_54' title="bbox 2202 2382 3805 2454; baseline 0 -17"><span class='ocrx_word' id='word_1_415' title='bbox 2202 2385 2302 2451; x_wconf 86' lang='lat' dir='ltr'><strong>Qui</strong></span> <span class='ocrx_word' id='word_1_416' title='bbox 2332 2400 2437 2439; x_wconf 93' lang='lat' dir='ltr'><strong>non</strong></span> <span class='ocrx_word' id='word_1_417' title='bbox 2480 2385 2821 2452; x_wconf 85' lang='lat' dir='ltr'><strong>ambiguntur</strong></span> <span class='ocrx_word' id='word_1_418' title='bbox 2850 2385 3048 2450; x_wconf 86' lang='lat' dir='ltr'><strong>pariter</strong></span> <span class='ocrx_word' id='word_1_419' title='bbox 3078 2382 3352 2450; x_wconf 89' lang='lat' dir='ltr'><strong>possidere</strong></span> <span class='ocrx_word' id='word_1_420' title='bbox 3379 2390 3665 2450; x_wconf 90' lang='lat' dir='ltr'><strong>tartarum,</strong></span> <span class='ocrx_word' id='word_1_421' title='bbox 3702 2386 3805 2454; x_wconf 89' lang='lat' dir='ltr'><strong>qui</strong></span> 
     </span>
    </p>
   </div>
   <div class='ocr_carea' id='block_1_55' title="bbox 2202 2475 3803 2544">
    <p class='ocr_par' dir='ltr' id='par_1_55' title="bbox 2202 2475 3803 2544">
     <span class='ocr_line' id='line_1_55' title="bbox 2202 2475 3803 2544; baseline 0 -14"><span class='ocrx_word' id='word_1_422' title='bbox 2202 2476 2359 2530; x_wconf 86' lang='lat' dir='ltr'><strong>simul</strong></span> <span class='ocrx_word' id='word_1_423' title='bbox 2388 2484 2614 2544; x_wconf 83' lang='lat' dir='ltr'><strong>egerunt</strong></span> <span class='ocrx_word' id='word_1_424' title='bbox 2664 2475 2909 2544; x_wconf 90' lang='lat' dir='ltr'><strong>nequiter</strong></span> <span class='ocrx_word' id='word_1_425' title='bbox 2949 2484 3132 2527; x_wconf 89' lang='lat' dir='ltr'><strong>contra</strong></span> <span class='ocrx_word' id='word_1_426' title='bbox 3175 2482 3420 2528; x_wconf 90' lang='lat' dir='ltr'><strong>sanctum</strong></span> <span class='ocrx_word' id='word_1_427' title='bbox 3470 2475 3803 2543; x_wconf 87' lang='lat' dir='ltr'><strong>episcopum</strong></span> 
     </span>
    </p>
   </div>
   <div class='ocr_carea' id='block_1_56' title="bbox 2203 2562 3808 2637">
    <p class='ocr_par' dir='ltr' id='par_1_56' title="bbox 2203 2562 3808 2637">
     <span class='ocr_line' id='line_1_56' title="bbox 2203 2562 3808 2637; baseline 0.003 -18"><span class='ocrx_word' id='word_1_428' title='bbox 2203 2579 2377 2620; x_wconf 90' lang='lat' dir='ltr'><strong>suum.</strong></span> <span class='ocrx_word' id='word_1_429' title='bbox 2409 2566 2614 2621; x_wconf 87' lang='lat' dir='ltr'><strong>Interea</strong></span> <span class='ocrx_word' id='word_1_430' title='bbox 2644 2581 2764 2620; x_wconf 91' lang='lat' dir='ltr'><strong>cum</strong></span> <span class='ocrx_word' id='word_1_431' title='bbox 2802 2566 2910 2637; x_wconf 90' lang='lat' dir='ltr'><strong>jam</strong></span> <span class='ocrx_word' id='word_1_432' title='bbox 2946 2576 3120 2620; x_wconf 91' lang='lat' dir='ltr'><strong>terror</strong></span> <span class='ocrx_word' id='word_1_433' title='bbox 3151 2562 3475 2621; x_wconf 82' lang='lat' dir='ltr'><strong>Francorum</strong></span> <span class='ocrx_word' id='word_1_434' title='bbox 3502 2583 3808 2624; x_wconf 82' lang='lat' dir='ltr'><strong>resonaret</strong></span> 
     </span>
    </p>
   </div>
   <div class='ocr_carea' id='block_1_57' title="bbox 2203 2656 3807 2725">
    <p class='ocr_par' dir='ltr' id='par_1_57' title="bbox 2203 2656 3807 2725">
     <span class='ocr_line' id='line_1_57' title="bbox 2203 2656 3807 2725; baseline 0.004 -14"><span class='ocrx_word' id='word_1_435' title='bbox 2203 2656 2257 2711; x_wconf 91' lang='lat' dir='ltr'><strong>in</strong></span> <span class='ocrx_word' id='word_1_436' title='bbox 2304 2657 2384 2711; x_wconf 90' lang='lat' dir='ltr'><strong>his</strong></span> <span class='ocrx_word' id='word_1_437' title='bbox 2441 2658 2697 2725; x_wconf 88' lang='lat' dir='ltr'><strong>partibus,</strong></span> <span class='ocrx_word' id='word_1_438' title='bbox 2750 2668 2805 2712; x_wconf 89' lang='lat' dir='ltr'><strong>et</strong></span> <span class='ocrx_word' id='word_1_439' title='bbox 2851 2672 3039 2713; x_wconf 91' lang='lat' dir='ltr'><strong>omnes</strong></span> <span class='ocrx_word' id='word_1_440' title='bbox 3078 2674 3173 2713; x_wconf 90' lang='lat' dir='ltr'><strong>eos</strong></span> <span class='ocrx_word' id='word_1_441' title='bbox 3210 2673 3396 2712; x_wconf 87' lang='lat' dir='ltr'><strong>amore</strong></span> <span class='ocrx_word' id='word_1_442' title='bbox 3436 2659 3807 2718; x_wconf 86' lang='lat' dir='ltr'><strong>desiderabili</strong></span> 
     </span>
    </p>
   </div>
   <div class='ocr_carea' id='block_1_58' title="bbox 2202 2751 3807 2823">
    <p class='ocr_par' dir='ltr' id='par_1_58' title="bbox 2202 2751 3807 2823">
     <span class='ocr_line' id='line_1_58' title="bbox 2202 2751 3807 2823; baseline 0.006 -22"><span class='ocrx_word' id='word_1_443' title='bbox 2202 2759 2463 2816; x_wconf 88' lang='lat' dir='ltr'><strong>cuperent</strong></span> <span class='ocrx_word' id='word_1_444' title='bbox 2516 2764 2766 2818; x_wconf 84' lang='lat' dir='ltr'><strong>regnare,</strong></span> <span class='ocrx_word' id='word_1_445' title='bbox 2816 2759 3032 2805; x_wconf 80' lang='lat' dir='ltr'><strong>sanctus</strong></span> <span class='ocrx_word' id='word_1_446' title='bbox 3088 2751 3445 2820; x_wconf 85' lang='lat' dir='ltr'><strong>Aprunculus,</strong></span> <span class='ocrx_word' id='word_1_447' title='bbox 3478 2753 3807 2823; x_wconf 72' lang='lat' dir='ltr'><strong>Lingonicaa</strong></span> 
     </span>
    </p>
   </div>
   <div class='ocr_carea' id='block_1_59' title="bbox 2202 2843 3805 2915">
    <p class='ocr_par' dir='ltr' id='par_1_59' title="bbox 2202 2843 3805 2915">
     <span class='ocr_line' id='line_1_59' title="bbox 2202 2843 3805 2915; baseline 0.004 -19"><span class='ocrx_word' id='word_1_448' title='bbox 2202 2843 2432 2898; x_wconf 89' lang='lat' dir='ltr'><strong>civitatis</strong></span> <span class='ocrx_word' id='word_1_449' title='bbox 2460 2843 2744 2914; x_wconf 90' lang='lat' dir='ltr'><strong>episcopus</strong></span> <span class='ocrx_word' id='word_1_450' title='bbox 2776 2855 2833 2907; x_wconf 69' lang='grc' dir='ltr'>ε,</span> <span class='ocrx_word' id='word_1_451' title='bbox 2865 2845 3002 2910; x_wconf 90' lang='lat' dir='ltr'><strong>apud</strong></span> <span class='ocrx_word' id='word_1_452' title='bbox 3050 2844 3453 2914; x_wconf 87' lang='lat' dir='ltr'><strong>Burgundiones</strong></span> <span class='ocrx_word' id='word_1_453' title='bbox 3494 2850 3667 2915; x_wconf 76' lang='lat' dir='ltr'><strong>C(Bpil</strong></span> <span class='ocrx_word' id='word_1_454' title='bbox 3704 2850 3805 2903; x_wconf 88' lang='lat' dir='ltr'><strong>ha-</strong></span> 
     </span>
    </p>
   </div>
   <div class='ocr_carea' id='block_1_60' title="bbox 2205 2935 3806 3005">
    <p class='ocr_par' dir='ltr' id='par_1_60' title="bbox 2205 2935 3806 3005">
     <span class='ocr_line' id='line_1_60' title="bbox 2205 2935 3806 3005; baseline 0.005 -15"><span class='ocrx_word' id='word_1_455' title='bbox 2205 2935 2319 2991; x_wconf 89' lang='lat' dir='ltr'><strong>beri</strong></span> <span class='ocrx_word' id='word_1_456' title='bbox 2347 2944 2647 3003; x_wconf 88' lang='lat' dir='ltr'><strong>suspectus.</strong></span> <span class='ocrx_word' id='word_1_457' title='bbox 2687 2935 2925 3005; x_wconf 89' lang='lat' dir='ltr'><strong>Cumque</strong></span> <span class='ocrx_word' id='word_1_458' title='bbox 2953 2937 3130 2991; x_wconf 92' lang='lat' dir='ltr'><strong>odium</strong></span> <span class='ocrx_word' id='word_1_459' title='bbox 3158 2938 3224 2991; x_wconf 91' lang='lat' dir='ltr'><strong>de</strong></span> <span class='ocrx_word' id='word_1_460' title='bbox 3250 2938 3337 2993; x_wconf 93' lang='lat' dir='ltr'><strong>die</strong></span> <span class='ocrx_word' id='word_1_461' title='bbox 3367 2939 3419 2991; x_wconf 93' lang='lat' dir='ltr'><strong>in</strong></span> <span class='ocrx_word' id='word_1_462' title='bbox 3459 2938 3607 2994; x_wconf 88' lang='lat' dir='ltr'><strong>diem</strong></span> <span class='ocrx_word' id='word_1_463' title='bbox 3640 2956 3806 2998; x_wconf 84' lang='lat' dir='ltr'><strong>cres-</strong></span> 
     </span>
    </p>
   </div>
   <div class='ocr_carea' id='block_1_61' title="bbox 2203 3025 3807 3099">
    <p class='ocr_par' dir='ltr' id='par_1_61' title="bbox 2203 3025 3807 3099">
     <span class='ocr_line' id='line_1_61' title="bbox 2203 3025 3807 3099; baseline 0.006 -18"><span class='ocrx_word' id='word_1_464' title='bbox 2203 3034 2372 3091; x_wconf 87' lang='lat' dir='ltr'><strong>ceret,</strong></span> <span class='ocrx_word' id='word_1_465' title='bbox 2418 3025 2624 3096; x_wconf 87' lang='lat' dir='ltr'><strong>jussum</strong></span> <span class='ocrx_word' id='word_1_466' title='bbox 2655 3035 2821 3081; x_wconf 91' lang='lat' dir='ltr'><strong>estut</strong></span> <span class='ocrx_word' id='word_1_467' title='bbox 2870 3029 3007 3081; x_wconf 90' lang='lat' dir='ltr'><strong>clam</strong></span> <span class='ocrx_word' id='word_1_468' title='bbox 3058 3029 3236 3097; x_wconf 84' lang='lat' dir='ltr'><strong>gladio</strong></span> <span class='ocrx_word' id='word_1_469' title='bbox 3286 3030 3551 3086; x_wconf 87' lang='lat' dir='ltr'><strong>feriretur.</strong></span> <span class='ocrx_word' id='word_1_470' title='bbox 3580 3032 3807 3099; x_wconf 84' lang='lat' dir='ltr'><strong>Quoad</strong></span> 
     </span>
    </p>
   </div>
   <div class='ocr_carea' id='block_1_62' title="bbox 522 3119 3805 3196">
    <p class='ocr_par' dir='ltr' id='par_1_62' title="bbox 522 3119 3805 3196">
     <span class='ocr_line' id='line_1_62' title="bbox 522 3119 3805 3196; baseline 0.003 -25"><span class='ocrx_word' id='word_1_471' title='bbox 522 3128 821 3187; x_wconf 71' lang='lat' dir='ltr'><strong>praeparato</strong></span> <span class='ocrx_word' id='word_1_472' title='bbox 848 3122 1025 3188; x_wconf 87' lang='lat' dir='ltr'><strong>epulo,</strong></span> <span class='ocrx_word' id='word_1_473' title='bbox 1057 3122 1217 3188; x_wconf 60' lang='grc' dir='ltr'><strong>Ῑυεηίι</strong></span> <span class='ocrx_word' id='word_1_474' title='bbox 1241 3130 1464 3177; x_wconf 87' lang='lat' dir='ltr'><strong>cunctos</strong></span> <span class='ocrx_word' id='word_1_475' title='bbox 1487 3123 1632 3178; x_wconf 90' lang='lat' dir='ltr'><strong>cives</strong></span> <span class='ocrx_word' id='word_1_476' title='bbox 1656 3125 1707 3177; x_wconf 91' lang='lat' dir='ltr'><strong>in</strong></span> <span class='ocrx_word' id='word_1_477' title='bbox 1736 3123 1899 3179; x_wconf 87' lang='lat' dir='ltr'><strong>domo</strong></span> <span class='ocrx_word' id='word_1_478' title='bbox 1926 3126 2098 3181; x_wconf 90' lang='lat' dir='ltr'><strong>eccle-</strong></span> <span class='ocrx_word' id='word_1_479' title='bbox 2127 3119 2173 3181; x_wconf 90' lang='lat' dir='ltr'>C</span> <span class='ocrx_word' id='word_1_480' title='bbox 2202 3133 2327 3173; x_wconf 78' lang='lat' dir='ltr'><strong>eum</strong></span> <span class='ocrx_word' id='word_1_481' title='bbox 2371 3120 2576 3187; x_wconf 86' lang='lat' dir='ltr'><strong>perlato</strong></span> <span class='ocrx_word' id='word_1_482' title='bbox 2606 3119 2812 3187; x_wconf 90' lang='lat' dir='ltr'><strong>nuntio,</strong></span> <span class='ocrx_word' id='word_1_483' title='bbox 2862 3130 3016 3174; x_wconf 91' lang='lat' dir='ltr'><strong>nocte</strong></span> <span class='ocrx_word' id='word_1_484' title='bbox 3042 3120 3069 3173; x_wconf 74' lang='grc' dir='ltr'>ξι</span> <span class='ocrx_word' id='word_1_485' title='bbox 3115 3129 3291 3175; x_wconf 87' lang='lat' dir='ltr'><strong>castro</strong></span> <span class='ocrx_word' id='word_1_486' title='bbox 3337 3122 3648 3178; x_wconf 89' lang='lat' dir='ltr'><strong>Divionensi</strong></span> <span class='ocrx_word' id='word_1_487' title='bbox 3701 3142 3805 3196; x_wconf 78' lang='lat' dir='ltr'><strong>per</strong></span> 
     </span>
    </p>
   </div>
   <div class='ocr_carea' id='block_1_63' title="bbox 521 3210 2099 3283">
    <p class='ocr_par' dir='ltr' id='par_1_63' title="bbox 521 3210 2099 3283">
     <span class='ocr_line' id='line_1_63' title="bbox 521 3210 2099 3283; baseline 0.005 -21"><span class='ocrx_word' id='word_1_488' title='bbox 521 3210 613 3262; x_wconf 78' lang='lat' dir='ltr'><strong>size</strong></span> <span class='ocrx_word' id='word_1_489' title='bbox 645 3220 666 3247; x_wconf 72' lang='grc' dir='ltr'><strong>ε</strong></span> <span class='ocrx_word' id='word_1_490' title='bbox 701 3211 948 3264; x_wconf 85' lang='lat' dir='ltr'><strong>invitari:</strong></span> <span class='ocrx_word' id='word_1_491' title='bbox 999 3212 1373 3280; x_wconf 69' lang='lat' dir='ltr'><strong>despectis-que</strong></span> <span class='ocrx_word' id='word_1_492' title='bbox 1417 3212 1752 3277; x_wconf 81' lang='lat' dir='ltr'><strong>senioribus,</strong></span> <span class='ocrx_word' id='word_1_493' title='bbox 1788 3214 1984 3283; x_wconf 89' lang='lat' dir='ltr'><strong>primus</strong></span> <span class='ocrx_word' id='word_1_494' title='bbox 2015 3232 2099 3270; x_wconf 90' lang='lat' dir='ltr'><strong>re-</strong></span> 
     </span>
    </p>
   </div>
   <div class='ocr_carea' id='block_1_64' title="bbox 520 3302 2094 3376">
    <p class='ocr_par' dir='ltr' id='par_1_64' title="bbox 520 3302 2094 3376">
     <span class='ocr_line' id='line_1_64' title="bbox 520 3302 2094 3376; baseline 0.008 -24"><span class='ocrx_word' id='word_1_495' title='bbox 520 3302 724 3355; x_wconf 80' lang='lat' dir='ltr'><strong>cumbit</strong></span> <span class='ocrx_word' id='word_1_496' title='bbox 780 3303 833 3356; x_wconf 91' lang='lat' dir='ltr'><strong>in</strong></span> <span class='ocrx_word' id='word_1_497' title='bbox 881 3312 1017 3357; x_wconf 90' lang='lat' dir='ltr'><strong>toro.</strong></span> <span class='ocrx_word' id='word_1_498' title='bbox 1046 3302 1142 3357; x_wconf 89' lang='lat' dir='ltr'><strong>Cui</strong></span> <span class='ocrx_word' id='word_1_499' title='bbox 1195 3304 1372 3358; x_wconf 86' lang='lat' dir='ltr'><strong>oblato</strong></span> <span class='ocrx_word' id='word_1_500' title='bbox 1403 3305 1655 3374; x_wconf 90' lang='lat' dir='ltr'><strong>piucerna</strong></span> <span class='ocrx_word' id='word_1_501' title='bbox 1714 3309 1924 3376; x_wconf 90' lang='lat' dir='ltr'><strong>poculo,</strong></span> <span class='ocrx_word' id='word_1_502' title='bbox 1982 3310 2094 3364; x_wconf 89' lang='lat' dir='ltr'><strong>ait:</strong></span> 
     </span>
    </p>
   </div>
   <div class='ocr_carea' id='block_1_65' title="bbox 524 3393 2093 3467">
    <p class='ocr_par' dir='ltr' id='par_1_65' title="bbox 524 3393 2093 3467">
     <span class='ocr_line' id='line_1_65' title="bbox 524 3393 2093 3467; baseline 0.005 -19"><span class='ocrx_word' id='word_1_503' title='bbox 524 3393 744 3448; x_wconf 87' lang='lat' dir='ltr'><strong>Domine</strong></span> <span class='ocrx_word' id='word_1_504' title='bbox 773 3396 866 3457; x_wconf 91' lang='lat' dir='ltr'><strong>mi,</strong></span> <span class='ocrx_word' id='word_1_505' title='bbox 891 3395 994 3449; x_wconf 87' lang='lat' dir='ltr'><strong>vidi</strong></span> <span class='ocrx_word' id='word_1_506' title='bbox 1016 3398 1306 3459; x_wconf 88' lang='lat' dir='ltr'><strong>somnium.</strong></span> <span class='ocrx_word' id='word_1_507' title='bbox 1335 3399 1471 3467; x_wconf 91' lang='lat' dir='ltr'><strong>quod</strong></span> <span class='ocrx_word' id='word_1_508' title='bbox 1502 3399 1545 3452; x_wconf 87' lang='lat' dir='ltr'><strong>si</strong></span> <span class='ocrx_word' id='word_1_509' title='bbox 1566 3401 1829 3467; x_wconf 86' lang='lat' dir='ltr'><strong>permittis</strong></span> <span class='ocrx_word' id='word_1_510' title='bbox 1849 3400 2056 3455; x_wconf 88' lang='lat' dir='ltr'><strong>edicam</strong></span> <span class='ocrx_word' id='word_1_511' title='bbox 2081 3422 2093 3456; x_wconf 92' lang='lat'><strong>:</strong></span> 
     </span>
    </p>
   </div>
   <div class='ocr_carea' id='block_1_66' title="bbox 518 3484 2098 3553">
    <p class='ocr_par' dir='ltr' id='par_1_66' title="bbox 518 3484 2098 3553">
     <span class='ocr_line' id='line_1_66' title="bbox 518 3484 2098 3553; baseline 0.006 -14"><span class='ocrx_word' id='word_1_512' title='bbox 518 3484 777 3539; x_wconf 79' lang='lat' dir='ltr'><strong>Videbam</strong></span> <span class='ocrx_word' id='word_1_513' title='bbox 829 3486 1108 3542; x_wconf 81' lang='lat' dir='ltr'><strong>liacuoete</strong></span> <span class='ocrx_word' id='word_1_514' title='bbox 1158 3488 1454 3553; x_wconf 89' lang='lat' dir='ltr'><strong>dominica,</strong></span> <span class='ocrx_word' id='word_1_515' title='bbox 1496 3500 1549 3543; x_wconf 88' lang='lat' dir='ltr'><strong>et</strong></span> <span class='ocrx_word' id='word_1_516' title='bbox 1577 3505 1702 3545; x_wconf 88' lang='lat' dir='ltr'><strong>ecce</strong></span> <span class='ocrx_word' id='word_1_517' title='bbox 1740 3501 1855 3546; x_wconf 86' lang='lat' dir='ltr'><strong>erat</strong></span> <span class='ocrx_word' id='word_1_518' title='bbox 1906 3492 2098 3549; x_wconf 89' lang='lat' dir='ltr'><strong>domus</strong></span> 
     </span>
    </p>
   </div>
   <div class='ocr_carea' id='block_1_67' title="bbox 520 3578 2096 3655">
    <p class='ocr_par' dir='ltr' id='par_1_67' title="bbox 520 3578 2096 3655">
     <span class='ocr_line' id='line_1_67' title="bbox 520 3578 2096 3655; baseline 0.008 -25"><span class='ocrx_word' id='word_1_519' title='bbox 520 3593 730 3645; x_wconf 75' lang='lat' dir='ltr'><strong>magna,</strong></span> <span class='ocrx_word' id='word_1_520' title='bbox 758 3589 810 3631; x_wconf 92' lang='lat' dir='ltr'><strong>et</strong></span> <span class='ocrx_word' id='word_1_521' title='bbox 832 3578 884 3631; x_wconf 93' lang='lat' dir='ltr'><strong>iu</strong></span> <span class='ocrx_word' id='word_1_522' title='bbox 914 3579 1072 3634; x_wconf 90' lang='lat' dir='ltr'><strong>domo</strong></span> <span class='ocrx_word' id='word_1_523' title='bbox 1096 3591 1211 3633; x_wconf 90' lang='lat' dir='ltr'><strong>erat</strong></span> <span class='ocrx_word' id='word_1_524' title='bbox 1235 3580 1458 3635; x_wconf 90' lang='lat' dir='ltr'><strong>thronus</strong></span> <span class='ocrx_word' id='word_1_525' title='bbox 1482 3583 1705 3649; x_wconf 88' lang='lat' dir='ltr'><strong>positus,</strong></span> <span class='ocrx_word' id='word_1_526' title='bbox 1738 3584 1788 3638; x_wconf 92' lang='lat' dir='ltr'><strong>in</strong></span> <span class='ocrx_word' id='word_1_527' title='bbox 1810 3600 1916 3653; x_wconf 91' lang='lat' dir='ltr'><strong>quo</strong></span> <span class='ocrx_word' id='word_1_528' title='bbox 1945 3587 2096 3655; x_wconf 88' lang='lat' dir='ltr'><strong>quasi</strong></span> 
     </span>
    </p>
   </div>
   <div class='ocr_carea' id='block_1_68' title="bbox 514 3668 2095 3743">
    <p class='ocr_par' dir='ltr' id='par_1_68' title="bbox 514 3668 2095 3743">
     <span class='ocr_line' id='line_1_68' title="bbox 514 3668 2095 3743; baseline 0.006 -21"><span class='ocrx_word' id='word_1_529' title='bbox 514 3668 681 3742; x_wconf 91' lang='lat' dir='ltr'><strong>judex</strong></span> <span class='ocrx_word' id='word_1_530' title='bbox 719 3670 1026 3737; x_wconf 85' lang='lat' dir='ltr'><strong>residebat,</strong></span> <span class='ocrx_word' id='word_1_531' title='bbox 1057 3672 1266 3726; x_wconf 87' lang='lat' dir='ltr'><strong>cunctis</strong></span> <span class='ocrx_word' id='word_1_532' title='bbox 1301 3683 1564 3739; x_wconf 89' lang='lat' dir='ltr'><strong>potestate</strong></span> <span class='ocrx_word' id='word_1_533' title='bbox 1596 3677 1934 3743; x_wconf 64' lang='lat' dir='ltr'><strong>praastantior</strong></span> <span class='ocrx_word' id='word_1_534' title='bbox 1962 3694 1976 3729; x_wconf 89' lang='lat'><strong>:</strong></span> <span class='ocrx_word' id='word_1_535' title='bbox 2011 3680 2095 3732; x_wconf 90' lang='lat' dir='ltr'><strong>cui</strong></span> 
     </span>
    </p>
   </div>
   <div class='ocr_carea' id='block_1_69' title="bbox 517 3763 2093 3831">
    <p class='ocr_par' dir='ltr' id='par_1_69' title="bbox 517 3763 2093 3831">
     <span class='ocr_line' id='line_1_69' title="bbox 517 3763 2093 3831; baseline 0.004 -16"><span class='ocrx_word' id='word_1_536' title='bbox 517 3763 843 3817; x_wconf 83' lang='lat' dir='ltr'><strong>assistebant</strong></span> <span class='ocrx_word' id='word_1_537' title='bbox 887 3764 1038 3817; x_wconf 88' lang='lat' dir='ltr'><strong>multi</strong></span> <span class='ocrx_word' id='word_1_538' title='bbox 1084 3765 1417 3817; x_wconf 82' lang='lat' dir='ltr'><strong>sacerdotum</strong></span> <span class='ocrx_word' id='word_1_539' title='bbox 1448 3767 1498 3819; x_wconf 93' lang='lat' dir='ltr'><strong>in</strong></span> <span class='ocrx_word' id='word_1_540' title='bbox 1545 3765 1681 3820; x_wconf 90' lang='lat' dir='ltr'><strong>albis</strong></span> <span class='ocrx_word' id='word_1_541' title='bbox 1710 3767 1967 3831; x_wconf 89' lang='lat' dir='ltr'><strong>vestibus,</strong></span> <span class='ocrx_word' id='word_1_542' title='bbox 1998 3768 2093 3823; x_wconf 88' lang='lat' dir='ltr'><strong>sed</strong></span> 
     </span>
    </p>
   </div>
   <div class='ocr_carea' id='block_1_70' title="bbox 512 3855 2090 3925">
    <p class='ocr_par' dir='ltr' id='par_1_70' title="bbox 512 3855 2090 3925">
     <span class='ocr_line' id='line_1_70' title="bbox 512 3855 2090 3925; baseline 0.005 -22"><span class='ocrx_word' id='word_1_543' title='bbox 512 3864 568 3909; x_wconf 79' lang='lat' dir='ltr'><strong>ct</strong></span> <span class='ocrx_word' id='word_1_544' title='bbox 600 3855 913 3923; x_wconf 63' lang='lat' dir='ltr'><strong>promiscum</strong></span> <span class='ocrx_word' id='word_1_545' title='bbox 944 3855 1256 3925; x_wconf 85' lang='lat' dir='ltr'><strong>populorum</strong></span> <span class='ocrx_word' id='word_1_546' title='bbox 1280 3856 1447 3910; x_wconf 72' lang='lat' dir='ltr'><strong>turba:</strong></span> <span class='ocrx_word' id='word_1_547' title='bbox 1471 3856 1622 3911; x_wconf 87' lang='lat' dir='ltr'><strong>valde</strong></span> <span class='ocrx_word' id='word_1_548' title='bbox 1648 3859 2090 3915; x_wconf 88' lang='lat' dir='ltr'><strong>innumerabiles.</strong></span> 
     </span>
    </p>
   </div>
   <div class='ocr_carea' id='block_1_71' title="bbox 520 3946 2095 4022">
    <p class='ocr_par' dir='ltr' id='par_1_71' title="bbox 520 3946 2095 4022">
     <span class='ocr_line' id='line_1_71' title="bbox 520 3946 2095 4022; baseline 0.006 -23"><span class='ocrx_word' id='word_1_549' title='bbox 520 3946 716 4002; x_wconf 82' lang='lat' dir='ltr'><strong>Verum</strong></span> <span class='ocrx_word' id='word_1_550' title='bbox 746 3962 865 4000; x_wconf 91' lang='lat' dir='ltr'><strong>cum</strong></span> <span class='ocrx_word' id='word_1_551' title='bbox 913 3946 1027 4000; x_wconf 77' lang='lat' dir='ltr'><strong>haec</strong></span> <span class='ocrx_word' id='word_1_552' title='bbox 1078 3946 1313 4017; x_wconf 88' lang='lat' dir='ltr'><strong>trepidus</strong></span> <span class='ocrx_word' id='word_1_553' title='bbox 1363 3950 1787 4018; x_wconf 90' lang='lat' dir='ltr'><strong>contemplarer,</strong></span> <span class='ocrx_word' id='word_1_554' title='bbox 1822 3953 2095 4022; x_wconf 89' lang='lat' dir='ltr'><strong>conspicio</strong></span> 
     </span>
    </p>
   </div>
   <div class='ocr_carea' id='block_1_72' title="bbox 520 4043 2092 4112">
    <p class='ocr_par' dir='ltr' id='par_1_72' title="bbox 520 4043 2092 4112">
     <span class='ocr_line' id='line_1_72' title="bbox 520 4043 2092 4112; baseline 0.004 -16"><span class='ocrx_word' id='word_1_555' title='bbox 520 4044 729 4097; x_wconf 90' lang='lat' dir='ltr'><strong>eminus</strong></span> <span class='ocrx_word' id='word_1_556' title='bbox 760 4043 898 4098; x_wconf 90' lang='lat' dir='ltr'><strong>inter</strong></span> <span class='ocrx_word' id='word_1_557' title='bbox 927 4058 1021 4098; x_wconf 87' lang='lat' dir='ltr'><strong>eos</strong></span> <span class='ocrx_word' id='word_1_558' title='bbox 1052 4043 1262 4097; x_wconf 87' lang='lat' dir='ltr'><strong>beatum</strong></span> <span class='ocrx_word' id='word_1_559' title='bbox 1318 4054 1495 4099; x_wconf 88' lang='lat' dir='ltr'><strong>astare</strong></span> <span class='ocrx_word' id='word_1_560' title='bbox 1547 4043 1841 4112; x_wconf 91' lang='lat' dir='ltr'><strong>Sidonium,</strong></span> <span class='ocrx_word' id='word_1_561' title='bbox 1895 4056 2092 4102; x_wconf 88' lang='lat' dir='ltr'><strong>etcum</strong></span> 
     </span>
    </p>
   </div>
   <div class='ocr_carea' id='block_1_73' title="bbox 516 4136 2092 4208">
    <p class='ocr_par' dir='ltr' id='par_1_73' title="bbox 516 4136 2092 4208">
     <span class='ocr_line' id='line_1_73' title="bbox 516 4136 2092 4208; baseline 0.006 -19"><span class='ocrx_word' id='word_1_562' title='bbox 516 4136 831 4206; x_wconf 85' lang='lat' dir='ltr'><strong>presbytero</strong></span> <span class='ocrx_word' id='word_1_563' title='bbox 886 4136 977 4189; x_wconf 94' lang='lat' dir='ltr'><strong>illo</strong></span> <span class='ocrx_word' id='word_1_564' title='bbox 1008 4137 1099 4189; x_wconf 89' lang='lat' dir='ltr'><strong>tibi</strong></span> <span class='ocrx_word' id='word_1_565' title='bbox 1148 4138 1446 4196; x_wconf 77' lang='lat' dir='ltr'><strong>carissimo.</strong></span> <span class='ocrx_word' id='word_1_566' title='bbox 1470 4139 1555 4207; x_wconf 92' lang='lat' dir='ltr'><strong>qui</strong></span> <span class='ocrx_word' id='word_1_567' title='bbox 1602 4146 1727 4194; x_wconf 86' lang='lat' dir='ltr'><strong>ante</strong></span> <span class='ocrx_word' id='word_1_568' title='bbox 1755 4140 1852 4195; x_wconf 93' lang='lat' dir='ltr'><strong>hos</strong></span> <span class='ocrx_word' id='word_1_569' title='bbox 1895 4158 2092 4208; x_wconf 90' lang='lat' dir='ltr'><strong>paucos</strong></span> 
     </span>
    </p>
   </div>
   <div class='ocr_carea' id='block_1_74' title="bbox 517 4228 2090 4299">
    <p class='ocr_par' dir='ltr' id='par_1_74' title="bbox 517 4228 2090 4299">
     <span class='ocr_line' id='line_1_74' title="bbox 517 4228 2090 4299; baseline 0.006 -20"><span class='ocrx_word' id='word_1_570' title='bbox 517 4244 685 4279; x_wconf 75' lang='lat' dir='ltr'><strong>annos</strong></span> <span class='ocrx_word' id='word_1_571' title='bbox 714 4228 782 4281; x_wconf 86' lang='lat' dir='ltr'><strong>de</strong></span> <span class='ocrx_word' id='word_1_572' title='bbox 811 4228 911 4281; x_wconf 90' lang='lat' dir='ltr'><strong>hoc</strong></span> <span class='ocrx_word' id='word_1_573' title='bbox 954 4228 1151 4283; x_wconf 88' lang='lat' dir='ltr'><strong>mundo</strong></span> <span class='ocrx_word' id='word_1_574' title='bbox 1202 4230 1470 4299; x_wconf 86' lang='lat' dir='ltr'><strong>migravit,</strong></span> <span class='ocrx_word' id='word_1_575' title='bbox 1523 4239 1728 4285; x_wconf 88' lang='lat' dir='ltr'><strong>attente</strong></span> <span class='ocrx_word' id='word_1_576' title='bbox 1769 4232 2090 4297; x_wconf 71' lang='lat' dir='ltr'><strong>litigantem.</strong></span> 
     </span>
    </p>
   </div>
   <div class='ocr_carea' id='block_1_75' title="bbox 519 4318 2094 4391">
    <p class='ocr_par' dir='ltr' id='par_1_75' title="bbox 519 4318 2094 4391">
     <span class='ocr_line' id='line_1_75' title="bbox 519 4318 2094 4391; baseline 0.006 -21"><span class='ocrx_word' id='word_1_577' title='bbox 519 4319 636 4385; x_wconf 84' lang='lat' dir='ltr'><strong>Quo</strong></span> <span class='ocrx_word' id='word_1_578' title='bbox 660 4320 888 4383; x_wconf 87' lang='lat' dir='ltr'><strong>devicto,</strong></span> <span class='ocrx_word' id='word_1_579' title='bbox 926 4318 1079 4388; x_wconf 86' lang='lat' dir='ltr'><strong>jubet</strong></span> <span class='ocrx_word' id='word_1_580' title='bbox 1110 4335 1199 4374; x_wconf 84' lang='lat' dir='ltr'><strong>rex</strong></span> <span class='ocrx_word' id='word_1_581' title='bbox 1233 4322 1360 4373; x_wconf 91' lang='lat' dir='ltr'><strong>utin</strong></span> <span class='ocrx_word' id='word_1_582' title='bbox 1410 4321 1529 4374; x_wconf 90' lang='lat' dir='ltr'><strong>imis</strong></span> <span class='ocrx_word' id='word_1_583' title='bbox 1576 4323 1808 4377; x_wconf 90' lang='lat' dir='ltr'><strong>carceris</strong></span> <span class='ocrx_word' id='word_1_584' title='bbox 1833 4325 2094 4391; x_wconf 86' lang='lat' dir='ltr'><strong>angustiis</strong></span> 
     </span>
    </p>
   </div>
   <div class='ocr_carea' id='block_1_76' title="bbox 523 4412 2095 4480">
    <p class='ocr_par' dir='ltr' id='par_1_76' title="bbox 523 4412 2095 4480">
     <span class='ocr_line' id='line_1_76' title="bbox 523 4412 2095 4480; baseline 0.003 -17"><span class='ocrx_word' id='word_1_585' title='bbox 523 4412 848 4474; x_wconf 82' lang='lat' dir='ltr'><strong>retrudatur;</strong></span> <span class='ocrx_word' id='word_1_586' title='bbox 895 4413 1179 4480; x_wconf 86' lang='lat' dir='ltr'><strong>ablatoque</strong></span> <span class='ocrx_word' id='word_1_587' title='bbox 1225 4412 1350 4477; x_wconf 89' lang='lat' dir='ltr'><strong>isto,</strong></span> <span class='ocrx_word' id='word_1_588' title='bbox 1378 4424 1559 4465; x_wconf 90' lang='lat' dir='ltr'><strong>contra</strong></span> <span class='ocrx_word' id='word_1_589' title='bbox 1588 4423 1639 4466; x_wconf 89' lang='lat' dir='ltr'><strong>te</strong></span> <span class='ocrx_word' id='word_1_590' title='bbox 1682 4414 1875 4467; x_wconf 89' lang='lat' dir='ltr'><strong>itermn</strong></span> <span class='ocrx_word' id='word_1_591' title='bbox 1924 4416 2095 4468; x_wconf 86' lang='lat' dir='ltr'><strong>insur-</strong></span> 
     </span>
    </p>
   </div>
   <div class='ocr_carea' id='block_1_77' title="bbox 2204 3210 3807 3285">
    <p class='ocr_par' dir='ltr' id='par_1_77' title="bbox 2204 3210 3807 3285">
     <span class='ocr_line' id='line_1_77' title="bbox 2204 3210 3807 3285; baseline 0.006 -21"><span class='ocrx_word' id='word_1_592' title='bbox 2204 3226 2413 3264; x_wconf 87' lang='lat' dir='ltr'><strong>murutn</strong></span> <span class='ocrx_word' id='word_1_593' title='bbox 2443 3210 2729 3277; x_wconf 88' lang='lat' dir='ltr'><strong>demissus,</strong></span> <span class='ocrx_word' id='word_1_594' title='bbox 2752 3214 3006 3266; x_wconf 85' lang='lat' dir='ltr'><strong>Arvernis</strong></span> <span class='ocrx_word' id='word_1_595' title='bbox 3030 3212 3265 3279; x_wconf 85' lang='lat' dir='ltr'><strong>advenit,</strong></span> <span class='ocrx_word' id='word_1_596' title='bbox 3296 3212 3474 3281; x_wconf 90' lang='lat' dir='ltr'><strong>ibique</strong></span> <span class='ocrx_word' id='word_1_597' title='bbox 3491 3214 3646 3285; x_wconf 84' lang='lat' dir='ltr'><strong>juxta</strong></span> <span class='ocrx_word' id='word_1_598' title='bbox 3671 3232 3807 3274; x_wconf 82' lang='lat' dir='ltr'><strong>ver-</strong></span> 
     </span>
    </p>
   </div>
   <div class='ocr_carea' id='block_1_78' title="bbox 2204 3301 3805 3374">
    <p class='ocr_par' dir='ltr' id='par_1_78' title="bbox 2204 3301 3805 3374">
     <span class='ocr_line' id='line_1_78' title="bbox 2204 3301 3805 3374; baseline 0.008 -20"><span class='ocrx_word' id='word_1_599' title='bbox 2204 3301 2327 3355; x_wconf 91' lang='lat' dir='ltr'><strong>bum</strong></span> <span class='ocrx_word' id='word_1_600' title='bbox 2362 3303 2594 3367; x_wconf 86' lang='lat' dir='ltr'><strong>Domini,</strong></span> <span class='ocrx_word' id='word_1_601' title='bbox 2628 3306 2766 3369; x_wconf 88' lang='lat' dir='ltr'><strong>quod</strong></span> <span class='ocrx_word' id='word_1_602' title='bbox 2801 3308 2975 3373; x_wconf 83' lang='lat' dir='ltr'><strong>posuit</strong></span> <span class='ocrx_word' id='word_1_603' title='bbox 3004 3306 3055 3358; x_wconf 89' lang='lat' dir='ltr'><strong>in</strong></span> <span class='ocrx_word' id='word_1_604' title='bbox 3106 3321 3201 3359; x_wconf 90' lang='lat' dir='ltr'><strong>ore</strong></span> <span class='ocrx_word' id='word_1_605' title='bbox 3229 3309 3399 3361; x_wconf 86' lang='lat' dir='ltr'><strong>sancti</strong></span> <span class='ocrx_word' id='word_1_606' title='bbox 3426 3308 3659 3374; x_wconf 86' lang='lat' dir='ltr'><strong>Sidonii,</strong></span> <span class='ocrx_word' id='word_1_607' title='bbox 3697 3328 3805 3367; x_wconf 83' lang='lat' dir='ltr'><strong>uu-</strong></span> 
     </span>
    </p>
   </div>
   <div class='ocr_carea' id='block_1_79' title="bbox 2203 3394 3073 3466">
    <p class='ocr_par' dir='ltr' id='par_1_79' title="bbox 2203 3394 3073 3466">
     <span class='ocr_line' id='line_1_79' title="bbox 2203 3394 3073 3466; baseline 0.001 -18"><span class='ocrx_word' id='word_1_608' title='bbox 2203 3394 2444 3450; x_wconf 91' lang='lat' dir='ltr'><strong>decimus</strong></span> <span class='ocrx_word' id='word_1_609' title='bbox 2471 3395 2625 3449; x_wconf 89' lang='lat' dir='ltr'><strong>datus</strong></span> <span class='ocrx_word' id='word_1_610' title='bbox 2658 3406 2742 3449; x_wconf 90' lang='lat' dir='ltr'><strong>est</strong></span> <span class='ocrx_word' id='word_1_611' title='bbox 2767 3397 3073 3466; x_wconf 86' lang='lat' dir='ltr'><strong>episcOpus.</strong></span> 
     </span>
    </p>
   </div>
   <div class='ocr_carea' id='block_1_80' title="bbox 2275 3488 3813 3563">
    <p class='ocr_par' dir='ltr' id='par_1_80' title="bbox 2275 3488 3813 3563">
     <span class='ocr_line' id='line_1_80' title="bbox 2275 3488 3813 3563; baseline 0.005 -21"><span class='ocrx_word' id='word_1_612' title='bbox 2275 3488 2463 3543; x_wconf 74' lang='lat' dir='ltr'><strong>XXIV.</strong></span> <span class='ocrx_word' id='word_1_613' title='bbox 2520 3488 2624 3544; x_wconf 90' lang='lat' dir='ltr'><strong>Sed</strong></span> <span class='ocrx_word' id='word_1_614' title='bbox 2678 3488 2694 3525; x_wconf 70' lang='grc' dir='ltr'>ί</span> <span class='ocrx_word' id='word_1_615' title='bbox 2752 3500 2989 3557; x_wconf 87' lang='lat' dir='ltr'><strong>tempore</strong></span> <span class='ocrx_word' id='word_1_616' title='bbox 3048 3488 3251 3543; x_wconf 82' lang='lat' dir='ltr'><strong>Sidonii</strong></span> <span class='ocrx_word' id='word_1_617' title='bbox 3303 3491 3535 3560; x_wconf 87' lang='lat' dir='ltr'><strong>episcopi</strong></span> <span class='ocrx_word' id='word_1_618' title='bbox 3593 3509 3813 3563; x_wconf 77' lang='lat' dir='ltr'><strong>magna</strong></span> 
     </span>
    </p>
   </div>
   <div class='ocr_carea' id='block_1_81' title="bbox 2206 3578 3802 3656">
    <p class='ocr_par' dir='ltr' id='par_1_81' title="bbox 2206 3578 3802 3656">
     <span class='ocr_line' id='line_1_81' title="bbox 2206 3578 3802 3656; baseline 0.003 -22"><span class='ocrx_word' id='word_1_619' title='bbox 2206 3582 2564 3650; x_wconf 82' lang='lat' dir='ltr'><strong>Burgundiam</strong></span> <span class='ocrx_word' id='word_1_620' title='bbox 2617 3581 2785 3635; x_wconf 77' lang='lat' dir='ltr'><strong>fames</strong></span> <span class='ocrx_word' id='word_1_621' title='bbox 2835 3582 3120 3650; x_wconf 87' lang='lat' dir='ltr'><strong>oppressit.</strong></span> <span class='ocrx_word' id='word_1_622' title='bbox 3174 3578 3414 3650; x_wconf 87' lang='lat' dir='ltr'><strong>Cumque</strong></span> <span class='ocrx_word' id='word_1_623' title='bbox 3462 3585 3645 3652; x_wconf 90' lang='lat' dir='ltr'><strong>populi</strong></span> <span class='ocrx_word' id='word_1_624' title='bbox 3701 3603 3802 3656; x_wconf 81' lang='lat' dir='ltr'><strong>per</strong></span> 
     </span>
    </p>
   </div>
   <div class='ocr_carea' id='block_1_82' title="bbox 2201 3672 3807 3747">
    <p class='ocr_par' dir='ltr' id='par_1_82' title="bbox 2201 3672 3807 3747">
     <span class='ocr_line' id='line_1_82' title="bbox 2201 3672 3807 3747; baseline 0.004 -20"><span class='ocrx_word' id='word_1_625' title='bbox 2201 3674 2442 3727; x_wconf 89' lang='lat' dir='ltr'><strong>diversas</strong></span> <span class='ocrx_word' id='word_1_626' title='bbox 2471 3672 2717 3742; x_wconf 83' lang='lat' dir='ltr'><strong>regiones</strong></span> <span class='ocrx_word' id='word_1_627' title='bbox 2742 3673 3197 3742; x_wconf 86' lang='lat' dir='ltr'><strong>dispergerentur,</strong></span> <span class='ocrx_word' id='word_1_628' title='bbox 3227 3687 3325 3727; x_wconf 89' lang='lat' dir='ltr'><strong>nec</strong></span> <span class='ocrx_word' id='word_1_629' title='bbox 3345 3687 3489 3728; x_wconf 87' lang='lat' dir='ltr'><strong>esset</strong></span> <span class='ocrx_word' id='word_1_630' title='bbox 3512 3674 3659 3729; x_wconf 89' lang='lat' dir='ltr'><strong>ullus</strong></span> <span class='ocrx_word' id='word_1_631' title='bbox 3704 3681 3807 3747; x_wconf 90' lang='lat' dir='ltr'><strong>qui</strong></span> 
     </span>
    </p>
   </div>
   <div class='ocr_carea' id='block_1_83' title="bbox 2204 3764 3811 3835">
    <p class='ocr_par' dir='ltr' id='par_1_83' title="bbox 2204 3764 3811 3835">
     <span class='ocr_line' id='line_1_83' title="bbox 2204 3764 3811 3835; baseline 0.005 -18"><span class='ocrx_word' id='word_1_632' title='bbox 2204 3764 2525 3834; x_wconf 87' lang='lat' dir='ltr'><strong>pauperibus</strong></span> <span class='ocrx_word' id='word_1_633' title='bbox 2567 3765 2873 3818; x_wconf 86' lang='lat' dir='ltr'><strong>alimoniam</strong></span> <span class='ocrx_word' id='word_1_634' title='bbox 2925 3765 3229 3835; x_wconf 83' lang='lat' dir='ltr'><strong>largiretur,</strong></span> <span class='ocrx_word' id='word_1_635' title='bbox 3280 3765 3522 3821; x_wconf 82' lang='lat' dir='ltr'><strong>Ecdicius</strong></span> <span class='ocrx_word' id='word_1_636' title='bbox 3564 3769 3811 3835; x_wconf 82' lang='lat' dir='ltr'><strong>quidam</strong></span> 
     </span>
    </p>
   </div>
   <div class='ocr_carea' id='block_1_84' title="bbox 2200 3856 3805 3927">
    <p class='ocr_par' dir='ltr' id='par_1_84' title="bbox 2200 3856 3805 3927">
     <span class='ocr_line' id='line_1_84' title="bbox 2200 3856 3805 3927; baseline 0.004 -15"><span class='ocrx_word' id='word_1_637' title='bbox 2200 3873 2264 3913; x_wconf 85' lang='lat' dir='ltr'><strong>ex</strong></span> <span class='ocrx_word' id='word_1_638' title='bbox 2295 3856 2663 3921; x_wconf 88' lang='lat' dir='ltr'><strong>senatoribus,</strong></span> <span class='ocrx_word' id='word_1_639' title='bbox 2726 3857 2879 3925; x_wconf 88' lang='lat' dir='ltr'><strong>hujus</strong></span> <span class='ocrx_word' id='word_1_640' title='bbox 2936 3859 3260 3927; x_wconf 87' lang='lat' dir='ltr'><strong>propinquus</strong></span> <span class='ocrx_word' id='word_1_641' title='bbox 3284 3868 3332 3923; x_wconf 81' lang='lat'><strong>8,</strong></span> <span class='ocrx_word' id='word_1_642' title='bbox 3368 3873 3614 3927; x_wconf 86' lang='lat' dir='ltr'><strong>magnam</strong></span> <span class='ocrx_word' id='word_1_643' title='bbox 3659 3871 3805 3919; x_wconf 85' lang='lat' dir='ltr'><strong>tunc</strong></span> 
     </span>
    </p>
   </div>
   <div class='ocr_carea' id='block_1_85' title="bbox 2200 3951 3801 4019">
    <p class='ocr_par' dir='ltr' id='par_1_85' title="bbox 2200 3951 3801 4019">
     <span class='ocr_line' id='line_1_85' title="bbox 2200 3951 3801 4019; baseline 0.001 -13"><span class='ocrx_word' id='word_1_644' title='bbox 2200 3969 2314 4008; x_wconf 90' lang='lat' dir='ltr'><strong>rem</strong></span> <span class='ocrx_word' id='word_1_645' title='bbox 2356 3952 2409 4006; x_wconf 92' lang='lat' dir='ltr'><strong>in</strong></span> <span class='ocrx_word' id='word_1_646' title='bbox 2440 3951 2549 4007; x_wconf 91' lang='lat' dir='ltr'><strong>Deo</strong></span> <span class='ocrx_word' id='word_1_647' title='bbox 2578 3953 2813 4007; x_wconf 83' lang='lat' dir='ltr'><strong>conlisus</strong></span> <span class='ocrx_word' id='word_1_648' title='bbox 2864 3951 3056 4005; x_wconf 86' lang='lat' dir='ltr'><strong>fecisse</strong></span> <span class='ocrx_word' id='word_1_649' title='bbox 3101 3951 3429 4019; x_wconf 85' lang='lat' dir='ltr'><strong>perhibetur.</strong></span> <span class='ocrx_word' id='word_1_650' title='bbox 3461 3951 3593 4006; x_wconf 84' lang='lat' dir='ltr'><strong>Nam</strong></span> <span class='ocrx_word' id='word_1_651' title='bbox 3626 3953 3801 4007; x_wconf 86' lang='lat' dir='ltr'><strong>inva-</strong></span> 
     </span>
    </p>
   </div>
   <div class='ocr_carea' id='block_1_86' title="bbox 2202 4044 3802 4117">
    <p class='ocr_par' dir='ltr' id='par_1_86' title="bbox 2202 4044 3802 4117">
     <span class='ocr_line' id='line_1_86' title="bbox 2202 4044 3802 4117; baseline 0 -15"><span class='ocrx_word' id='word_1_652' title='bbox 2202 4048 2437 4104; x_wconf 89' lang='lat' dir='ltr'><strong>lescente</strong></span> <span class='ocrx_word' id='word_1_653' title='bbox 2464 4045 2623 4111; x_wconf 87' lang='lat' dir='ltr'><strong>fame,</strong></span> <span class='ocrx_word' id='word_1_654' title='bbox 2657 4044 2823 4117; x_wconf 17' lang='lat' dir='ltr'><strong>misit,</strong></span> <span class='ocrx_word' id='word_1_655' title='bbox 2836 4059 3032 4113; x_wconf 90' lang='lat' dir='ltr'><strong>pueros</strong></span> <span class='ocrx_word' id='word_1_656' title='bbox 3070 4058 3199 4099; x_wconf 87' lang='lat' dir='ltr'><strong>suos</strong></span> <span class='ocrx_word' id='word_1_657' title='bbox 3222 4060 3343 4097; x_wconf 88' lang='lat' dir='ltr'><strong>eum</strong></span> <span class='ocrx_word' id='word_1_658' title='bbox 3370 4045 3522 4114; x_wconf 90' lang='lat' dir='ltr'><strong>equis</strong></span> <span class='ocrx_word' id='word_1_659' title='bbox 3543 4055 3599 4099; x_wconf 92' lang='lat' dir='ltr'><strong>et</strong></span> <span class='ocrx_word' id='word_1_660' title='bbox 3630 4047 3802 4115; x_wconf 89' lang='lat' dir='ltr'><strong>plau-</strong></span> 
     </span>
    </p>
   </div>
   <div class='ocr_carea' id='block_1_87' title="bbox 2201 4136 3791 4209">
    <p class='ocr_par' dir='ltr' id='par_1_87' title="bbox 2201 4136 3791 4209">
     <span class='ocr_line' id='line_1_87' title="bbox 2201 4136 3791 4209; baseline -0.001 -13"><span class='ocrx_word' id='word_1_661' title='bbox 2201 4141 2324 4197; x_wconf 85' lang='lat' dir='ltr'><strong>stris</strong></span> <span class='ocrx_word' id='word_1_662' title='bbox 2351 4155 2443 4209; x_wconf 91' lang='lat' dir='ltr'><strong>per</strong></span> <span class='ocrx_word' id='word_1_663' title='bbox 2465 4139 2667 4193; x_wconf 83' lang='lat' dir='ltr'><strong>vicinas</strong></span> <span class='ocrx_word' id='word_1_664' title='bbox 2705 4138 2804 4191; x_wconf 90' lang='lat' dir='ltr'><strong>sibi</strong></span> <span class='ocrx_word' id='word_1_665' title='bbox 2833 4136 3076 4192; x_wconf 88' lang='lat' dir='ltr'><strong>civitates</strong></span> <span class='ocrx_word' id='word_1_666' title='bbox 3096 4177 3112 4202; x_wconf 93' lang='lat'><strong>,</strong></span> <span class='ocrx_word' id='word_1_667' title='bbox 3145 4145 3202 4190; x_wconf 90' lang='lat' dir='ltr'><strong>ut</strong></span> <span class='ocrx_word' id='word_1_668' title='bbox 3232 4152 3326 4191; x_wconf 90' lang='lat' dir='ltr'><strong>eos</strong></span> <span class='ocrx_word' id='word_1_669' title='bbox 3347 4138 3433 4204; x_wconf 90' lang='lat' dir='ltr'><strong>qui</strong></span> <span class='ocrx_word' id='word_1_670' title='bbox 3469 4136 3569 4191; x_wconf 87' lang='lat' dir='ltr'><strong>hac</strong></span> <span class='ocrx_word' id='word_1_671' title='bbox 3594 4138 3791 4208; x_wconf 90' lang='lat' dir='ltr'><strong>inopia</strong></span> 
     </span>
    </p>
   </div>
   <div class='ocr_carea' id='block_1_88' title="bbox 2203 4227 3802 4294">
    <p class='ocr_par' dir='ltr' id='par_1_88' title="bbox 2203 4227 3802 4294">
     <span class='ocr_line' id='line_1_88' title="bbox 2203 4227 3802 4294; baseline 0.004 -14"><span class='ocrx_word' id='word_1_672' title='bbox 2203 4231 2529 4287; x_wconf 78' lang='lat' dir='ltr'><strong>vexabantur</strong></span> <span class='ocrx_word' id='word_1_673' title='bbox 2574 4230 2674 4283; x_wconf 93' lang='lat' dir='ltr'><strong>sibi</strong></span> <span class='ocrx_word' id='word_1_674' title='bbox 2711 4228 3056 4283; x_wconf 87' lang='lat' dir='ltr'><strong>adducerent.</strong></span> <span class='ocrx_word' id='word_1_675' title='bbox 3110 4227 3274 4281; x_wconf 82' lang='lat' dir='ltr'><strong>Atilii</strong></span> <span class='ocrx_word' id='word_1_676' title='bbox 3299 4238 3509 4294; x_wconf 88' lang='lat' dir='ltr'><strong>euntes,</strong></span> <span class='ocrx_word' id='word_1_677' title='bbox 3545 4240 3802 4286; x_wconf 85' lang='lat' dir='ltr'><strong>cunctos</strong></span> 
     </span>
    </p>
   </div>
   <div class='ocr_carea' id='block_1_89' title="bbox 2201 4308 3801 4390">
    <p class='ocr_par' dir='ltr' id='par_1_89' title="bbox 2201 4308 3801 4390">
     <span class='ocr_line' id='line_1_89' title="bbox 2201 4308 3801 4390; baseline 0.002 -18"><span class='ocrx_word' id='word_1_678' title='bbox 2201 4334 2462 4390; x_wconf 87' lang='lat' dir='ltr'><strong>pauperes</strong></span> <span class='ocrx_word' id='word_1_679' title='bbox 2494 4327 2755 4389; x_wconf 89' lang='lat' dir='ltr'><strong>quotquot</strong></span> <span class='ocrx_word' id='word_1_680' title='bbox 2785 4308 3025 4372; x_wconf 87' lang='lat' dir='ltr'><strong>invenire</strong></span> <span class='ocrx_word' id='word_1_681' title='bbox 3064 4322 3380 4386; x_wconf 87' lang='lat' dir='ltr'><strong>potuerunt,</strong></span> <span class='ocrx_word' id='word_1_682' title='bbox 3412 4317 3695 4375; x_wconf 85' lang='lat' dir='ltr'><strong>adduxere</strong></span> <span class='ocrx_word' id='word_1_683' title='bbox 3724 4324 3801 4377; x_wconf 78' lang='lat' dir='ltr'><strong>ad</strong></span> 
     </span>
    </p>
   </div>
   <div class='ocr_carea' id='block_1_90' title="bbox 2201 4412 3765 4482">
    <p class='ocr_par' dir='ltr' id='par_1_90' title="bbox 2201 4412 3765 4482">
     <span class='ocr_line' id='line_1_90' title="bbox 2201 4412 3765 4482; baseline 0.002 -15"><span class='ocrx_word' id='word_1_684' title='bbox 2201 4414 2417 4468; x_wconf 91' lang='lat' dir='ltr'><strong>domum</strong></span> <span class='ocrx_word' id='word_1_685' title='bbox 2448 4413 2471 4449; x_wconf 78' lang='grc'><em>’³</em></span> <span class='ocrx_word' id='word_1_686' title='bbox 2501 4413 2640 4482; x_wconf 91' lang='lat' dir='ltr'><strong>ejus.</strong></span> <span class='ocrx_word' id='word_1_687' title='bbox 2674 4412 2859 4480; x_wconf 82' lang='lat' dir='ltr'><strong>Ibique</strong></span> <span class='ocrx_word' id='word_1_688' title='bbox 2885 4426 2979 4467; x_wconf 90' lang='lat' dir='ltr'><strong>eos</strong></span> <span class='ocrx_word' id='word_1_689' title='bbox 3008 4428 3103 4480; x_wconf 86' lang='lat' dir='ltr'><strong>per</strong></span> <span class='ocrx_word' id='word_1_690' title='bbox 3132 4426 3292 4465; x_wconf 93' lang='lat' dir='ltr'><strong>omne</strong></span> <span class='ocrx_word' id='word_1_691' title='bbox 3322 4424 3530 4481; x_wconf 88' lang='lat' dir='ltr'><strong>tempus</strong></span> <span class='ocrx_word' id='word_1_692' title='bbox 3575 4416 3765 4471; x_wconf 64' lang='grc' dir='ltr'><strong>δίει-1ιὶ</strong></span> 
     </span>
    </p>
   </div>
   <div class='ocr_carea' id='block_1_91' title="bbox 516 4499 3797 4577">
    <p class='ocr_par' dir='ltr' id='par_1_91' title="bbox 516 4499 3797 4577">
     <span class='ocr_line' id='line_1_91' title="bbox 516 4499 3797 4577; baseline 0.002 -24"><span class='ocrx_word' id='word_1_693' title='bbox 516 4516 639 4570; x_wconf 85' lang='lat' dir='ltr'><strong>gere</strong></span> <span class='ocrx_word' id='word_1_694' title='bbox 669 4499 715 4566; x_wconf 69' lang='grc' dir='ltr'><strong>ἀ,</strong></span> <span class='ocrx_word' id='word_1_695' title='bbox 746 4502 929 4555; x_wconf 91' lang='lat' dir='ltr'><strong>dicens</strong></span> <span class='ocrx_word' id='word_1_696' title='bbox 960 4511 1012 4558; x_wconf 91' lang='lat' dir='ltr'><strong>te</strong></span> <span class='ocrx_word' id='word_1_697' title='bbox 1057 4502 1108 4556; x_wconf 91' lang='lat' dir='ltr'><strong>in</strong></span> <span class='ocrx_word' id='word_1_698' title='bbox 1138 4517 1205 4557; x_wconf 91' lang='lat' dir='ltr'><strong>eo</strong></span> <span class='ocrx_word' id='word_1_699' title='bbox 1261 4501 1464 4556; x_wconf 88' lang='lat' dir='ltr'><strong>scelere</strong></span> <span class='ocrx_word' id='word_1_700' title='bbox 1486 4543 1501 4566; x_wconf 90' lang='lat'><strong>,</strong></span> <span class='ocrx_word' id='word_1_701' title='bbox 1552 4513 1767 4572; x_wconf 90' lang='lat' dir='ltr'><strong>propter</strong></span> <span class='ocrx_word' id='word_1_702' title='bbox 1812 4504 1952 4573; x_wconf 85' lang='lat' dir='ltr'><strong>quod</strong></span> <span class='ocrx_word' id='word_1_703' title='bbox 2006 4506 2094 4561; x_wconf 90' lang='lat' dir='ltr'><strong>ille</strong></span> <span class='ocrx_word' id='word_1_704' title='bbox 2124 4512 2175 4572; x_wconf 80' lang='grc' dir='ltr'><strong>ι)</strong></span> <span class='ocrx_word' id='word_1_705' title='bbox 2201 4508 2325 4562; x_wconf 89' lang='lat' dir='ltr'><strong>tatis</strong></span> <span class='ocrx_word' id='word_1_706' title='bbox 2370 4519 2623 4575; x_wconf 86' lang='lat' dir='ltr'><strong>pascens,</strong></span> <span class='ocrx_word' id='word_1_707' title='bbox 2657 4504 2725 4558; x_wconf 89' lang='lat' dir='ltr'><strong>ab</strong></span> <span class='ocrx_word' id='word_1_708' title='bbox 2751 4505 2966 4559; x_wconf 90' lang='lat' dir='ltr'><strong>interitu</strong></span> <span class='ocrx_word' id='word_1_709' title='bbox 2999 4503 3155 4558; x_wconf 86' lang='lat' dir='ltr'><strong>famis</strong></span> <span class='ocrx_word' id='word_1_710' title='bbox 3201 4504 3419 4559; x_wconf 82' lang='lat' dir='ltr'><strong>exemit.</strong></span> <span class='ocrx_word' id='word_1_711' title='bbox 3474 4504 3797 4577; x_wconf 83' lang='lat' dir='ltr'><strong>Fuereque,</strong></span> 
     </span>
    </p>
   </div>
   <div class='ocr_carea' id='block_1_92' title="bbox 586 4657 2091 4728">
    <p class='ocr_par' dir='ltr' id='par_1_92' title="bbox 586 4657 2091 4728">
     <span class='ocr_line' id='line_1_92' title="bbox 586 4657 2091 4728; baseline 0.004 -18"><span class='ocrx_word' id='word_1_712' title='bbox 586 4668 608 4693; x_wconf 81' lang='grc' dir='ltr'><strong>ο</strong></span> <span class='ocrx_word' id='word_1_713' title='bbox 644 4660 829 4728; x_wconf 65' lang='grc' dir='ltr'><strong>Ιὶθςιη.</strong></span> <span class='ocrx_word' id='word_1_714' title='bbox 862 4700 876 4722; x_wconf 90' lang='grc'><em>,</em></span> <span class='ocrx_word' id='word_1_715' title='bbox 907 4658 1163 4728; x_wconf 78' lang='lat' dir='ltr'><strong>inferioris</strong></span> <span class='ocrx_word' id='word_1_716' title='bbox 1189 4668 1418 4726; x_wconf 75' lang='lat' dir='ltr'><strong>egestus,</strong></span> <span class='ocrx_word' id='word_1_717' title='bbox 1445 4667 1496 4711; x_wconf 91' lang='lat' dir='ltr'><strong>et</strong></span> <span class='ocrx_word' id='word_1_718' title='bbox 1524 4657 1654 4711; x_wconf 81' lang='lat' dir='ltr'><strong>infra</strong></span> <span class='ocrx_word' id='word_1_719' title='bbox 1684 4659 1989 4714; x_wconf 80' lang='lat' dir='ltr'><strong>obaudiatur</strong></span> <span class='ocrx_word' id='word_1_720' title='bbox 2007 4678 2091 4716; x_wconf 76' lang='lat' dir='ltr'><strong>sa-</strong></span> 
     </span>
    </p>
   </div>
   <div class='ocr_carea' id='block_1_93' title="bbox 515 4730 2094 4802">
    <p class='ocr_par' dir='ltr' id='par_1_93' title="bbox 515 4730 2094 4802">
     <span class='ocr_line' id='line_1_93' title="bbox 515 4730 2094 4802; baseline 0.003 -18"><span class='ocrx_word' id='word_1_721' title='bbox 515 4730 725 4784; x_wconf 76' lang='lat' dir='ltr'><strong>ccrdmi.</strong></span> <span class='ocrx_word' id='word_1_722' title='bbox 754 4730 878 4784; x_wconf 89' lang='lat' dir='ltr'><strong>Bec.</strong></span> <span class='ocrx_word' id='word_1_723' title='bbox 903 4768 919 4794; x_wconf 95' lang='lat'><strong>,</strong></span> <span class='ocrx_word' id='word_1_724' title='bbox 962 4730 1123 4799; x_wconf 78' lang='lat' dir='ltr'><strong>partis</strong></span> <span class='ocrx_word' id='word_1_725' title='bbox 1150 4730 1404 4802; x_wconf 76' lang='lat' dir='ltr'><strong>inferioris</strong></span> <span class='ocrx_word' id='word_1_726' title='bbox 1448 4739 1740 4799; x_wconf 64' lang='lat' dir='ltr'><strong>egestum...</strong></span> <span class='ocrx_word' id='word_1_727' title='bbox 1787 4730 2094 4788; x_wconf 65' lang='lat' dir='ltr'><strong>oboediatur</strong></span> 
     </span>
    </p>
   </div>
   <div class='ocr_carea' id='block_1_94' title="bbox 509 4802 764 4856">
    <p class='ocr_par' dir='ltr' id='par_1_94' title="bbox 509 4802 764 4856">
     <span class='ocr_line' id='line_1_94' title="bbox 509 4802 764 4856; baseline -0.008 0"><span class='ocrx_word' id='word_1_728' title='bbox 509 4802 764 4856; x_wconf 79' lang='lat' dir='ltr'><strong>sacerdos.</strong></span> 
     </span>
    </p>
   </div>
   <div class='ocr_carea' id='block_1_95' title="bbox 585 4868 2088 4939">
    <p class='ocr_par' dir='ltr' id='par_1_95' title="bbox 585 4868 2088 4939">
     <span class='ocr_line' id='line_1_95' title="bbox 585 4868 2088 4939; baseline 0.004 -14"><span class='ocrx_word' id='word_1_729' title='bbox 585 4873 611 4911; x_wconf 71' lang='grc' dir='ltr'>δ</span> <span class='ocrx_word' id='word_1_730' title='bbox 641 4873 780 4925; x_wconf 84' lang='lat' dir='ltr'><strong>Obiit</strong></span> <span class='ocrx_word' id='word_1_731' title='bbox 830 4886 971 4925; x_wconf 88' lang='lat' dir='ltr'><strong>anno</strong></span> <span class='ocrx_word' id='word_1_732' title='bbox 1016 4870 1140 4933; x_wconf 63' lang='grc'><strong>481,</strong></span> <span class='ocrx_word' id='word_1_733' title='bbox 1170 4880 1230 4924; x_wconf 90' lang='lat' dir='ltr'><strong>ut</strong></span> <span class='ocrx_word' id='word_1_734' title='bbox 1256 4870 1441 4925; x_wconf 85' lang='lat' dir='ltr'><strong>scribit</strong></span> <span class='ocrx_word' id='word_1_735' title='bbox 1488 4868 1718 4934; x_wconf 85' lang='lat' dir='ltr'><strong>Savaro,</strong></span> <span class='ocrx_word' id='word_1_736' title='bbox 1778 4885 1831 4926; x_wconf 81' lang='lat' dir='ltr'><strong>et</strong></span> <span class='ocrx_word' id='word_1_737' title='bbox 1872 4873 2088 4939; x_wconf 89' lang='lat' dir='ltr'><strong>quidem</strong></span> 
     </span>
    </p>
   </div>
   <div class='ocr_carea' id='block_1_96' title="bbox 511 4940 2085 5010">
    <p class='ocr_par' dir='ltr' id='par_1_96' title="bbox 511 4940 2085 5010">
     <span class='ocr_line' id='line_1_96' title="bbox 511 4940 2085 5010; baseline 0.002 -11"><span class='ocrx_word' id='word_1_738' title='bbox 511 4944 602 4999; x_wconf 93' lang='lat' dir='ltr'><strong>die</strong></span> <span class='ocrx_word' id='word_1_739' title='bbox 633 4943 698 4999; x_wconf 73' lang='grc'><strong>12</strong></span> <span class='ocrx_word' id='word_1_740' title='bbox 723 4942 830 4999; x_wconf 83' lang='lat' dir='ltr'><strong>kal.</strong></span> <span class='ocrx_word' id='word_1_741' title='bbox 870 4941 1201 5010; x_wconf 87' lang='lat' dir='ltr'><strong>Septembris</strong></span> <span class='ocrx_word' id='word_1_742' title='bbox 1231 4983 1246 5005; x_wconf 95' lang='lat'><strong>,</strong></span> <span class='ocrx_word' id='word_1_743' title='bbox 1287 4940 1402 5010; x_wconf 92' lang='lat' dir='ltr'><strong>ejus</strong></span> <span class='ocrx_word' id='word_1_744' title='bbox 1434 4950 1609 4996; x_wconf 89' lang='lat' dir='ltr'><strong>tamen</strong></span> <span class='ocrx_word' id='word_1_745' title='bbox 1640 4942 1831 4998; x_wconf 87' lang='lat' dir='ltr'><strong>festum</strong></span> <span class='ocrx_word' id='word_1_746' title='bbox 1871 4942 1937 4997; x_wconf 84' lang='grc'><strong>10</strong></span> <span class='ocrx_word' id='word_1_747' title='bbox 1976 4944 2085 5002; x_wconf 83' lang='lat' dir='ltr'><strong>kal.</strong></span> 
     </span>
    </p>
   </div>
   <div class='ocr_carea' id='block_1_97' title="bbox 511 5012 2086 5084">
    <p class='ocr_par' dir='ltr' id='par_1_97' title="bbox 511 5012 2086 5084">
     <span class='ocr_line' id='line_1_97' title="bbox 511 5012 2086 5084; baseline -0.001 -14"><span class='ocrx_word' id='word_1_748' title='bbox 511 5015 749 5084; x_wconf 86' lang='lat' dir='ltr'><strong>ejusdem</strong></span> <span class='ocrx_word' id='word_1_749' title='bbox 782 5016 980 5069; x_wconf 87' lang='lat' dir='ltr'><strong>mensis</strong></span> <span class='ocrx_word' id='word_1_750' title='bbox 1017 5014 1067 5066; x_wconf 88' lang='lat' dir='ltr'><strong>in</strong></span> <span class='ocrx_word' id='word_1_751' title='bbox 1116 5012 1491 5083; x_wconf 70' lang='lat' dir='ltr'><strong>Martyrologio</strong></span> <span class='ocrx_word' id='word_1_752' title='bbox 1530 5014 1770 5068; x_wconf 72' lang='lat' dir='ltr'><strong>Romano</strong></span> <span class='ocrx_word' id='word_1_753' title='bbox 1811 5016 2086 5073; x_wconf 85' lang='lat' dir='ltr'><strong>recolitur.</strong></span> 
     </span>
    </p>
   </div>
   <div class='ocr_carea' id='block_1_98' title="bbox 514 5084 2089 5155">
    <p class='ocr_par' dir='ltr' id='par_1_98' title="bbox 514 5084 2089 5155">
     <span class='ocr_line' id='line_1_98' title="bbox 514 5084 2089 5155; baseline 0.001 -15"><span class='ocrx_word' id='word_1_754' title='bbox 514 5088 762 5155; x_wconf 70' lang='lat' dir='ltr'><strong>Sepultus</strong></span> <span class='ocrx_word' id='word_1_755' title='bbox 799 5096 883 5141; x_wconf 88' lang='lat' dir='ltr'><strong>est</strong></span> <span class='ocrx_word' id='word_1_756' title='bbox 931 5087 981 5139; x_wconf 93' lang='lat' dir='ltr'><strong>in</strong></span> <span class='ocrx_word' id='word_1_757' title='bbox 1008 5086 1233 5155; x_wconf 50' lang='lat' dir='ltr'><strong>ecclesia</strong></span> <span class='ocrx_word' id='word_1_758' title='bbox 1267 5085 1434 5138; x_wconf 87' lang='lat' dir='ltr'><strong>sancti</strong></span> <span class='ocrx_word' id='word_1_759' title='bbox 1478 5084 1779 5148; x_wconf 86' lang='lat' dir='ltr'><strong>Saturnini,</strong></span> <span class='ocrx_word' id='word_1_760' title='bbox 1812 5097 1868 5139; x_wconf 90' lang='lat' dir='ltr'><strong>ut</strong></span> <span class='ocrx_word' id='word_1_761' title='bbox 1893 5086 2089 5142; x_wconf 91' lang='lat' dir='ltr'><strong>dicitur</strong></span> 
     </span>
    </p>
   </div>
   <div class='ocr_carea' id='block_1_99' title="bbox 513 5154 2089 5223">
    <p class='ocr_par' dir='ltr' id='par_1_99' title="bbox 513 5154 2089 5223">
     <span class='ocr_line' id='line_1_99' title="bbox 513 5154 2089 5223; baseline 0.001 -13"><span class='ocrx_word' id='word_1_762' title='bbox 513 5157 567 5210; x_wconf 92' lang='lat' dir='ltr'><strong>in</strong></span> <span class='ocrx_word' id='word_1_763' title='bbox 597 5158 687 5214; x_wconf 91' lang='lat' dir='ltr'><strong>lib.</strong></span> <span class='ocrx_word' id='word_1_764' title='bbox 714 5173 728 5210; x_wconf 93' lang='lat' dir='ltr'><strong>I</strong></span> <span class='ocrx_word' id='word_1_765' title='bbox 758 5158 823 5211; x_wconf 89' lang='lat' dir='ltr'><strong>de</strong></span> <span class='ocrx_word' id='word_1_766' title='bbox 853 5160 1045 5213; x_wconf 86' lang='lat' dir='ltr'><strong>eccles.</strong></span> <span class='ocrx_word' id='word_1_767' title='bbox 1100 5154 1427 5211; x_wconf 87' lang='lat' dir='ltr'><strong>Claromont.</strong></span> <span class='ocrx_word' id='word_1_768' title='bbox 1449 5197 1465 5220; x_wconf 96' lang='lat'><strong>,</strong></span> <span class='ocrx_word' id='word_1_769' title='bbox 1497 5170 1613 5223; x_wconf 88' lang='lat' dir='ltr'><strong>cap.</strong></span> <span class='ocrx_word' id='word_1_770' title='bbox 1646 5156 1731 5206; x_wconf 67' lang='lat'><strong>22.</strong></span> <span class='ocrx_word' id='word_1_771' title='bbox 1772 5158 1895 5211; x_wconf 68' lang='grc' dir='ltr'><strong>Ηιειο</strong></span> <span class='ocrx_word' id='word_1_772' title='bbox 1915 5158 2089 5212; x_wconf 83' lang='lat' dir='ltr'><strong>eccle-</strong></span> 
     </span>
    </p>
   </div>
   <div class='ocr_carea' id='block_1_100' title="bbox 516 5227 2096 5285">
    <p class='ocr_par' dir='ltr' id='par_1_100' title="bbox 516 5227 2096 5285">
     <span class='ocr_line' id='line_1_100' title="bbox 516 5227 2096 5285; baseline 0.002 -6"><span class='ocrx_word' id='word_1_773' title='bbox 516 5228 592 5280; x_wconf 85' lang='lat' dir='ltr'><strong>sia</strong></span> <span class='ocrx_word' id='word_1_774' title='bbox 623 5238 824 5281; x_wconf 90' lang='lat' dir='ltr'><strong>mutato</strong></span> <span class='ocrx_word' id='word_1_775' title='bbox 873 5229 1086 5285; x_wconf 88' lang='lat' dir='ltr'><strong>nomine</strong></span> <span class='ocrx_word' id='word_1_776' title='bbox 1114 5227 1282 5281; x_wconf 88' lang='lat' dir='ltr'><strong>sancti</strong></span> <span class='ocrx_word' id='word_1_777' title='bbox 1312 5227 1594 5280; x_wconf 86' lang='lat' dir='ltr'><strong>Amandini</strong></span> <span class='ocrx_word' id='word_1_778' title='bbox 1633 5227 1770 5282; x_wconf 90' lang='lat' dir='ltr'><strong>dicta</strong></span> <span class='ocrx_word' id='word_1_779' title='bbox 1810 5239 1910 5284; x_wconf 89' lang='lat' dir='ltr'><strong>est.</strong></span> <span class='ocrx_word' id='word_1_780' title='bbox 1945 5229 2096 5282; x_wconf 82' lang='lat' dir='ltr'><strong>Post-</strong></span> 
     </span>
    </p>
   </div>
   <div class='ocr_carea' id='block_1_101' title="bbox 518 5297 2089 5368">
    <p class='ocr_par' dir='ltr' id='par_1_101' title="bbox 518 5297 2089 5368">
     <span class='ocr_line' id='line_1_101' title="bbox 518 5297 2089 5368; baseline 0.004 -20"><span class='ocrx_word' id='word_1_781' title='bbox 518 5297 1064 5368; x_wconf 15' lang='lat' dir='ltr'><strong>modumgtranslatum</strong></span> <span class='ocrx_word' id='word_1_782' title='bbox 1088 5308 1171 5353; x_wconf 82' lang='lat' dir='ltr'><strong>est</strong></span> <span class='ocrx_word' id='word_1_783' title='bbox 1203 5299 1260 5353; x_wconf 83' lang='grc' dir='ltr'><strong>Β.</strong></span> <span class='ocrx_word' id='word_1_784' title='bbox 1279 5297 1483 5353; x_wconf 85' lang='lat' dir='ltr'><strong>Sidonii</strong></span> <span class='ocrx_word' id='word_1_785' title='bbox 1509 5313 1704 5368; x_wconf 91' lang='lat' dir='ltr'><strong>corpus</strong></span> <span class='ocrx_word' id='word_1_786' title='bbox 1729 5301 1779 5353; x_wconf 90' lang='lat' dir='ltr'><strong>in</strong></span> <span class='ocrx_word' id='word_1_787' title='bbox 1808 5299 2089 5356; x_wconf 84' lang='lat' dir='ltr'><strong>ecclesiam</strong></span> 
     </span>
    </p>
   </div>
   <div class='ocr_carea' id='block_1_102' title="bbox 516 5366 948 5423">
    <p class='ocr_par' dir='ltr' id='par_1_102' title="bbox 516 5366 948 5423">
     <span class='ocr_line' id='line_1_102' title="bbox 516 5366 948 5423; baseline 0 0"><span class='ocrx_word' id='word_1_788' title='bbox 516 5371 686 5423; x_wconf 82' lang='lat' dir='ltr'><strong>sancti</strong></span> <span class='ocrx_word' id='word_1_789' title='bbox 718 5366 948 5423; x_wconf 86' lang='lat' dir='ltr'><strong>Genesii.</strong></span> 
     </span>
    </p>
   </div>
   <div class='ocr_carea' id='block_1_103' title="bbox 588 5440 2077 5511">
    <p class='ocr_par' dir='ltr' id='par_1_103' title="bbox 588 5440 2077 5511">
     <span class='ocr_line' id='line_1_103' title="bbox 588 5440 2077 5511; baseline 0.003 -19"><span class='ocrx_word' id='word_1_790' title='bbox 588 5448 612 5476; x_wconf 70' lang='grc' dir='ltr'><strong>α</strong></span> <span class='ocrx_word' id='word_1_791' title='bbox 670 5440 890 5511; x_wconf 84' lang='lat' dir='ltr'><strong>Domum</strong></span> <span class='ocrx_word' id='word_1_792' title='bbox 936 5440 1176 5495; x_wconf 59' lang='lat' dir='ltr'><strong>ecclesia:</strong></span> <span class='ocrx_word' id='word_1_793' title='bbox 1228 5441 1421 5509; x_wconf 87' lang='lat' dir='ltr'><strong>passim</strong></span> <span class='ocrx_word' id='word_1_794' title='bbox 1475 5450 1733 5495; x_wconf 90' lang='lat' dir='ltr'><strong>memorat</strong></span> <span class='ocrx_word' id='word_1_795' title='bbox 1769 5440 2077 5511; x_wconf 82' lang='lat' dir='ltr'><strong>Gregorius,</strong></span> 
     </span>
    </p>
   </div>
   <div class='ocr_carea' id='block_1_104' title="bbox 514 5509 2087 5581">
    <p class='ocr_par' dir='ltr' id='par_1_104' title="bbox 514 5509 2087 5581">
     <span class='ocr_line' id='line_1_104' title="bbox 514 5509 2087 5581; baseline 0.003 -18"><span class='ocrx_word' id='word_1_796' title='bbox 514 5524 622 5581; x_wconf 84' lang='lat' dir='ltr'><strong>quo</strong></span> <span class='ocrx_word' id='word_1_797' title='bbox 668 5509 879 5581; x_wconf 79' lang='lat' dir='ltr'><strong>nomine</strong></span> <span class='ocrx_word' id='word_1_798' title='bbox 905 5512 1044 5564; x_wconf 68' lang='lat' dir='ltr'><strong>{edes</strong></span> <span class='ocrx_word' id='word_1_799' title='bbox 1074 5513 1432 5575; x_wconf 82' lang='lat' dir='ltr'><strong>episcopales,</strong></span> <span class='ocrx_word' id='word_1_800' title='bbox 1463 5513 1650 5581; x_wconf 85' lang='lat' dir='ltr'><strong>majori</strong></span> <span class='ocrx_word' id='word_1_801' title='bbox 1674 5509 1916 5566; x_wconf 78' lang='lat' dir='ltr'><strong>ecclesia:</strong></span> <span class='ocrx_word' id='word_1_802' title='bbox 1940 5514 2087 5569; x_wconf 89' lang='lat' dir='ltr'><strong>urbis</strong></span> 
     </span>
    </p>
   </div>
   <div class='ocr_carea' id='block_1_105' title="bbox 516 5579 2086 5653">
    <p class='ocr_par' dir='ltr' id='par_1_105' title="bbox 516 5579 2086 5653">
     <span class='ocr_line' id='line_1_105' title="bbox 516 5579 2086 5653; baseline 0.003 -16"><span class='ocrx_word' id='word_1_803' title='bbox 516 5579 612 5637; x_wconf 78' lang='lat' dir='ltr'><strong>seu</strong></span> <span class='ocrx_word' id='word_1_804' title='bbox 662 5579 950 5653; x_wconf 80' lang='lat' dir='ltr'><strong>cathedrali</strong></span> <span class='ocrx_word' id='word_1_805' title='bbox 993 5580 1359 5646; x_wconf 67' lang='lat' dir='ltr'><strong>adhaerentes,</strong></span> <span class='ocrx_word' id='word_1_806' title='bbox 1407 5579 1674 5653; x_wconf 73' lang='lat' dir='ltr'><strong>designari</strong></span> <span class='ocrx_word' id='word_1_807' title='bbox 1735 5583 1943 5638; x_wconf 80' lang='lat' dir='ltr'><strong>videtur</strong></span> <span class='ocrx_word' id='word_1_808' title='bbox 1966 5598 2086 5641; x_wconf 88' lang='lat' dir='ltr'><strong>esse</strong></span> 
     </span>
    </p>
   </div>
   <div class='ocr_carea' id='block_1_106' title="bbox 516 5650 933 5710">
    <p class='ocr_par' dir='ltr' id='par_1_106' title="bbox 516 5650 933 5710">
     <span class='ocr_line' id='line_1_106' title="bbox 516 5650 933 5710; baseline -0.017 0"><span class='ocrx_word' id='word_1_809' title='bbox 516 5660 663 5710; x_wconf 73' lang='lat' dir='ltr'><strong>extra</strong></span> <span class='ocrx_word' id='word_1_810' title='bbox 697 5650 933 5703; x_wconf 84' lang='lat' dir='ltr'><strong>dubium.</strong></span> 
     </span>
    </p>
   </div>
   <div class='ocr_carea' id='block_1_107' title="bbox 592 5718 1310 5789">
    <p class='ocr_par' dir='ltr' id='par_1_107' title="bbox 592 5718 1310 5789">
     <span class='ocr_line' id='line_1_107' title="bbox 592 5718 1310 5789; baseline -0.008 -9"><span class='ocrx_word' id='word_1_811' title='bbox 592 5721 618 5762; x_wconf 66' lang='grc'><strong>⁸³</strong></span> <span class='ocrx_word' id='word_1_812' title='bbox 649 5718 793 5781; x_wconf 80' lang='lat' dir='ltr'><strong>Editi</strong></span> <span class='ocrx_word' id='word_1_813' title='bbox 821 5719 1047 5786; x_wconf 87' lang='lat' dir='ltr'><strong>habent,</strong></span> <span class='ocrx_word' id='word_1_814' title='bbox 1074 5721 1310 5789; x_wconf 69' lang='lat' dir='ltr'><strong>suggerit.</strong></span> 
     </span>
    </p>
   </div>
   <div class='ocr_carea' id='block_1_108' title="bbox 2274 4658 3798 4729">
    <p class='ocr_par' dir='ltr' id='par_1_108' title="bbox 2274 4658 3798 4729">
     <span class='ocr_line' id='line_1_108' title="bbox 2274 4658 3798 4729; baseline 0.007 -14"><span class='ocrx_word' id='word_1_815' title='bbox 2274 4670 2299 4698; x_wconf 83' lang='lat'><strong><em>°</em></strong></span> <span class='ocrx_word' id='word_1_816' title='bbox 2331 4662 2407 4716; x_wconf 90' lang='lat' dir='ltr'><strong>De</strong></span> <span class='ocrx_word' id='word_1_817' title='bbox 2428 4661 2614 4716; x_wconf 83' lang='lat' dir='ltr'><strong>eodem</strong></span> <span class='ocrx_word' id='word_1_818' title='bbox 2645 4659 2783 4718; x_wconf 85' lang='lat' dir='ltr'><strong>infra</strong></span> <span class='ocrx_word' id='word_1_819' title='bbox 2812 4674 2929 4729; x_wconf 88' lang='lat' dir='ltr'><strong>cap.</strong></span> <span class='ocrx_word' id='word_1_820' title='bbox 2969 4658 3040 4714; x_wconf 71' lang='lat'><strong>36</strong></span> <span class='ocrx_word' id='word_1_821' title='bbox 3067 4698 3083 4722; x_wconf 92' lang='lat'><strong>,</strong></span> <span class='ocrx_word' id='word_1_822' title='bbox 3117 4658 3296 4729; x_wconf 18' lang='lat' dir='ltr'><strong>etilib.</strong></span> <span class='ocrx_word' id='word_1_823' title='bbox 3322 4674 3379 4713; x_wconf 86' lang='lat' dir='ltr'><strong>tu</strong></span> <span class='ocrx_word' id='word_1_824' title='bbox 3410 4701 3425 4724; x_wconf 95' lang='lat'><strong>,</strong></span> <span class='ocrx_word' id='word_1_825' title='bbox 3456 4674 3581 4721; x_wconf 68' lang='lat' dir='ltr'><strong>cat).</strong></span> <span class='ocrx_word' id='word_1_826' title='bbox 3609 4660 3645 4712; x_wconf 73' lang='lat'><strong>9-</strong></span> <span class='ocrx_word' id='word_1_827' title='bbox 3670 4701 3689 4724; x_wconf 72' lang='grc' dir='ltr'><strong>ν</strong></span> <span class='ocrx_word' id='word_1_828' title='bbox 3723 4664 3798 4719; x_wconf 72' lang='lat' dir='ltr'><strong>ad</strong></span> 
     </span>
    </p>
   </div>
   <div class='ocr_carea' id='block_1_109' title="bbox 2199 4728 3794 4804">
    <p class='ocr_par' dir='ltr' id='par_1_109' title="bbox 2199 4728 3794 4804">
     <span class='ocr_line' id='line_1_109' title="bbox 2199 4728 3794 4804; baseline 0.001 -17"><span class='ocrx_word' id='word_1_829' title='bbox 2199 4741 2619 4804; x_wconf 15' lang='lat' dir='ltr'><strong>quemrexstant</strong></span> <span class='ocrx_word' id='word_1_830' title='bbox 2664 4728 2887 4804; x_wconf 81' lang='lat' dir='ltr'><strong>aliquot</strong></span> <span class='ocrx_word' id='word_1_831' title='bbox 2915 4730 3111 4804; x_wconf 83' lang='lat' dir='ltr'><strong>R_u_ricii</strong></span> <span class='ocrx_word' id='word_1_832' title='bbox 3168 4728 3565 4804; x_wconf 82' lang='lat' dir='ltr'><strong>Lemovicensis</strong></span> <span class='ocrx_word' id='word_1_833' title='bbox 3610 4735 3794 4804; x_wconf 83' lang='lat' dir='ltr'><strong>epise.</strong></span> 
     </span>
    </p>
   </div>
   <div class='ocr_carea' id='block_1_110' title="bbox 2196 4801 3795 4871">
    <p class='ocr_par' dir='ltr' id='par_1_110' title="bbox 2196 4801 3795 4871">
     <span class='ocr_line' id='line_1_110' title="bbox 2196 4801 3795 4871; baseline 0.002 -13"><span class='ocrx_word' id='word_1_834' title='bbox 2196 4801 2453 4869; x_wconf 71' lang='lat' dir='ltr'><strong>epistolae.</strong></span> <span class='ocrx_word' id='word_1_835' title='bbox 2483 4803 2668 4859; x_wconf 84' lang='lat' dir='ltr'><strong>Eidem</strong></span> <span class='ocrx_word' id='word_1_836' title='bbox 2690 4844 2705 4865; x_wconf 92' lang='lat'><strong>,</strong></span> <span class='ocrx_word' id='word_1_837' title='bbox 2737 4801 2913 4856; x_wconf 90' lang='lat' dir='ltr'><strong>adhuc</strong></span> <span class='ocrx_word' id='word_1_838' title='bbox 2940 4802 3235 4869; x_wconf 82' lang='lat' dir='ltr'><strong>Lingonum</strong></span> <span class='ocrx_word' id='word_1_839' title='bbox 3262 4803 3533 4869; x_wconf 84' lang='lat' dir='ltr'><strong>episcopo,</strong></span> <span class='ocrx_word' id='word_1_840' title='bbox 3559 4803 3795 4871; x_wconf 82' lang='lat' dir='ltr'><strong>scripsit</strong></span> 
     </span>
    </p>
   </div>
   <div class='ocr_carea' id='block_1_111' title="bbox 2202 4871 3797 4942">
    <p class='ocr_par' dir='ltr' id='par_1_111' title="bbox 2202 4871 3797 4942">
     <span class='ocr_line' id='line_1_111' title="bbox 2202 4871 3797 4942; baseline 0 -12"><span class='ocrx_word' id='word_1_841' title='bbox 2202 4874 2453 4930; x_wconf 90' lang='lat' dir='ltr'><strong>Sidonius</strong></span> <span class='ocrx_word' id='word_1_842' title='bbox 2480 4875 2757 4942; x_wconf 86' lang='lat' dir='ltr'><strong>epistolam</strong></span> <span class='ocrx_word' id='word_1_843' title='bbox 2786 4871 2850 4925; x_wconf 77' lang='grc'><strong>10</strong></span> <span class='ocrx_word' id='word_1_844' title='bbox 2879 4872 2997 4926; x_wconf 90' lang='lat' dir='ltr'><strong>libri</strong></span> <span class='ocrx_word' id='word_1_845' title='bbox 3026 4888 3101 4927; x_wconf 81' lang='lat' dir='ltr'><strong>ix.</strong></span> <span class='ocrx_word' id='word_1_846' title='bbox 3126 4871 3379 4942; x_wconf 80' lang='lat' dir='ltr'><strong>Sepuitus</strong></span> <span class='ocrx_word' id='word_1_847' title='bbox 3415 4882 3497 4925; x_wconf 89' lang='lat' dir='ltr'><strong>est</strong></span> <span class='ocrx_word' id='word_1_848' title='bbox 3522 4872 3575 4925; x_wconf 91' lang='lat' dir='ltr'><strong>in</strong></span> <span class='ocrx_word' id='word_1_849' title='bbox 3599 4877 3797 4930; x_wconf 86' lang='lat' dir='ltr'><strong>eccle-</strong></span> 
     </span>
    </p>
   </div>
   <div class='ocr_carea' id='block_1_112' title="bbox 2198 4941 3791 5014">
    <p class='ocr_par' dir='ltr' id='par_1_112' title="bbox 2198 4941 3791 5014">
     <span class='ocr_line' id='line_1_112' title="bbox 2198 4941 3791 5014; baseline -0.001 -14"><span class='ocrx_word' id='word_1_850' title='bbox 2198 4946 2276 5000; x_wconf 89' lang='lat' dir='ltr'><strong>sia</strong></span> <span class='ocrx_word' id='word_1_851' title='bbox 2289 4944 2345 4999; x_wconf 91' lang='lat' dir='ltr'><strong>S.</strong></span> <span class='ocrx_word' id='word_1_852' title='bbox 2362 4941 2614 5011; x_wconf 84' lang='lat' dir='ltr'><strong>Stephani</strong></span> <span class='ocrx_word' id='word_1_853' title='bbox 2628 4959 2693 4999; x_wconf 91' lang='lat' dir='ltr'><strong>ex</strong></span> <span class='ocrx_word' id='word_1_854' title='bbox 2708 4944 2800 4999; x_wconf 90' lang='lat' dir='ltr'><strong>lib.</strong></span> <span class='ocrx_word' id='word_1_855' title='bbox 2812 4959 2852 5014; x_wconf 78' lang='lat' dir='ltr'><strong>t.</strong></span> <span class='ocrx_word' id='word_1_856' title='bbox 2872 4943 3158 4998; x_wconf 85' lang='lat' dir='ltr'><strong>Ecclesiar.</strong></span> <span class='ocrx_word' id='word_1_857' title='bbox 3175 4941 3528 5014; x_wconf 73' lang='lat' dir='ltr'><strong>Claromont..</strong></span> <span class='ocrx_word' id='word_1_858' title='bbox 3545 4958 3669 5014; x_wconf 86' lang='lat' dir='ltr'><strong>cap.</strong></span> <span class='ocrx_word' id='word_1_859' title='bbox 3693 4944 3791 5014; x_wconf 74' lang='grc'><strong>15,</strong></span> 
     </span>
    </p>
   </div>
   <div class='ocr_carea' id='block_1_113' title="bbox 2191 5011 3791 5083">
    <p class='ocr_par' dir='ltr' id='par_1_113' title="bbox 2191 5011 3791 5083">
     <span class='ocr_line' id='line_1_113' title="bbox 2191 5011 3791 5083; baseline 0.002 -14"><span class='ocrx_word' id='word_1_860' title='bbox 2191 5016 2283 5070; x_wconf 91' lang='lat' dir='ltr'><strong>ubi</strong></span> <span class='ocrx_word' id='word_1_861' title='bbox 2330 5024 2535 5071; x_wconf 79' lang='lat' dir='ltr'><strong>sanctus</strong></span> <span class='ocrx_word' id='word_1_862' title='bbox 2561 5014 2774 5069; x_wconf 87' lang='lat' dir='ltr'><strong>dicitur.</strong></span> <span class='ocrx_word' id='word_1_863' title='bbox 2825 5013 3139 5070; x_wconf 84' lang='lat' dir='ltr'><strong>Celebratur</strong></span> <span class='ocrx_word' id='word_1_864' title='bbox 3175 5011 3228 5067; x_wconf 85' lang='lat' dir='ltr'><strong>in</strong></span> <span class='ocrx_word' id='word_1_865' title='bbox 3277 5012 3555 5083; x_wconf 77' lang='lat' dir='ltr'><strong>Martyrol.</strong></span> <span class='ocrx_word' id='word_1_866' title='bbox 3585 5011 3791 5072; x_wconf 77' lang='lat' dir='ltr'><strong>Gallic.</strong></span> 
     </span>
    </p>
   </div>
   <div class='ocr_carea' id='block_1_114' title="bbox 2190 5085 2817 5142">
    <p class='ocr_par' dir='ltr' id='par_1_114' title="bbox 2190 5085 2817 5142">
     <span class='ocr_line' id='line_1_114' title="bbox 2190 5085 2817 5142; baseline -0.003 0"><span class='ocrx_word' id='word_1_867' title='bbox 2190 5087 2428 5142; x_wconf 88' lang='lat' dir='ltr'><strong>Saussaii</strong></span> <span class='ocrx_word' id='word_1_868' title='bbox 2463 5087 2550 5142; x_wconf 87' lang='lat' dir='ltr'><strong>die</strong></span> <span class='ocrx_word' id='word_1_869' title='bbox 2579 5088 2645 5141; x_wconf 76' lang='grc'><strong>14</strong></span> <span class='ocrx_word' id='word_1_870' title='bbox 2674 5085 2817 5140; x_wconf 83' lang='lat' dir='ltr'><strong>Maii.</strong></span> 
     </span>
    </p>
   </div>
   <div class='ocr_carea' id='block_1_115' title="bbox 2263 5175 3793 5245">
    <p class='ocr_par' dir='ltr' id='par_1_115' title="bbox 2263 5175 3793 5245">
     <span class='ocr_line' id='line_1_115' title="bbox 2263 5175 3793 5245; baseline 0.001 -11"><span class='ocrx_word' id='word_1_871' title='bbox 2263 5175 2287 5217; x_wconf 70' lang='grc' dir='ltr'>ί</span> <span class='ocrx_word' id='word_1_872' title='bbox 2338 5178 2449 5233; x_wconf 85' lang='lat' dir='ltr'><strong>Hoc</strong></span> <span class='ocrx_word' id='word_1_873' title='bbox 2480 5187 2637 5245; x_wconf 91' lang='lat' dir='ltr'><strong>caput</strong></span> <span class='ocrx_word' id='word_1_874' title='bbox 2665 5176 2814 5233; x_wconf 88' lang='lat' dir='ltr'><strong>deest</strong></span> <span class='ocrx_word' id='word_1_875' title='bbox 2838 5179 2891 5230; x_wconf 88' lang='lat' dir='ltr'><strong>in</strong></span> <span class='ocrx_word' id='word_1_876' title='bbox 2924 5175 3057 5231; x_wconf 90' lang='lat' dir='ltr'><strong>Bell.</strong></span> <span class='ocrx_word' id='word_1_877' title='bbox 3090 5176 3144 5231; x_wconf 87' lang='lat' dir='ltr'><strong>lu</strong></span> <span class='ocrx_word' id='word_1_878' title='bbox 3176 5175 3348 5232; x_wconf 91' lang='lat' dir='ltr'><strong>tribus</strong></span> <span class='ocrx_word' id='word_1_879' title='bbox 3377 5190 3508 5232; x_wconf 89' lang='lat' dir='ltr'><strong>vero</strong></span> <span class='ocrx_word' id='word_1_880' title='bbox 3534 5178 3661 5235; x_wconf 89' lang='lat' dir='ltr'><strong>aliis</strong></span> <span class='ocrx_word' id='word_1_881' title='bbox 3684 5181 3793 5239; x_wconf 81' lang='lat' dir='ltr'><strong>ab-</strong></span> 
     </span>
    </p>
   </div>
   <div class='ocr_carea' id='block_1_116' title="bbox 2205 5248 3254 5319">
    <p class='ocr_par' dir='ltr' id='par_1_116' title="bbox 2205 5248 3254 5319">
     <span class='ocr_line' id='line_1_116' title="bbox 2205 5248 3254 5319; baseline -0.001 -16"><span class='ocrx_word' id='word_1_882' title='bbox 2205 5249 2378 5304; x_wconf 84' lang='lat' dir='ltr'><strong>solute</strong></span> <span class='ocrx_word' id='word_1_883' title='bbox 2396 5250 2597 5318; x_wconf 90' lang='lat' dir='ltr'><strong>incipit,</strong></span> <span class='ocrx_word' id='word_1_884' title='bbox 2624 5248 2868 5319; x_wconf 79' lang='lat' dir='ltr'><strong>Tempore</strong></span> <span class='ocrx_word' id='word_1_885' title='bbox 2893 5248 3120 5312; x_wconf 81' lang='lat' dir='ltr'><strong>Sidonii,</strong></span> <span class='ocrx_word' id='word_1_886' title='bbox 3149 5259 3254 5302; x_wconf 91' lang='lat' dir='ltr'><strong>etc.</strong></span> 
     </span>
    </p>
   </div>
   <div class='ocr_carea' id='block_1_117' title="bbox 2270 5341 3792 5409">
    <p class='ocr_par' dir='ltr' id='par_1_117' title="bbox 2270 5341 3792 5409">
     <span class='ocr_line' id='line_1_117' title="bbox 2270 5341 3792 5409; baseline 0.009 -18"><span class='ocrx_word' id='word_1_887' title='bbox 2270 5352 2295 5391; x_wconf 73' lang='grc' dir='ltr'><strong><em>κ</em></strong></span> <span class='ocrx_word' id='word_1_888' title='bbox 2323 5341 2598 5409; x_wconf 87' lang='lat' dir='ltr'><strong>Ecdicius,</strong></span> <span class='ocrx_word' id='word_1_889' title='bbox 2629 5357 2743 5407; x_wconf 91' lang='lat' dir='ltr'><strong>seu,</strong></span> <span class='ocrx_word' id='word_1_890' title='bbox 2776 5352 2835 5395; x_wconf 90' lang='lat' dir='ltr'><strong>ut</strong></span> <span class='ocrx_word' id='word_1_891' title='bbox 2857 5341 2945 5397; x_wconf 89' lang='lat' dir='ltr'><strong>alii</strong></span> <span class='ocrx_word' id='word_1_892' title='bbox 2970 5341 3211 5396; x_wconf 90' lang='lat' dir='ltr'><strong>scribunt</strong></span> <span class='ocrx_word' id='word_1_893' title='bbox 3238 5383 3254 5406; x_wconf 94' lang='lat'><strong>,</strong></span> <span class='ocrx_word' id='word_1_894' title='bbox 3289 5341 3606 5409; x_wconf 83' lang='lat' dir='ltr'><strong>Hecdicius,</strong></span> <span class='ocrx_word' id='word_1_895' title='bbox 3639 5346 3792 5404; x_wconf 80' lang='lat' dir='ltr'><strong>ﬁlius</strong></span> 
     </span>
    </p>
   </div>
   <div class='ocr_carea' id='block_1_118' title="bbox 2192 5412 3793 5483">
    <p class='ocr_par' dir='ltr' id='par_1_118' title="bbox 2192 5412 3793 5483">
     <span class='ocr_line' id='line_1_118' title="bbox 2192 5412 3793 5483; baseline 0.003 -13"><span class='ocrx_word' id='word_1_896' title='bbox 2192 5414 2290 5470; x_wconf 84' lang='lat' dir='ltr'><strong>fuit</strong></span> <span class='ocrx_word' id='word_1_897' title='bbox 2337 5415 2479 5469; x_wconf 78' lang='lat' dir='ltr'><strong>Aviti</strong></span> <span class='ocrx_word' id='word_1_898' title='bbox 2533 5412 2875 5483; x_wconf 89' lang='lat' dir='ltr'><strong>imperatoris</strong></span> <span class='ocrx_word' id='word_1_899' title='bbox 2904 5453 2919 5477; x_wconf 95' lang='lat'><strong>,</strong></span> <span class='ocrx_word' id='word_1_900' title='bbox 2951 5422 3005 5466; x_wconf 90' lang='lat' dir='ltr'><strong>et</strong></span> <span class='ocrx_word' id='word_1_901' title='bbox 3034 5413 3200 5467; x_wconf 83' lang='lat' dir='ltr'><strong>frater</strong></span> <span class='ocrx_word' id='word_1_902' title='bbox 3249 5412 3560 5482; x_wconf 74' lang='lat' dir='ltr'><strong>Papianilla:</strong></span> <span class='ocrx_word' id='word_1_903' title='bbox 3597 5422 3793 5475; x_wconf 78' lang='lat' dir='ltr'><strong>uxoris</strong></span> 
     </span>
    </p>
   </div>
   <div class='ocr_carea' id='block_1_119' title="bbox 2190 5482 3785 5553">
    <p class='ocr_par' dir='ltr' id='par_1_119' title="bbox 2190 5482 3785 5553">
     <span class='ocr_line' id='line_1_119' title="bbox 2190 5482 3785 5553; baseline 0.002 -12"><span class='ocrx_word' id='word_1_904' title='bbox 2190 5486 2418 5549; x_wconf 88' lang='lat' dir='ltr'><strong>Sidonii,</strong></span> <span class='ocrx_word' id='word_1_905' title='bbox 2442 5485 2507 5538; x_wconf 90' lang='lat' dir='ltr'><strong>ad</strong></span> <span class='ocrx_word' id='word_1_906' title='bbox 2520 5499 2679 5553; x_wconf 89' lang='lat' dir='ltr'><strong>quem</strong></span> <span class='ocrx_word' id='word_1_907' title='bbox 2703 5492 2916 5538; x_wconf 87' lang='lat' dir='ltr'><strong>exstant</strong></span> <span class='ocrx_word' id='word_1_908' title='bbox 2942 5482 3182 5551; x_wconf 86' lang='lat' dir='ltr'><strong>ejusdem</strong></span> <span class='ocrx_word' id='word_1_909' title='bbox 3205 5483 3409 5539; x_wconf 87' lang='lat' dir='ltr'><strong>Sidonii</strong></span> <span class='ocrx_word' id='word_1_910' title='bbox 3436 5499 3661 5541; x_wconf 86' lang='lat' dir='ltr'><strong>carmen</strong></span> <span class='ocrx_word' id='word_1_911' title='bbox 3684 5488 3785 5553; x_wconf 73' lang='lat'><strong>20.</strong></span> 
     </span>
    </p>
   </div>
   <div class='ocr_carea' id='block_1_120' title="bbox 2190 5553 3795 5678">
    <p class='ocr_par' dir='ltr' id='par_1_120' title="bbox 2190 5553 3795 5678">
     <span class='ocr_line' id='line_1_120' title="bbox 2190 5553 3795 5636; baseline 0.002 -24"><span class='ocrx_word' id='word_1_912' title='bbox 2190 5556 2414 5626; x_wconf 87' lang='lat' dir='ltr'><strong>epistola</strong></span> <span class='ocrx_word' id='word_1_913' title='bbox 2450 5557 2474 5609; x_wconf 83' lang='grc'><strong>1</strong></span> <span class='ocrx_word' id='word_1_914' title='bbox 2505 5554 2599 5609; x_wconf 88' lang='lat' dir='ltr'><strong>lib.</strong></span> <span class='ocrx_word' id='word_1_915' title='bbox 2628 5571 2665 5609; x_wconf 85' lang='lat' dir='ltr'><strong>ti</strong></span> <span class='ocrx_word' id='word_1_916' title='bbox 2689 5593 2704 5616; x_wconf 87' lang='lat'><strong>,</strong></span> <span class='ocrx_word' id='word_1_917' title='bbox 2730 5554 2784 5607; x_wconf 74' lang='lat' dir='ltr'><strong>et</strong></span> <span class='ocrx_word' id='word_1_918' title='bbox 2814 5555 2849 5608; x_wconf 78' lang='lat'><strong>3</strong></span> <span class='ocrx_word' id='word_1_919' title='bbox 2897 5553 3014 5607; x_wconf 85' lang='lat' dir='ltr'><strong>libri</strong></span> <span class='ocrx_word' id='word_1_920' title='bbox 3062 5568 3144 5636; x_wconf 73' lang='lat' dir='ltr'><strong>tu.</strong></span> <span class='ocrx_word' id='word_1_921' title='bbox 3176 5553 3369 5635; x_wconf 80' lang='lat' dir='ltr'><strong>Factus</strong></span> <span class='ocrx_word' id='word_1_922' title='bbox 3394 5564 3480 5609; x_wconf 91' lang='lat' dir='ltr'><strong>est</strong></span> <span class='ocrx_word' id='word_1_923' title='bbox 3511 5554 3795 5625; x_wconf 60' lang='lat' dir='ltr'><strong>Patricius</strong></span> 
     </span>
     <span class='ocr_line' id='line_1_121' title="bbox 2193 5625 3485 5678; baseline 0 0"><span class='ocrx_word' id='word_1_924' title='bbox 2193 5644 2223 5678; x_wconf 93' lang='lat' dir='ltr'><strong>a</strong></span> <span class='ocrx_word' id='word_1_925' title='bbox 2247 5626 2385 5678; x_wconf 88' lang='lat' dir='ltr'><strong>.lulio</strong></span> <span class='ocrx_word' id='word_1_926' title='bbox 2408 5628 2607 5678; x_wconf 80' lang='lat' dir='ltr'><strong>Nepote</strong></span> <span class='ocrx_word' id='word_1_927' title='bbox 2641 5630 2877 5678; x_wconf 64' lang='lat' dir='ltr'><strong>Augusto</strong></span> <span class='ocrx_word' id='word_1_928' title='bbox 2904 5638 2969 5678; x_wconf 82' lang='lat' dir='ltr'><strong>ex</strong></span> <span class='ocrx_word' id='word_1_929' title='bbox 2998 5636 3156 5678; x_wconf 79' lang='lat' dir='ltr'><strong>epist.</strong></span> <span class='ocrx_word' id='word_1_930' title='bbox 3196 5626 3262 5678; x_wconf 86' lang='grc'><strong>16</strong></span> <span class='ocrx_word' id='word_1_931' title='bbox 3291 5625 3383 5678; x_wconf 85' lang='lat' dir='ltr'><strong>Ith.</strong></span> <span class='ocrx_word' id='word_1_932' title='bbox 3430 5641 3485 5678; x_wconf 92' lang='lat' dir='ltr'><strong>v.</strong></span> 
     </span>
    </p>
   </div>
   <div class='ocr_carea' id='block_1_121' title="bbox 2193 5626 3485 5766">
    <p class='ocr_par' dir='ltr' id='par_1_121' title="bbox 2193 5626 3485 5766">
     <span class='ocr_line' id='line_1_122' title="bbox 2193 5626 3485 5694; baseline -0.003 -12"><span class='ocrx_word' id='word_1_933' title='bbox 2193 5644 2223 5682; x_wconf 94' lang='lat' dir='ltr'><strong>a</strong></span> <span class='ocrx_word' id='word_1_934' title='bbox 2247 5626 2385 5681; x_wconf 86' lang='lat' dir='ltr'><strong>.lulio</strong></span> <span class='ocrx_word' id='word_1_935' title='bbox 2408 5628 2607 5694; x_wconf 77' lang='lat' dir='ltr'><strong>Nepow</strong></span> <span class='ocrx_word' id='word_1_936' title='bbox 2641 5630 2877 5693; x_wconf 78' lang='lat' dir='ltr'><strong>Augusto</strong></span> <span class='ocrx_word' id='word_1_937' title='bbox 2904 5638 2969 5679; x_wconf 81' lang='lat' dir='ltr'><strong>ex</strong></span> <span class='ocrx_word' id='word_1_938' title='bbox 2998 5627 3156 5692; x_wconf 85' lang='lat' dir='ltr'><strong>epist.</strong></span> <span class='ocrx_word' id='word_1_939' title='bbox 3196 5626 3262 5680; x_wconf 87' lang='grc'><strong>16</strong></span> <span class='ocrx_word' id='word_1_940' title='bbox 3291 5626 3383 5681; x_wconf 84' lang='lat' dir='ltr'><strong>lib.</strong></span> <span class='ocrx_word' id='word_1_941' title='bbox 3430 5641 3485 5679; x_wconf 90' lang='lat' dir='ltr'><strong>v.</strong></span> 
     </span>
     <span class='ocr_line' id='line_1_123' title="bbox 2266 5694 3381 5766; baseline 0.004 -15"><span class='ocrx_word' id='word_1_942' title='bbox 2266 5694 2294 5737; x_wconf 70' lang='grc' dir='ltr'>ι</span> <span class='ocrx_word' id='word_1_943' title='bbox 2326 5696 2465 5752; x_wconf 87' lang='lat' dir='ltr'><strong>Editi</strong></span> <span class='ocrx_word' id='word_1_944' title='bbox 2494 5696 2735 5766; x_wconf 87' lang='lat' dir='ltr'><strong>plerique</strong></span> <span class='ocrx_word' id='word_1_945' title='bbox 2759 5709 2881 5751; x_wconf 90' lang='lat' dir='ltr'><strong>cum</strong></span> <span class='ocrx_word' id='word_1_946' title='bbox 2915 5697 3060 5761; x_wconf 76' lang='lat' dir='ltr'><strong>Bec.,</strong></span> <span class='ocrx_word' id='word_1_947' title='bbox 3090 5696 3161 5753; x_wconf 81' lang='lat' dir='ltr'><strong>ad</strong></span> <span class='ocrx_word' id='word_1_948' title='bbox 3184 5696 3381 5755; x_wconf 64' lang='lat' dir='ltr'><strong>domos.</strong></span> 
     </span>
    </p>
   </div>
  </div>
