3994 6194
171 254 276 311 ὶΞι

1129 254 1443 311 HISTORIA
1482 254 1929 313 FRANCORUM.
1972 255 2176 311 ιιι]εῆ
2214 256 2587 314 SECUNDUS.

3325 258 3434 313 222

185 384 246 429 ut
274 370 426 426 multi
472 372 664 430 aiunt.
711 370 942 439 amplius
986 382 1142 439 quam
1171 379 1396 439 quatuor
1425 369 1589 424 millia
1646 383 1767 437 pro-
1794 377 1840 433 Α
1869 383 2006 423 unus
2044 383 2109 424 ex
2138 368 2475 424 senatoribus
2498 411 2512 433 ,
2556 368 2872 438 subrogatus
2900 378 3000 425 est.
3027 367 3133 424 Sed
3172 384 3201 423 a
3230 369 3439 425 Gotthis

197 465 380 521 miscui
409 477 597 518 sexus.
651 460 986 517 Adveniente
1012 471 1186 514 autem
1217 461 1493 529 ubertate,
1527 461 1769 515 ordinata

206 560 392 613 iterum
441 552 761 617 evectione,
820 566 1249 621 unumquemque
1291 552 1343 605 in
1391 552 1567 606 locum
1618 566 1771 606 suum

216 647 452 703 restituit.
480 647 607 700 Post
627 661 857 715 quorum
885 645 1178 699 discessum
1200 684 1215 710 ,
1246 658 1348 697 vox
1378 643 1443 698 ad
1466 660 1584 699 eum
1612 660 1641 699 e
1663 659 1773 698 cm-

220 744 280 796 lis
300 743 435 808 lapsa
486 739 759 809 pervenit,
798 739 981 793 dicens
1013 755 1024 789 :
1058 736 1257 801 Ecdici,
1294 736 1495 803 Ecdici,
1522 738 1642 806 quia
1699 738 1775 791 Ie—

218 836 325 889 ciin
357 849 462 888 rem
494 835 655 899 hanc,
681 833 772 887 tibi
803 844 854 887 et
896 832 1088 886 semini
1119 840 1209 884 tuo
1256 832 1404 900 panis
1450 847 1553 886 non
1603 834 1776 887 deerit

219 926 266 979 in
293 926 666 1000 sempiternum
704 940 718 976 :
751 938 817 978 eo
858 923 997 992 quod
1036 922 1303 977 obedieris
1349 924 1523 978 verbis
1562 925 1694 978 meis
1723 933 1777 978 et

214 1016 400 1070 famem
422 1030 590 1069 meam
622 1013 916 1069 refectione
945 1028 1234 1081 pauperum
1269 1014 1561 1069 satiaveris.
1605 1015 1774 1080 Quem

215 1108 478 1163 Ecdicium
532 1106 682 1161 mira:
714 1104 1005 1161 velocitatis
1053 1106 1215 1160 fuisse
1259 1106 1365 1176 77
1414 1108 1562 1161 multi
1620 1122 1772 1161 com-

214 1206 507 1255 memorant
537 1216 552 1252 :
579 1214 700 1252 nam
729 1198 955 1267 quadam
989 1200 1107 1253 vice
1130 1198 1524 1253 multitudinem
1553 1198 1775 1254 Gnttlto-

209 1308 327 1347 rum
358 1306 475 1345 cum
505 1291 694 1344 decem
725 1291 851 1343 viris
887 1290 1093 1359 fugasse
1132 1290 1478 1359 perscribitur
1518 1299 1565 1345 ει.
1599 1291 1702 1345 Sed
1725 1302 1779 1346 et

209 1394 423 1439 sanctus
452 1382 671 1438 Patiens
725 1382 1090 1451 Lugdunensis
1119 1377 1397 1451 episcopus
1433 1382 1607 1436 simile
1654 1382 1779 1437 huic

206 1479 261 1532 in
306 1480 416 1546 ipsa
457 1476 597 1530 fame
626 1475 837 1546 populis
881 1476 1193 1543 prmstitisse
1240 1475 1550 1545 perhibetur
1578 1476 1779 1530 beneﬁ-

205 1570 371 1623 cium.
403 1568 591 1622 Exstat
634 1561 828 1620 exinde
859 1566 1015 1621 hodie
1071 1566 1208 1634 apud
1262 1582 1359 1620 nos
1404 1567 1543 1621 beati
1574 1566 1778 1622 Sidonii

204 1660 433 1724 epismla
458 1658 507 1724 ι),
536 1658 589 1711 in
619 1672 722 1726 qua
745 1673 865 1711 eum
896 1657 1270 1711 declamatorie
1295 1656 1631 1710 collaudavit.

1873 469 2148 527 suspectus
2176 460 2415 523 habitus,
2464 461 2800 529 episcOpatus
2844 462 2922 513 sui
2954 476 3096 514 anno
3122 462 3346 530 septimo
3388 460 3443 516 itt

1877 550 2157 617 Hispanias
2188 563 2269 604 εει
2297 552 2447 619 quasi
2480 552 2716 621 captivus
2744 551 3037 617 abductus;
3067 554 3159 608 sed
3205 553 3444 622 protinus

1874 642 2033 695 vitam
2066 642 2253 695 finivit.
2281 641 2334 695 In
2378 642 2530 711 cujus
2570 642 2685 695 loco
2734 642 2898 695 Verus
2929 640 2947 679 ί
2980 642 3294 708 succedens,
3320 657 3443 711 sep-

1874 734 2035 785 timus
2050 745 2165 800 post
2186 735 2394 786 beatum
2414 732 2697 787 Martiuum
2715 734 2822 803 78
2843 734 3117 787 ordinatur
3135 735 3438 801 episcoous.

1946 845 2154 900 XXVII.
2197 846 2290 900 His
2318 855 2341 893 Β
2385 847 2453 899 ita
2486 846 2649 916 gestis
2672 892 2686 914 ,
2739 856 2947 901 mortuo
2979 845 3299 912 Childerico,
3358 862 3443 901 rc-

1874 937 2056 1005 gnavit
2104 933 2509 990 Chlodnvechus
2539 978 2555 1003 ,
2588 937 2725 990 filius
2773 936 2926 1005 ejus,
3005 952 3100 1006 pro
3150 952 3236 991 eo.
3291 939 3445 990 Anno

1875 1039 2050 1082 autem
2108 1029 2292 1096 quinto
2341 1031 2491 1097 regni
2549 1029 2710 1098 ejus,
2776 1027 3028 1098 Syagrius
3085 1028 3442 1083 Romanorum

1878 1136 1971 1174 rex
2006 1160 2021 1182 ,
2077 1119 2276 1188 IEgidii
2332 1120 2511 1187 filius,
2563 1122 2627 1175 ad
2682 1122 2952 1175 civitatem
3010 1123 3324 1177 Suessionas
3363 1120 3432 1187 ιι,

1877 1226 2033 1281 quam
2063 1213 2330 1281 quondam
2363 1227 2518 1281 supra
2563 1224 2885 1268 memoratus
2914 1212 3151 1281 Egidius
3174 1224 3461 1279 tenuerat,-

1879 1303 2058 1357 scdent
2088 1302 2332 1356 habebat.
2381 1302 2552 1371 Super
2581 1319 2733 1371 quem
2762 1303 3163 1359 Cltlodovcchus
3183 1320 3303 1357 eum
3332 1303 3441 1358 Ra-

1878 1392 2165 1462 gnacbario
2194 1391 2209 1429 i
2239 1403 2455 1461 parente
2475 1407 2591 1456 suo,
2618 1393 2735 1462 quia
2754 1404 2807 1447 et
2828 1394 2937 1462 ipse
2959 1408 3179 1463 regnum
3203 1393 3440 1457 tenebat,

1880 1486 2121 1549 veniens,
2152 1500 2397 1555 campum
2424 1500 2609 1554 pugnae
2634 1486 2919 1554 praeparari
2941 1486 3198 1555 deposcit.
3224 1486 3326 1540 Sed
3350 1499 3448 1539 nec

1879 1574 1981 1629 iste
2025 1576 2250 1641 distulit,
2309 1590 2370 1630 ac
2424 1577 2675 1631 resistere
2720 1580 2926 1631 metuit.
2978 1578 3152 1645 Itaque
3206 1579 3341 1631 inter
3390 1592 3451 1632 se

1881 1667 2119 1737 utrisque
2144 1668 2517 1737 pugnantibus,
2550 1668 2799 1737 Syagrius
2824 1670 3010 1722 elisum
3040 1683 3264 1722 cernens
3292 1679 3449 1722 exer-

278 1752 443 1807 XXV.
466 1752 633 1820 Hujus
666 1759 903 1820 tempore
927 1762 980 1804 et
1022 1751 1213 1804 Evarix
1243 1762 1265 1790 ο
1295 1767 1387 1805 rex
1420 1750 1732 1805 Gotlhorum
1759 1792 1774 1817 ,
1808 1767 1855 1826 Β
1881 1758 2063 1825 citum,
2099 1769 2239 1827 terga
2282 1759 2460 1824 vertit,
2495 1768 2548 1812 et
2575 1757 2641 1811 ad
2672 1758 2940 1812 Alaricunt
2966 1774 3171 1828 regem,
3201 1760 3448 1813 Tolosam

203 1846 470 1899 excedens
520 1843 813 1912 Hispanum
846 1841 1064 1896 limitem
1104 1883 1118 1907 ,
1148 1857 1365 1912 gravem
1392 1843 1445 1897 in
1493 1842 1676 1897 Galliis
1701 1858 1781 1895 su-

203 1950 301 2002 per
352 1935 688 1988 Christianos
745 1934 921 1987 intulit
979 1935 1424 2001 persecutionem.
1482 1934 1784 1989 Truneabat

203 2031 401 2099 passim
434 2029 773 2098 perversitati
803 2044 911 2082 sua?
942 2044 1044 2082 non
1073 2030 1468 2084 consentientes
1489 2071 1503 2095 ,
1558 2028 1783 2083 clericos

202 2123 511 2176 carceribus
556 2121 835 2189 subigebat
882 2138 896 2173 :
944 2121 1249 2175 sacerdotes
1286 2136 1432 2188 vero,
1463 2120 1597 2175 alios
1624 2120 1784 2173 dabat

203 2214 417 2279 exsilio,
462 2213 601 2267 alios
628 2212 807 2282 gladio
846 2213 1161 2268 trucidabat.
1194 2214 1322 2267 Nam
1353 2223 1408 2267 et
1430 2214 1572 2281 ipsos
1600 2228 1782 2268 sacro-

205 2322 319 2361 rum
343 2306 666 2372 templorum
697 2304 873 2357 aditus
895 2306 1061 2372 spinis
1087 2305 1315 2373 iusserat
1349 2306 1611 2369 obserari,
1640 2306 1782 2359 scili-

205 2408 287 2451 cet
318 2408 377 2451 nt
412 2397 610 2451 raritas
654 2396 984 2466 ingrediendi
1024 2396 1343 2451 oblivionem
1386 2395 1588 2452 faceret
1636 2398 1777 2451 fidei.

207 2491 425 2546 Maxime
468 2502 596 2545 tunc
635 2490 1117 2559 Novempopulanae
1143 2531 1158 2553 ,
1198 2492 1527 2559 geminaeque
1561 2491 1781 2547 Germa-

209 2580 363 2637 niaa‘l
409 2582 591 2643 nrbes.
623 2582 692 2636 ab
744 2582 844 2635 hac
890 2590 1204 2649 tempestate
1248 2582 1580 2648 depopulane
1634 2591 1777 2635 sunt.

212 2674 391 2729 Exstat
407 2674 673 2744 hodieque
704 2683 756 2727 et
787 2688 882 2741 pro
919 2673 1015 2728 hac
1031 2687 1189 2726 causa
1212 2673 1276 2726 ad
1306 2673 1553 2727 Basilium
1576 2674 1783 2742 episeo—

210 2782 329 2836 pum
359 2768 554 2822 nobilis
589 2767 797 2823 Sidonii
848 2767 1009 2836 ipsius
1038 2768 1260 2835 epistola
1281 2807 1296 2831 ,
1323 2782 1440 2836 qua:
1467 2769 1580 2822 haec
1602 2769 1670 2821 ita
1699 2767 1780 2821 lo-

212 2861 404 2930 quitur.
447 2861 553 2914 Sed
622 2868 933 2928 persecntor
961 2873 1065 2912 non
1103 2871 1221 2925 post
1276 2860 1499 2913 multum
1549 2868 1779 2930 tempus,

213 2951 403 3006 ultione
428 2951 610 3004 divina
651 2964 932 3017 percussus
958 2949 1175 3003 interiit.

283 3042 464 3097 XXVI.
490 3042 618 3096 Post
647 3040 763 3095 haec
789 3048 812 3076 ε
837 3041 1019 3095 beatus
1064 3040 1356 3106 Perpetuus
1394 3042 1674 3099 Turonica:
1702 3044 1779 3099 ci-

1884 1868 2041 1906 cursu
2070 1852 2239 1907 veloci
2271 1853 2579 1923 perlabitur.
2611 1854 3019 1909 Chlodovechns
3043 1870 3169 1910 vero
3190 1856 3253 1909 ad
3278 1854 3449 1909 Alari-

1883 1957 2001 1995 cum
2031 1942 2212 2005 mittit,
2245 1954 2444 1997 nteum
2486 1944 2732 1999 redderet
2778 1964 2791 1999 :
2841 1946 3070 2015 alioquin
3115 1947 3321 2000 noverit
3349 1945 3450 2000 sibi

1882 2034 2074 2088 bellum
2103 2034 2171 2088 ob
2197 2034 2312 2103 ejus
2342 2037 2688 2091 retentiouem
2723 2036 2924 2091 inferri.
2961 2041 3029 2091 At
3057 2037 3147 2093 ille
3185 2048 3447 2105 metuens,

1883 2138 1950 2179 ne
1976 2135 2191 2194 propter
2213 2140 2333 2178 eum
2359 2126 2488 2178 iram
2523 2125 2843 2181 Francorum
2874 2127 3200 2193 incurreret,
3238 2138 3293 2182 ut
3320 2129 3452 2183 Got-

1884 2217 2092 2271 thnrum
2129 2232 2319 2286 pavere
2350 2232 2464 2271 mos
2491 2228 2571 2273 est
2611 2222 2624 2267 t
2653 2260 2668 2285 ,
2697 2220 2931 2275 vinctum
2981 2220 3166 2290 legatis
3209 2221 3457 2277 tradidit.

1885 2309 2057 2375 Quem
2103 2307 2512 2363 Cltlodoveclnts
2542 2320 2812 2378 receptum
2865 2312 3119 2365 custodia:
3164 2311 3451 2380 mancipari

1884 2401 2137 2473 prmcepit
2169 2419 2180 2452 :
2212 2417 2483 2471 regnoque
2530 2402 2646 2471 ejus
2675 2413 2913 2470 accepto,
2960 2418 3084 2458 eum
3113 2405 3286 2474 gladio
3313 2408 3447 2461 clam

1884 2497 2032 2552 feriri
2062 2497 2349 2549 mandavit.
2399 2496 2476 2550 Eo
2508 2506 2744 2564 tempore
2777 2497 2952 2551 multae
2984 2498 3224 2553 ecclesiae
3249 2513 3277 2550 a
3298 2497 3454 2552 Chlo-

1883 2586 2106 2641 tlovechi
2163 2588 2404 2641 exercitu
2455 2587 2771 2657 deprredatm
2818 2600 2973 2652 sunt,
3030 2589 3150 2658 quia
3200 2600 3316 2645 erat
3368 2590 3455 2645 ille

1883 2681 2057 2734 adhuc
2087 2678 2331 2732 fauatieis
2351 2680 2623 2734 erroribus
2646 2680 2929 2733 involutus.
2953 2680 3112 2750 Igitur
3137 2680 3203 2735 de
3222 2682 3450 2751 quadam

1887 2772 2108 2826 ecclesia
2136 2786 2349 2826 urceum
2383 2771 2533 2824 mira:
2586 2772 2959 2840 magnitudinis
3000 2787 3063 2828 ac
3111 2772 3452 2842 pulchritudi-

1885 2862 1970 2917 n’s
2031 2863 2208 2918 hostes
2260 2862 2621 2928 abstulerant,
2677 2879 2796 2917 eum
2840 2864 3058 2932 reliquis
3104 2864 3454 2919 ecclesiastici

1884 2957 2162 3011 ministerii
2192 2957 2544 3011 ornamentis.
2596 2957 2889 3025 Episcopus
2943 2955 2966 2993 ¹ι
3007 2966 3180 3011 autem
3216 2956 3454 3011 ecclesia!

1885 3047 2028 3101 illius
2050 3048 2241 3101 missos
2268 3047 2332 3101 ad
2360 3063 2535 3117 regem
2577 3048 2777 3118 dirigit,
2810 3062 3035 3116 poscens
3067 3058 3122 3102 ut
3149 3050 3191 3103 si
3217 3049 3361 3103 aliud
3388 3051 3456 3106 de

214 3134 385 3187 vitatis
431 3134 713 3202 episcopus
734 3174 750 3198 ,
804 3132 1034 3201 impletis
1092 3132 1303 3202 triginta
1356 3132 1407 3187 in
1466 3137 1774 3205 episcopatu
1879 3139 2047 3193 sacris
2075 3139 2216 3193 vasis
2266 3141 2506 3208 recipere
2539 3155 2646 3195 non
2680 3149 3002 3204 mereretur,
3033 3142 3221 3195 saltem
3258 3142 3339 3196 vel
3364 3157 3454 3196 nr-

217 3226 381 3290 annis,
425 3226 478 3279 in
530 3240 660 3293 pace
690 3224 937 3293 quievit:
988 3225 1039 3278 in
1069 3226 1220 3293 cujus
1261 3225 1377 3281 loco
1441 3226 1775 3291 Volusianus.

284 3344 307 3371 ³
329 3335 382 3388 Id
415 3345 595 3390 narrat
628 3334 882 3389 Sidonius
909 3338 1064 3397 epist.
1091 3337 1123 3390 5
1154 3336 1271 3390 libri
1300 3353 1386 3402 ιιι,
1419 3338 1503 3391 ubi
1534 3342 1617 3395 vix
1649 3342 1780 3397 duo-

220 3407 445 3475 deviginti
476 3407 668 3472 equites
695 3421 813 3459 cum
839 3406 1051 3459 Ecdicio
1076 3408 1236 3462 fuisse
1271 3409 1537 3463 dicuntur.

284 3475 309 3515 δ
341 3477 411 3530 Ea
436 3488 518 3530 est
567 3477 881 3528 dttndt-cittta
928 3478 1041 3529 libri
1093 3494 1166 3529 vi.
1205 3480 1458 3533 linntdem
1504 3481 1681 3534 laudat
1710 3484 1779 3537 ob

224 3550 428 3618 ecclesia
455 3567 481 3595 ιι
541 3547 781 3615 Lugduni
834 3558 1187 3601 constructam
1242 3550 1330 3602 lib.
1383 3566 1440 3611 Il,
1485 3553 1638 3618 epist.
1690 3554 1775 3609 lt).

226 3616 375 3670 Iasius
397 3632 523 3670 vero
550 3618 804 3670 memoria
856 3618 904 3669 iu
934 3618 1078 3671 fastis
1124 3620 1501 3676 ecclesiasticis
1521 3616 1777 3678 recolitur

227 3689 365 3740 tertio
386 3688 500 3741 idus
532 3686 883 3751 Septembris.

289 3768 309 3796 ε
340 3758 384 3812 Is
429 3760 551 3829 ipse
572 3772 728 3824 supra
757 3773 875 3825 cap.
927 3757 996 3809 20
1039 3760 1334 3827 appellatur
1383 3761 1651 3829 Eoricltus,
1683 3778 1776 3820 seu

231 3827 485 3881 Eurichus.
540 3828 595 3880 In
628 3838 857 3895 capitum
890 3829 1149 3883 indicibus
1176 3870 1190 3893 ,
1221 3834 1380 3884 etiam
1431 3827 1775 3889 vetustiorum

229 3899 683 3975 codictirti_legitnr
717 3902 779 3952 de
825 3899 964 3953 Euva
1006 3917 1139 3970 rege.
1188 3899 1448 3955 Cancrum
1482 3904 1581 3958 hoc
1623 3918 1779 3975 caput

229 3970 359 4022 deest
379 3972 428 4023 in
463 3970 667 4023 Bellnv.

290 4040 313 4076 ά
362 4041 664 4107 chendum
718 4041 854 4114 haud
899 4040 1057 4097 dubie
1111 4044 1413 4114 Aquitania.
1465 4045 1579 4097 Non
1634 4048 1775 4100 enim

232 4108 500 4165 Evariébus
552 4113 970 4179 persecutionem
1020 4118 1068 4166 in
1118 4108 1402 4169 Germania
1444 4118 1626 4179 movit,
1655 4134 1777 4171 cum

229 4186 523 4242 econtrario.
573 4183 799 4235 maxime
829 4183 1135 4238 elTerlsnerit
1172 4188 1223 4238 in
1273 4187 1776 4253 NovempOpulania,

227 4268 280 4305 ac
302 4254 347 4305 in
371 4263 593 4319 utraque
626 4253 929 4319 Aquitania,
952 4266 1004 4308 tit
1036 4268 1173 4322 patet
1202 4273 1264 4308 ex
1290 4258 1397 4322 ipSa
1431 4257 1629 4311 Sidonii
1658 4275 1777 4324 epi-

227 4325 342 4376 stola
370 4326 432 4377 ad
469 4324 723 4376 ltasilium
756 4324 1083 4391 episcopum,
1141 4344 1296 4395 quam
1330 4330 1461 4379 intra
1488 4328 1775 4395 Gregorius

230 4396 416 4455 laudat;
444 4403 635 4460 estque
688 4395 720 4443 ti
753 4395 870 4446 libri
903 4410 991 4448 vn.
1030 4398 1099 4451 lbi
1149 4398 1287 4450 enim
1322 4408 1663 4453 recensentur
1692 4417 1777 4452 nr-

228 4466 307 4519 bes
326 4482 388 4519 ex
417 4469 497 4516 his
525 4470 695 4515 Il'llllls
728 4467 1029 4531 provinciis,
1060 4472 1109 4519 in
1133 4470 1324 4533 quibus
1356 4471 1654 4534 persecutio
1678 4486 1776 4523 sae-

227 4536 304 4589 viit
328 4555 338 4588 :
363 4537 569 4590 scilicet
592 4524 769 4599 Elusa,
805 4524 1077 4601 Αιιερὶιιιή,
1110 4524 1299 4591 vasite
1351 4524 1403 4589 et
1433 4538 1696 4593 Convenae
1726 4542 1775 4593 in
1812 4524 1857 4581 D

228 4607 695 4674 Novempopulanta
735 4624 745 4659 :
799 4606 1024 4660 liutheui
1049 4650 1061 4670 ,
1094 4608 1391 4662 Leutovirre
1428 4620 1480 4662 et
1510 4608 1688 4664 Gabali
1729 4612 1778 4663 in

228 4679 485 4746 Aquitania
520 4679 712 4744 prima;
745 4675 1033 4746 Burdegala
1067 4692 1117 4730 et
1150 4680 1440 4733 Petrocorii
1474 4682 1523 4731 ιιι
1549 4680 1777 4733 secunda

226 4750 509 4816 Aquitania.
544 4748 659 4819 δοη
693 4758 865 4800 tamen
895 4757 1090 4802 textum
1124 4749 1362 4819 Gregorii
1399 4759 1605 4805 mutare
1634 4751 1781 4804 licuit

226 4820 404 4889 absque
424 4816 655 4886 alicujus
683 4819 881 4872 codicis
925 4816 1254 4874 auctoritate:
1294 4821 1356 4875 Et
1387 4822 1599 4887 quidem
1623 4820 1778 4876 Vale-

224 4888 646 4947 sitts’Gcrmania:
671 4904 865 4960 nomen
891 4904 917 4940 a
942 4888 1197 4959 Gregorio
1223 4890 1402 4944 datum
1422 4892 1584 4947 fuisse
1613 4894 1776 4960 Aqui-

223 4967 360 5015 tanim
388 4970 573 5029 putat,
626 4959 769 5028 quod
803 4958 872 5013 ibi
903 4958 1148 5031 regnaret
1176 4963 1415 5027 Erit-iens,
1449 4977 1605 5031 quem
1636 4958 1723 5015 hic
1746 4978 1773 5015 a

223 5028 486 5088 Germania
516 5031 800 5083 oriundum
844 5028 1205 5086 existimabat.
1236 5033 1351 5097 Quo
1393 5028 1544 5096 pacto
1570 5042 1621 5084 et
1651 5032 1784 5095 Lug-

223 5103 459 5161 dunensis
490 5100 777 5155 Germania
808 5100 1002 5153 dicitur
1031 5118 1057 5152 a
1089 5104 1304 5155 Sidonio
1330 5104 1419 5156 lib.
1448 5120 1497 5165 v,
1532 5104 1688 5168 epiSt.
1725 5105 1778 5157 7.

224 5172 366 5227 Janus
388 5190 416 5226 a
443 5173 603 5227 Costa
638 5172 690 5223 in
717 5172 808 5223 lib.
843 5187 876 5224 Il
902 5172 1253 5227 Deoretalium
1282 5173 1518 5239 Gregorii
1538 5174 1603 5226 IX
1629 5175 1709 5228 tit.
1740 5190 1776 5232 ι.

225 5244 292 5297 hic
316 5246 599 5315 legendum
629 5256 751 5315 esse
796 5252 998 5315 censet,
1041 5245 1351 5315 gentiumque
1374 5260 1645 5315 germana.
1673 5246 1777 5297 Ge-

225 5312 385 5367 minam
416 5314 574 5369 enim.
599 5313 675 5364 uti
696 5313 1057 5376 prosequitur,
1076 5324 1122 5364 et
1149 5314 1409 5379 Duplicent
1430 5312 1772 5379 Aquitaniam,

226 5392 415 5451 prunam
444 5399 490 5437 et
515 5383 795 5435 secundum
821 5426 836 5448 ,
860 5384 1111 5452 eleganter
1141 5396 1278 5436 vocat
1304 5400 1592 5454 germanam
1623 5397 1668 5438 et
1689 5402 1776 5439 so-

225 5472 364 5508 rmm
393 5454 890 5520 NovempOpulania:
909 5496 922 5517 ,
950 5455 1002 5505 id
1030 5465 1105 5507 est
1135 5455 1415 5524 Aquitanica
1435 5457 1613 5520 tertiis,
1632 5458 1779 5521 quasi

229 5529 469 5588 proiinciae
497 5526 678 5577 divisw
722 5524 771 5573 in
794 5524 951 5585 duas,
1000 5536 1097 5576 tres
1136 5526 1213 5578 vel
1256 5525 1425 5590 plures
1450 5527 1550 5578 sint
1574 5527 1669 5579 sibi
1690 5528 1777 5589 in-

227 5599 357 5649 vicent
384 5610 582 5649 sorores
606 5610 671 5665 et;
700 5595 795 5645 hac
818 5594 1064 5647 divisione
1092 5597 1438 5665 ;ltabeantque
1465 5613 1774 5651 communem

230 5672 412 5714 matrem
436 5666 612 5717 urbem
647 5663 893 5725 Romam,
923 5666 1121 5730 imperti
1169 5663 1364 5733 caputp
1389 5685 1419 5719 a
1442 5684 1543 5733 qua
1584 5667 1773 5720 scilicet

232 5735 474 5795 procinciw
522 5734 771 5788 institutae
792 5744 837 5787 et
884 5736 1035 5789 veluti
1077 5748 1251 5802 partes.
1302 5736 1392 5793 Sic
1413 5738 1550 5799 apud
1583 5737 1771 5792 Tertul-

1881 3246 2033 3286 cenm
2064 3233 2287 3287 ecclesia
2316 3246 2411 3286 sua
2456 3234 2736 3302 reciperet.
2773 3233 2896 3287 llaec
2936 3232 3157 3287 audiens
3188 3250 3280 3288 rex
3300 3275 3313 3296 .
3346 3234 3456 3306 79

1880 3346 2073 3399 lianum
2102 3345 2153 3397 in
2204 3344 2334 3397 libro
2354 3348 2416 3399 de
2462 3343 2630 3399 Pallio
2664 3344 2812 3400 Utica
2860 3344 3055 3397 colonia
3110 3343 3455 3400 Romanorum

1881 3418 2066 3469 dicitur
2104 3431 2249 3468 soror
2295 3415 2634 3485 Carthaginis.
2694 3417 2814 3470 llam
2858 3417 2962 3479 ille,
2994 3416 3143 3481 cujus
3189 3420 3455 3472 sententia

1881 3502 1942 3541 ex
1974 3489 2320 3539 Testamento
2351 3488 2409 3541 S.
2458 3487 2679 3556 Remigii
2736 3487 2960 3551 aliisque
2991 3487 3224 3554 antiquis
3264 3502 3452 3539 monu-

1881 3561 2073 3610 mentis
2101 3558 2405 3610 conlirmari
2460 3567 2635 3624 potest
2662 3598 2676 3619 ,
2710 3559 2759 3611 iit
2805 3559 2995 3624 quibus
3027 3557 3275 3611 Ecclesia:
3307 3557 3450 3612 Iilte~

1882 3627 2078 3679 mensis
2107 3642 2170 3680 ac
2217 3627 2552 3681 Trevirensis
2577 3644 2775 3681 sormea
2814 3628 3143 3694 appellantur
3172 3672 3186 3694 ,
3213 3643 3277 3681 eo
3309 3628 3449 3694 quod

1882 3708 2105 3764 utraque
2129 3698 2180 3749 in
2215 3697 2422 3765 Belgica
2453 3700 2759 3765 metropolis
2785 3709 2926 3751 esset
2949 3707 3003 3752 et
3030 3713 3141 3750 sua:
3165 3698 3452 3760 provincia:

1879 3779 2054 3834 caput.
2088 3766 2251 3819 Favet
2274 3770 2431 3820 etiam
2480 3770 2644 3822 codex
2696 3784 2796 3822 ms.
2829 3767 3233 3837 Regii-montis,
3267 3770 3316 3820 in
3349 3785 3455 3837 quo

1883 3838 2093 3907 legitur,
2126 3838 2431 3904 gentiumque
2455 3854 2726 3905 germana’.

1949 3917 1971 3944 ⁸
2008 3908 2285 3974 lloccaput
2308 3912 2454 3960 deest
2480 3927 2528 3959 III
2554 3907 2889 3961 endd.Corh.
2920 3917 2973 3961 et
2997 3908 3196 3968 Bellov.
3227 3906 3446 3962 InCnlb.

1880 3989 2054 4030 autem
2109 3979 2206 4028 alia
2259 3992 2451 4038 tttatitt,
2487 3980 2622 4030 ltert
2662 3979 2905 4043 antiqua,
2960 3977 3196 4030 additum
3228 3989 3327 4030 est.
3380 3979 3456 4033 De

1882 4047 2179 4114 Perpetuo,
2238 4046 2525 4101 Volusiano
2580 4059 2633 4101 et
2690 4048 2826 4102 Vero
2876 4048 2997 4102 vide
3044 4048 3182 4101 infra
3232 4048 3325 4102 lib.
3380 4064 3454 4116 ι,

1878 4133 1927 4172 c.
1960 4118 2046 4170 ⁸51.

1955 4187 1974 4226 ί
2007 4190 2094 4242 Sic
2120 4186 2268 4241 Colb.
2316 4196 2372 4241 et
2404 4188 2532 4253 Reg.
2575 4205 2693 4242 cum
2735 4191 2935 4257 aliquot
2971 4189 3159 4242 etlitis-
3191 4189 3278 4242 alii
3327 4203 3450 4243 cum

1884 4260 2007 4311 Bue.
2038 4268 2091 4311 et
2116 4261 2327 4326 llegm.,
2367 4258 2533 4313 Virus.

1955 4340 1977 4375 ε
2006 4330 2111 4382 lloe
2139 4338 2297 4396 caput
2324 4329 2475 4383 deest
2500 4333 2549 4382 in
2581 4330 2699 4383 end.
2733 4330 2996 4384 Bellovac.

1955 4398 1979 4436 ιι
2010 4398 2193 4462 Corb.,
2224 4400 2483 4464 Saxonas;
2531 4402 2781 4467 scriptum
2822 4413 2902 4454 est
2930 4413 3106 4453 tamen
3148 4401 3248 4453 alia
3295 4415 3453 4456 trtautt

1885 4470 1993 4525 lere
2019 4471 2230 4538 aequali,
2262 4473 2398 4523 sicut
2421 4482 2474 4524 et
2503 4470 2633 4523 infra
2658 4515 2672 4537 ,
2704 4473 3024 4525 Suessionas.
3058 4471 3203 4533 Bec.,
3232 4469 3441 4526 Suessiu

1885 4559 1991 4605 nes,
2024 4552 2076 4595 et
2107 4541 2239 4594 infra
2264 4540 2553 4594 Sessionas.
2594 4541 2721 4611 Qua:
2762 4544 3014 4597 lectiones
3067 4542 3227 4595 varia:
3256 4546 3449 4611 passim

1886 4615 1934 4664 in
1969 4626 2096 4666 mss.
2128 4622 2432 4664 occurrunt.

1964 4680 1975 4718 ί
2015 4683 2151 4735 Idem
2181 4683 2325 4746 cod.,
2364 4681 2620 4750 Ragnario
2656 4695 2859 4752 parente
2880 4700 2990 4746 suo,
3022 4683 3105 4750 qui
3125 4694 3172 4737 et
3195 4685 3301 4752 ipse
3323 4696 3434 4735 tene

1888 4753 1989 4816 bat,
2023 4753 2221 4805 veniens
2275 4768 2507 4824 campum
2548 4763 2603 4805 ut
2630 4763 2885 4824 gpugnaret
2907 4770 2928 4810 :
2962 4754 3172 4824 liegm.,
3223 4755 3453 4807 Racana-

1887 4826 2029 4875 rin...
2062 4832 2311 4886 tenuerat,
2343 4833 2448 4876 etc.
2476 4823 2625 4878 (Iolb.
2655 4868 2668 4891 ,
2712 4823 3031 4893 Raghenario
3052 4865 3067 4893 ,
3093 4837 3196 4879 etc.
3228 4825 3370 4878 Idem
3400 4832 3454 4877 et

1892 4895 1999 4946 l’al.
2035 4909 2129 4958 pro
2157 4894 2521 4948 Clodovechus
2557 4895 2754 4951 habent
2777 4892 2987 4963 semper
3043 4892 3451 4956 Hludouvichus,

1888 4978 1937 5015 et
1961 4965 2061 5014 alia
2094 4977 2250 5043 manu
2300 4964 2481 5043 liegm.
2514 5007 2530 5043 ,
2574 4964 2848 5020 Clodoveus
2880 4983 2898 5019 :
2924 4966 3062 5033 quod
3090 4968 3253 5019 semei
3275 4973 3331 5017 et
3358 4964 3453 5016 ite~

1886 5052 2001 5088 rttttt
2036 5047 2303 5087 monuisse
2331 5045 2459 5088 satis
2483 5045 2569 5087 Sit.

1960 5102 1974 5153 l
2009 5102 2139 5157 Vide
2167 5103 2468 5157 Salviannm
2500 5106 2592 5159 lib.
2624 5121 2722 5168 vlt,
2750 5106 2817 5160 de
2836 5103 3234 5159 Gubernatione
3264 5103 3377 5156 Dei.

1956 5172 1981 5211 ¹ι
2031 5172 2125 5243 llic
2165 5177 2259 5225 luit
2297 5176 2478 5228 beatus
2526 5176 2791 5243 liciiiigins
2832 5175 3153 5227 liltemornm
3204 5175 3451 5243 antistes,

1881 5253 1939 5298 ιιι
1988 5242 2335 5307 Fredegarins
2388 5259 2506 5305 cap.
2560 5242 3058 5311 Iti,’lliucmarus,
3094 5242 3451 5314 Frodoardus,

1880 5316 2075 5382 aliique
2100 5323 2345 5366 auctores
2395 5324 2673 5366 testantur.
2720 5314 2883 5367 Porro
2913 5314 3183 5366 ministerii
3207 5315 3419 5369 ecclesia

1876 5387 1990 5438 stici
2019 5382 2231 5437 nomine
2281 5397 2483 5436 sacram
2522 5383 2762 5437 ecclesia:
2803 5384 3217 5451 suppellecrilem
3252 5388 3417 5439 intelli

1877 5455 2089 5524 gebant,
2123 5464 2179 5505 ut
2208 5468 2269 5507 ex
2311 5454 2668 5526 compluribus
2695 5455 2933 5526 Gregorit
2964 5454 3158 5522 ipsius.
3192 5456 3413 5510 aliorunt

1878 5543 1980 5591 que
2002 5533 2273 5596 auctorum
2310 5525 2438 5596 locis
2477 5534 2717 5593 constat,
2749 5525 2881 5596 quos
2917 5526 3113 5579 videsis
3150 5527 3283 5579 libro
3312 5544 3325 5580 I
3356 5528 3433 5579 l.i-

1878 5597 2061 5666 tnrgiae
2086 5594 2367 5649 Gallicanae
2391 5594 2678 5651 Mabilionii
2705 5594 2892 5662 nostri,
2917 5613 3035 5662 cap.
3056 5598 3117 5667 7.
3139 5596 3441 5667 Legenduui

1880 5684 1939 5721 ea
1967 5674 2033 5740 ue
2055 5681 2112 5721 re
2138 5667 2275 5720 beati
2322 5666 2499 5740 Aredii
2529 5667 2954 5732 Testamcnzuui,
2982 5666 3122 5739 quod
3152 5670 3202 5721 in
3223 5666 3445 5740 Ἀγρω-

1881 5740 1996 5795 dice
2017 5738 2275 5806 integrum
2297 5739 2655 5801 proferemus.
