3994 6194
534 239 639 296 293

1517 229 1580 286 8.
1619 224 1951 285 GREGOBII
1986 218 2289 279 EPISCUPI
2324 219 2749 281 TURONENSIS

3668 214 3772 269 221

522 356 598 409 ait
619 360 805 407 nuntio
838 373 851 408 :
882 350 1117 420 Sequere
1156 360 1254 402 nos
1283 356 1451 412 usque
1480 341 1830 406 Suessionas,
1874 340 1998 409 quia
2024 338 2095 393 ibi
2125 340 2176 400 Α
2201 338 2333 408 ejus.
2360 338 2599 405 Quicum
2630 353 2746 391 eam
2768 335 3025 390 vidissent
3049 334 3347 403 elegantem
3376 341 3537 402 atque
3557 333 3778 402 sapien-

524 455 713 501 cuucta
743 458 863 514 qua
886 442 1142 512 acquisita
1164 446 1325 507 sunt,
1350 435 1633 491 dividenda
1655 443 1832 490 erunt.
1859 432 2100 503 Cumque

526 537 654 592 mihi
681 550 774 592 vas
798 533 925 589 Illud
955 547 1074 588 sors
1105 530 1332 592 dederit.
1371 542 1490 598 qua:
1515 540 1648 594 papa
1696 524 1886 593 poscit,
1933 521 2102 577 adim-

528 628 723 698 pleam.
774 625 974 682 Dehinc
1019 621 1308 677 adveniens
1333 618 1671 681 Suessionas,
1712 622 1907 670 cuncto
1934 627 2103 669 onere

529 720 723 791 prada:
766 719 816 773 in
846 717 1081 772 medium
1115 712 1285 783 posito
1309 752 1324 777 ,
1351 712 1536 765 aitrex
1570 725 1584 761 :
1620 707 1768 777 Rogo
1790 720 1906 773 vos,
1928 719 1963 761 o
1989 704 2102 759 for—

529 813 721 871 tissimi
769 811 1119 882 praeliatores,
1169 816 1227 861 ut
1266 805 1455 861 saltem
1501 800 1630 855 mihi
1660 815 1752 854 vas
1803 797 2104 868 istud(hoc

531 906 675 961 enim
705 904 773 959 de
797 916 959 957 urceo
986 913 1146 969 supra
1180 905 1477 951 memorato
1513 890 1746 963 dicebat)
1794 900 1945 946 extra
1983 903 2107 959 par-

532 1008 637 1053 tem
658 995 956 1052 concedere
986 1008 1089 1047 non
1133 989 1399 1044 abnuatis.
1454 986 1579 1040 llam
1606 999 1730 1055 rege
1772 983 2003 1046 dicente,
2031 981 2106 1036 illi

530 1073 757 1159 quorum
781 1093 897 1141 erat
924 1098 1076 1138 mens
1110 1074 1321 1143 sanior,
1361 1078 1511 1131 aiunt
1551 1094 1564 1130 :
1609 1074 1830 1140 Omnia,
1878 1072 2108 1144 gloriose

530 1194 647 1246 rex,
675 1192 794 1248 qua-'3
814 1175 1082 1232 cernimus
1112 1182 1198 1226 tua
1230 1178 1355 1226 sunt
1390 1186 1402 1221 :
1442 1167 1537 1223 sed
1562 1177 1616 1221 et
1645 1180 1741 1220 nos
1777 1165 1877 1233 ipsi
1906 1175 1994 1219 tuo
2020 1178 2108 1218 su-

531 1288 651 1328 mus
679 1270 915 1327 dominio
966 1266 1250 1338 subjugati.
1281 1264 1431 1320 Nunc
1461 1262 1606 1333 quod
1660 1260 1760 1315 tibi
1807 1258 2110 1329 beneplaci-

532 1375 644 1420 tum
668 1362 903 1428 videtur,
938 1359 1097 1415 facito
1126 1378 1140 1412 :
1175 1358 1349 1412 nullus
1385 1354 1528 1410 enim
1583 1350 1831 1422 potestati
1877 1358 1981 1405 tua:
2020 1365 2107 1405 re-

532 1458 721 1513 sistere
773 1456 937 1510 valet.
992 1452 1125 1507 Cum
1182 1450 1258 1504 illi
1326 1449 1442 1503 haec
1488 1447 1561 1501 ita
1607 1446 1914 1510 dixissent,
1974 1458 2111 1500 unus

533 1548 685 1614 levis,
717 1547 925 1603 invidus
971 1560 1035 1600 ac
1064 1544 1236 1598 facilis
1285 1552 1342 1607 ι,
1370 1557 1491 1595 cum
1544 1554 1677 1595 voce
1725 1553 1934 1608 magna,
1995 1537 2108 1592 ele-

533 1652 707 1695 vatam
738 1639 1019 1709 bipennem
1064 1650 1223 1690 urceo
1250 1633 1459 1702 impulit
1488 1673 1504 1700 ,
1535 1631 1718 1685 dicens
1757 1646 1769 1681 :
1806 1627 1942 1682 Nihil
1986 1626 2111 1681 hinc

2206 440 2335 495 tetu,
2382 437 2438 485 et
2458 429 2836 499 cognovissent
2876 427 3020 495 quod
3064 425 3134 480 de
3175 425 3322 495 regio
3363 434 3509 479 esset
3549 438 3777 494 genere,

2205 522 2577 577 nuntiaverunt
2624 521 2737 576 hac
2776 519 3151 576 Chlodovecho
3190 519 3325 588 regi.
3381 516 3491 573 Nec
3530 526 3781 572 moratus

2202 617 2323 680 ille,
2350 615 2415 671 ad
2437 614 2828 671 Gundobadum
2855 614 3176 685 legationem
3204 612 3418 682 dirigit,
3447 624 3568 667 eam
3590 610 3695 667 sibi
3725 611 3780 666 in

2203 707 2545 763 matrimonio
2596 716 2779 775 petens
2829 722 2843 760 :
2888 707 3032 774 quod
3071 705 3160 761 ille
3181 720 3431 761 recusare
3478 714 3732 760 metuens
3757 746 3776 770 ,

2205 798 2422 853 tradidit
2445 813 2565 854 eam
2591 798 2752 864 viris;
2783 796 2964 867 illique
2987 797 3311 864 accipientes
3358 795 3590 865 puellam
3625 834 3642 859 ,
3669 795 3781 863 regi

2204 890 2440 945 velocius
2468 897 2873 959 repraesentant.
2924 890 3037 957 Qua
3067 889 3200 954 visa,
3231 902 3324 943 rex
3361 887 3513 941 valde
3541 887 3784 956 gavisus.

2206 996 2303 1036 suo
2323 996 2439 1036 eam
2467 980 2715 1051 coujugio
2748 978 2991 1046 sociavit,
3017 981 3221 1036 habens
3255 980 3364 1050 jam
3386 980 3453 1034 de
3482 978 3788 1034 concubina

2208 1072 2396 1136 filium,
2426 1072 2640 1128 nomine
2660 1070 3066 1128 Tlteodoricum.

2278 1246 2470 1302 XXIX.
2506 1247 2670 1318 Igitur
2715 1244 2745 1284 ιι
2774 1262 2866 1301 rex
2904 1262 2970 1302 es
3016 1244 3394 1301 CltrOtcchilde
3448 1246 3633 1314 regina
3694 1244 3788 1299 ha-

2210 1339 2326 1395 buit
2364 1339 2531 1395 filium
2579 1339 2993 1410 primogenitum
3026 1356 3039 1391 :
3080 1353 3240 1408 quem
3269 1353 3390 1392 cum
3439 1337 3633 1390 mulier
3663 1336 3790 1399 bap-

2210 1428 2369 1485 tismo
2418 1445 2737 1485 consecrare
2788 1429 2993 1497 vellet,
3019 1428 3347 1498 praedicabat
3385 1428 3599 1488 assidue
3649 1428 3788 1491 viro,

2211 1521 2397 1577 dicens
2426 1538 2441 1576 :
2474 1522 2613 1576 Nihil
2658 1531 2783 1576 sunt
2821 1522 2892 1577 dii
2922 1536 3056 1592 quos
3083 1522 3280 1587 colitis,
3323 1521 3413 1591 qui
3446 1536 3620 1591 neque
3644 1520 3791 1584 sibi,

2214 1629 2390 1684 neque
2432 1613 2554 1669 aliis
2593 1622 2840 1684 poterunt
2894 1614 3221 1669 subvenire:
3255 1622 3381 1667 sunt
3418 1614 3560 1667 enim
3591 1621 3687 1666 ant
3724 1628 3791 1667 ex

533 1703 1081 1799 accipiesanisiquze
1127 1727 1219 1783 tibi
1258 1740 1379 1781 sors
1430 1738 1557 1778 vera
1599 1722 1835 1791 largitur.
1864 1719 1944 1774 Ad
1994 1718 2110 1773 haec

2229 1706 2412 1774 Lapide,
2477 1716 2651 1760 autex
2682 1705 2846 1775 ligno,
2880 1713 2971 1759 aut
2995 1721 3058 1759 ex
3106 1705 3324 1760 metallo
3353 1704 3529 1771 aliquo
3571 1704 3791 1773 sculpti.

539 1823 919 1895 obstupefactis
961 1821 1227 1885 omnibus,
1261 1834 1351 1872 rex
1386 1815 1631 1885 injuriam
1661 1828 1812 1869 suam
1846 1812 2115 1882 patientia:

536 1917 751 1973 lenitate
793 1916 1052 1978 coercuit,
1099 1922 1483 1981 acceptumque
1535 1922 1751 1962 urcemn
1785 1908 1971 1961 nuntio
2019 1923 2111 1961 ec-

535 2008 838 2064 clesiastico
886 2005 1115 2062 reddidit
1149 2043 1164 2068 ,
1208 2015 1427 2057 servans
1468 2000 1707 2052 abditum
1762 1998 1861 2052 sub
1903 2005 2115 2064 pectore

542 2103 756 2155 vulnus.
799 2100 1091 2154 Transacto
1131 2110 1259 2150 vero
1306 2107 1487 2150 anno,
1527 2089 1691 2159 jussit
1722 2104 1934 2144 onmem
1991 2104 2114 2144 cum

535 2209 805 2249 armorum
839 2199 1097 2261 apparatu
1118 2186 1368 2242 advenire
1399 2183 1740 2252 phalangem,
1781 2191 2113 2236 ostensuram

537 2285 591 2339 in
613 2284 814 2353 Campo
837 2282 1026 2336 Martio
1046 2278 1075 2317 δ
1106 2293 1320 2332 suorum
1345 2290 1615 2329 armorum
1640 2275 1889 2327 nitorem.
1923 2273 2114 2325 Verum

537 2376 627 2432 ubi
670 2383 893 2429 cunctos
931 2369 1162 2426 circuire
1209 2367 1504 2428 deliberat,
1535 2363 1682 2419 venit
1726 2362 1794 2416 ad
1822 2362 1967 2416 urcei
2001 2376 2113 2428 per-

538 2480 809 2522 cussorem
832 2504 852 2532 ,
880 2463 967 2516 cui
990 2460 1063 2515 ait
1095 2478 1109 2513 :
1143 2457 1326 2512 Nullus
1365 2467 1471 2510 tam
1504 2455 1701 2509 inculta
1723 2494 1739 2521 ,
1766 2464 1821 2508 ut
1860 2463 1935 2518 tu,
1968 2453 2118 2507 detu-

539 2558 601 2615 lit
629 2574 775 2612 arma
810 2572 824 2607 :
873 2570 993 2608 natu
1024 2566 1194 2618 neque
1243 2549 1335 2602 tibi
1366 2547 1538 2612 hasta,
1580 2559 1753 2615 neque
1782 2544 2006 2614 gladius,
2030 2559 2120 2598 ne-

538 2668 643 2722 que
668 2649 871 2703 securis
905 2658 927 2685 ο
952 2655 1033 2701 est
1053 2644 1219 2707 utilis;
1245 2652 1299 2696 et
1325 2638 1713 2707 apprehensam
1742 2635 1974 2692 securim
1997 2634 2117 2703 ejus

541 2748 592 2801 in
637 2757 831 2800 terram
873 2742 1089 2809 dejecit.
1131 2740 1198 2791 At
1244 2736 1334 2790 ille
1357 2748 1478 2789 cum
1510 2730 1782 2802 paululum
1830 2728 2118 2783 inclinatus

539 2838 724 2895 fuisset
766 2834 831 2890 ad
861 2830 1218 2902 colligendum
1244 2841 1388 2892 eam,
1435 2839 1533 2880 rex
1576 2821 1797 2879 elevatis
1845 2820 2116 2887 manibus,

539 2928 766 2984 securim
797 2937 947 2979 suam
977 2921 1136 2989 capiti
1166 2918 1281 2989 ejus
1307 2915 1518 2971 defixit.
1548 2912 1658 2979 Sic,
1682 2911 1869 2981 inquit,
1899 2918 1954 2963 tu
1975 2910 2117 2980 apud

540 3020 861 3078 Suessionas
916 3016 970 3068 in
1007 3026 1171 3067 urceo
1204 3011 1293 3065 illo
1340 3008 1533 3062 fecisti.
1568 3006 1687 3072 Quo
1724 3012 1954 3061 mortuo,
1989 3005 2116 3055 reli-

2219 1794 2446 1849 Nomina
2484 1811 2612 1851 vero
2658 1811 2776 1866 quae
2816 1796 2895 1852 eis
2945 1796 3246 1863 indidistis,
3296 1795 3570 1849 hominum
3618 1796 3793 1861 fuere,

2214 1902 2321 1943 non
2368 1888 2593 1944 deorum
2632 1888 2678 1958 ί,
2710 1900 2769 1943 ιιι
2795 1888 3056 1945 Saturnus
3082 1927 3100 1953 ,
3158 1890 3247 1957 qui
3280 1888 3408 1951 ﬁlio,
3448 1902 3515 1942 ne
3560 1902 3589 1940 a
3618 1902 3795 1956 regno

2215 1982 2610 2051 depelleretur,
2660 1999 2754 2053 per
2802 1983 2977 2053 fugam
3009 1983 3227 2052 elapsus
3254 1981 3528 2046 asseritur;
3572 1989 3629 2035 ut
3675 1982 3795 2048 ipse

2216 2071 2425 2141 Jupiter
2459 2072 2696 2127 Omnium
2741 2081 3046 2142 stuprorum
3096 2072 3471 2143 spurcissimus
3516 2081 3797 2141 perpetra-

2218 2176 2320 2232 tor,
2347 2168 2642 2222 incestator
2688 2166 2947 2234 virorum,
2994 2167 3413 2235 propinquarum
3450 2163 3682 2232 derisor,
3706 2164 3797 2233 qui

2218 2274 2319 2314 nec
2344 2259 2412 2313 ab
2460 2260 2626 2326 ipsius
2653 2260 2862 2313 sororis
2893 2260 3118 2328 propriae
3150 2258 3318 2327 potuit
3369 2259 3638 2313 abstinere
3667 2273 3798 2313 con-

2217 2348 2419 2412 cubitu,
2446 2357 2502 2402 ut
2532 2350 2643 2417 ipsa
2673 2349 2744 2402 ait
2777 2366 2790 2401 :
2822 2347 3063 2419 levisque
3094 2360 3145 2401 et
3165 2365 3309 2402 soror
3332 2360 3377 2402 et
3406 2351 3598 2419 conjux
3617 2347 3799 2420 (Virg.

2219 2438 2435 2493 /Eneid.
2472 2440 2562 2493 lib.
2592 2440 2667 2509 ι).
2726 2439 2863 2506 Quid
2914 2439 3053 2495 Mars
3100 2440 3495 2509 Mercuriusque
3542 2440 3650 2510 81
3702 2453 3796 2507 po-

2223 2534 2417 2588 tuere?
2470 2533 2571 2600 Qui
2623 2538 2799 2602 potius
2852 2544 2978 2589 sunt
3020 2535 3238 2605 magicis
3276 2535 3480 2588 artibus
3537 2530 3803 2602 praediti,

2219 2640 2380 2693 qttam
2421 2624 2585 2679 divini
2643 2627 2876 2681 numinis
2931 2628 3219 2695 potentiam
3268 2626 3520 2680 habuere.
3566 2624 3675 2679 Sed
3713 2623 3805 2680 illo

2222 2719 2388 2789 magis
2415 2720 2518 2773 coli
2549 2720 2727 2783 debet,
2757 2722 2848 2789 qui
2873 2721 3072 2775 coelum
3096 2732 3152 2775 et
3175 2730 3392 2784 terram,
3426 2733 3573 2773 mare
3602 2726 3656 2772 et
3686 2733 3805 2772 ont-

2222 2813 2307 2867 nia
2338 2828 2456 2880 qua:
2484 2812 2538 2866 in
2568 2813 2648 2867 eis
2694 2824 2815 2867 sunt
2840 2854 2855 2879 ,
2889 2814 3051 2869 verbo
3079 2828 3144 2867 ex
3189 2828 3291 2867 non
3320 2811 3653 2868 exSIantibus
3682 2825 3805 2879 pro-

2222 2905 2467 2969 creavit;
2517 2906 2604 2972 qui
2660 2905 2828 2958 solem
2884 2905 3061 2959 lucere
3098 2905 3246 2969 fecit,
3305 2914 3359 2959 et
3401 2905 3593 2958 calum
3634 2901 3807 2958 stellis

2224 2996 2467 3061 ornavit;
2499 2998 2585 3065 qni
2618 3014 2782 3066 aquas
2827 2998 3130 3065 reptilihus,
3182 3008 3352 3052 terras
3395 2996 3762 3052 animantibus
3786 3037 3807 3065 ,

540 3128 674 3185 quos
702 3108 991 3165 abscedere
1045 3105 1231 3174 jubet,
1284 3116 1530 3170 magnum
1574 3100 1672 3152 sibi
1707 3113 1800 3167 per
1839 3097 1975 3151 hanc
1993 3110 2120 3151 cau-
2151 3115 2195 3176 ρ
2227 3104 2351 3142 aera
2404 3090 2699 3143 volatilibus
2739 3090 3085 3160 adimplevit;
3126 3089 3281 3159 cujus
3313 3098 3440 3142 nutu
3489 3098 3648 3143 terra:
3699 3086 3807 3141 fru-

541 3222 653 3261 sam
701 3204 945 3258 timorem
996 3209 1255 3252 statuens.
1306 3195 1463 3248 Multa
1493 3188 1520 3228 ἀ
1550 3192 1709 3250 bella,
1763 3190 2121 3254 victoriasque

543 3301 685 3353 fecit.
711 3295 840 3350 Nam
865 3293 1073 3348 decimo
1104 3290 1250 3360 regni
1282 3290 1360 3343 sui
1387 3304 1560 3353 anno,
1603 3286 1889 3354 'I‘ltoringis
1921 3283 2119 3337 bellum

544 3389 721 3446 ltitttlit
754 3427 770 3450 ,
794 3386 1118 3451 eosdemque
1146 3382 1256 3435 suis
1283 3379 1572 3434 ditionibus
1595 3379 1816 3446 subiuga
1829 3377 1924 3431 vit.

613 3481 725 3552 80
754 3475 987 3532 XXVIII.
1048 3473 1168 3527 Fuit
1213 3479 1390 3525 autem
1433 3479 1490 3525 et
1543 3469 1906 3524 Gundeuchus
1956 3478 1980 3505 ο
2026 3482 2121 3521 rex

546 3572 981 3643 Burgundionum
1006 3612 1021 3637 ,
1052 3582 1114 3621 ex
1139 3579 1334 3637 genere
1363 3562 1669 3618 Athanarici
1700 3563 1839 3630 regis
1871 3574 2126 3631 persecu-

547 3666 697 3731 toris,
727 3664 794 3718 de
822 3676 927 3732 quo
956 3673 1118 3726 supra
1169 3657 1529 3712 meminimus.
1572 3655 1709 3710 Huic
1755 3654 1969 3709 fuerunt
1993 3669 2123 3723 qna-

2225 3180 2398 3249 gibus,
2424 3181 2595 3250 pomis
2619 3181 2856 3245 arbores,
2888 3181 3002 3235 uvis
3044 3181 3219 3236 vineae
3267 3183 3620 3241 decorantur;
3650 3178 3809 3248 cujus

2241 3286 2400 3325 manu
2445 3287 2611 3340 gettus
2638 3272 2929 3326 humanum
2967 3280 3204 3327 creatum
3227 3287 3328 3337 est;
3351 3278 3501 3339 cujus
3526 3271 3809 3338 largitione

2229 3362 2341 3432 ipsa
2399 3364 2486 3417 illa
2514 3375 2759 3419 creatura
2788 3366 2963 3419 omnis
3000 3365 3201 3420 homini
3230 3381 3351 3429 suo,
3377 3379 3534 3433 quem
3583 3365 3809 3429 creavit.

2226 3463 2282 3509 et
2325 3456 2582 3524 obsequio
2634 3466 2689 3510 et
2720 3456 2979 3511 beneficio
3027 3456 3327 3511 famulatur.
3374 3455 3480 3511 Sed
3521 3471 3642 3510 cum
3697 3456 3811 3512 haec

2227 3550 2407 3618 regina
2436 3548 2675 3615 diceret,
2708 3550 3011 3604 nullatenus
3040 3548 3105 3602 ad
3133 3548 3456 3602 credendum
3498 3547 3641 3613 regis
3688 3547 3810 3601 ani-

2228 3657 2348 3696 tuus
2395 3642 2747 3708 movebatur,
2792 3642 2885 3696 sed
2916 3640 3170 3697 dicebat:
3226 3641 3455 3694 Deorum
3504 3651 3811 3695 nostrorum

547 3772 667 3816 tuor
717 3760 831 3823 lilii,
888 3754 1289 3819 Gnndohadus,
1349 3750 1721 3821 Godegiselus,
1790 3748 2126 3818 Chilpericus
2222 3734 2466 3804 ἕωθίθιιθ
2512 3744 2703 3790 (εειηοῑό
2751 3743 3001 3789 creamur
3047 3747 3110 3787 ac
3148 3733 3451 3801 prodeunt;
3510 3734 3651 3786 Deus
3681 3748 3812 3787 vero

548 3863 599 3907 et
627 3851 981 3907 Godomarus.
1013 3847 1174 3917 Igitur
1206 3842 1569 3899 Gundobedus
1608 3841 1971 3911 Chilpericum
2021 3840 2128 3895 fra-

550 3957 683 4001 trem
709 3960 861 3998 suum
896 3940 1159 3996 interfecit
1187 3936 1365 4009 gladio
1387 3977 1402 4002 ,
1428 3950 1760 4005 uxoremque
1786 3936 1934 4005 ejus,
1960 3934 2123 4004 ligato

550 4041 615 4093 ad
642 4039 838 4092 collum
890 4034 1100 4103 lapide,
1131 4032 1283 4102 aquis
1331 4030 1614 4084 immersit.
1646 4028 1818 4096 Hujus
1838 4028 1970 4081 duas
1996 4028 2128 4079 lilias

550 4133 739 4187 exsilio
779 4127 1191 4185 condemnavit:
1232 4139 1459 4194 quarum
1507 4124 1706 4186 senior,
1737 4130 1938 4175 mutata
1981 4131 2130 4173 veste

552 4228 764 4281 Chrona
812 4221 831 4261 ί
853 4264 868 4289 ,
897 4223 1076 4290 junior
1120 4216 1515 4273 Chrotechildis
1546 4225 1570 4263 ε
1602 4217 1914 4269 vocabatur.
1962 4212 2131 4268 Porro

554 4319 984 4380 Cltlodovechus,
1031 4314 1155 4370 dum
1199 4313 1519 4383 legationem
1562 4311 1614 4364 in
1650 4308 2004 4377 Burgundiatn
2031 4321 2131 4361 sze-

556 4416 674 4482 pius
702 4411 885 4477 mittit,
934 4406 1327 4463 Chrotechildis
1375 4404 1548 4474 puella
1594 4401 1911 4470 reperitura
1941 4398 2130 4475 legatis

2229 3842 2407 3884 veSIer
2434 3828 2563 3883 nihil
2590 3844 2747 3899 posse
2786 3827 3187 3888 manifestatur,
3232 3836 3286 3881 et
3326 3825 3463 3895 quod
3508 3826 3677 3895 magis
3703 3836 3810 3892 est,

2230 3936 2327 3976 nec
2350 3922 2414 3976 de
2439 3922 2661 3976 deorum
2708 3936 2903 3985 genere
2931 3933 3051 3975 esse
3082 3919 3351 3985 probatur.
3394 3918 3598 3972 Interea
3627 3919 3814 3988 regina

2232 4012 2411 4067 ﬁdelis
2462 4012 2629 4066 lilium
2668 4012 2736 4066 ad
2763 4011 3086 4078 baptismum
3129 4009 3387 4063 exhibet:
3440 4009 3691 4062 adornari
3724 4024 3815 4062 ec-

2229 4104 2448 4161 clesiam
2499 4106 2632 4160 velis
2677 4104 2916 4173 praecipit
2949 4113 3108 4171 atque
3160 4112 3410 4165 cortinis,
3441 4116 3546 4171 quo
3600 4100 3814 4177 facilius

2231 4197 2315 4251 vel
2347 4196 2447 4251 hoc
2475 4195 2729 4267 mysterio
2762 4208 2777 4247 ι
2828 4203 3209 4265 provocaretur
3238 4194 3301 4247 ad
3334 4193 3659 4249 credendum
3680 4236 3697 4260 ,
3723 4195 3817 4264 qui

2234 4298 2372 4352 ﬂecti
2430 4298 2807 4367 praedicatione
2858 4312 2964 4350 non
3016 4302 3246 4364 poterat.
3286 4296 3595 4362 Baptizatus
3632 4307 3815 4352 autem

2234 4406 2401 4461 puer,
2452 4406 2609 4460 quem
2650 4391 2988 4459 Ingemerem
3016 4386 3046 4425 ιι
3105 4388 3503 4453 vocitaverunt,
3550 4388 3605 4443 in
3647 4390 3816 4459 ipsis,

628 4579 655 4606 ι
685 4566 882 4621 Chesn.
904 4580 1022 4618 cum
1040 4563 1193 4618 Colb.
1214 4603 1229 4627 ,
1260 4578 1391 4616 unus
1416 4558 1646 4613 Francus
1675 4558 1817 4612 levis.
1848 4556 1950 4612 Alii
1978 4556 2128 4625 editi,
2156 4509 2205 4569 Β
2234 4549 2642 4627 Gundebaudus.
2672 4550 2745 4604 De
2772 4547 3076 4627 Atltaitarici
3112 4544 3476 4627 persecutione
3491 4558 3661 4627 supra
3685 4558 3737 4627 c_.
3759 4541 3817 4597 ι.

559 4642 865 4697 cerebrosus.

631 4712 656 4749 ι»
680 4710 985 4763 Conventus
1017 4704 1341 4758 Francorum
1391 4704 1468 4757 sic
1513 4700 1789 4754 dicebatur
1812 4740 1828 4763 ,
1858 4697 1998 4767 quod
2026 4697 2138 4752 sin-

560 4784 700 4855 gulis
729 4778 885 4832 annis
912 4776 1021 4855 ξιιιιζ
1057 4773 1370 4855 Illartii‘lieri
1416 4772 1713 4855 soleret_in
1754 4784 1992 4855 .campq‘,
2023 4784 2131 4855 quo

563 4840 753 4910 iitum-5
801 4851 962 4903 armis
1010 4844 1253 4900 instructi
1308 4845 1561 4898 accedere
1614 4840 1902 4895 debebant.
1942 4840 2129 4910 Postea

564 4908 783 4992 Campus
814 4919 983 4992 Maius
1021 4917 1197 4971 dictus
1222 4924 1303 4969 est
1334 4954 1350 4977 ,
1394 4929 1458 4969 ex
1492 4928 1595 4984 quo
1621 4927 1651 4966 a
1672 4910 1898 4982 Pippino
1930 4910 1980 4963 in
2018 4908 2126 4963 kal.

566 4991 993 5055 Mztii’translattts
1024 4996 1123 5042 est.

640 5078 661 5105 ο
696 5064 833 5119 Editi
864 5062 1122 5131 plerique,
1151 5055 1404 5127 bipennis,
1432 5061 1488 5109 et
1513 5053 1591 5107 sic
1618 5050 1753 5107 infra
1784 5050 1868 5105 ubi
1896 5051 2133 5107 occurrit

565 5152 597 5191 Ὗ
614 5152 669 5191 Π
698 5152 905 5189 securis.

632 5206 658 5242 τι
685 5210 773 5260 Sic
798 5205 981 5269 Cnrb.,
1007 5219 1058 5258 at
1088 5200 1197 5261 alii,
1234 5194 1615 5269 Multaitleinde
1650 5194 1800 5269 bella,
1830 5204 1934 5249 etc.
1968 5192 2130 5246 Chlo-

568 5272 765 5329 duvens
785 5266 1083 5343 Thuringos
1101 5272 1340 5343 devictos
1365 5267 1667 5322 tributarios
1697 5266 1838 5332 fecit,
1870 5277 1923 5315 ut
1944 5276 2133 5343 auctor

570 5348 850 5401 Gestorum
891 5337 1209 5398 Francorum
1258 5341 1416 5395 refert
1456 5357 1471 5393 :
1506 5352 1625 5390 nam
1673 5348 1728 5390 et
1770 5337 2126 5404 postmodum.

570 5418 729 5471 etiam
756 5425 979 5468 testante
1000 5414 1275 5481 Gregorio,
1294 5410 1550 5481 Tlturingi
1564 5422 1687 5481 suos
1710 5422 1859 5473 reges
1875 5406 2131 5481 habuere.

648 5495 671 5521 ⁸
704 5486 859 5537 Deest
889 5485 987 5536 hoc
1008 5476 1165 5549 caput
1197 5482 1248 5534 in
1282 5482 1481 5533 ltellov.
1510 5478 1853 5549 Gnndeuchus
1883 5476 2132 5549 scribitur

574 5557 627 5611 in
658 5556 815 5610 Corli.
845 5568 897 5608 et
934 5554 980 5605 al
1006 5547 1347 5605 is.'l\‘onnulli
1381 5550 1575 5603 habent
1610 5547 1946 5601 Gundivicus.
1985 5547 2139 5614 Ejus-

576 5631 695 5682 dem
731 5626 815 5678 lilii
848 5627 896 5678 in
928 5623 1126 5689 aliquot
1154 5620 1311 5674 codd.
1355 5620 1687 5689 appellantur
1729 5617 2138 5689 Gundnbaldus,

581 5695 872 5754 Gothesilus
898 5736 912 5763 ,
951 5687 1043 5748 seu
1087 5689 1439 5759 Codcqisilus,
1472 5688 1762 5759 llilpert'cus
1788 5728 1806 5755 ,
1851 5696 1954 5743 etc.
1988 5687 2140 5753 Bec.,

2314 4620 2331 4658 ί
2364 4622 2451 4676 Sic
2475 4623 2770 4688 appellatur
2818 4622 2868 4671 in
2894 4620 3078 4688 (Jorb.,
3130 4616 3301 4688 Palat.
3330 4625 3385 4688 et
3410 4614 3586 4688 Colb.,
3618 4617 3816 4688 quibus

2238 4684 2526 4747 concordat
2551 4684 2667 4744 Vita
2693 4699 2892 4744 sanctm
2922 4687 3222 4749 Chlotildis,
3254 4686 3340 4738 ubi
3375 4702 3521 4737 num.
3550 4684 3586 4736 2
3618 4686 3819 4754 legitur

2241 4764 2463 4823 Chrona.
2494 4763 2632 4817 Sazc.
2665 4778 2679 4814 t
2706 4765 2827 4815 Act.
2856 4761 2955 4817 SS.
3003 4758 3130 4812 0rd.
3182 4758 3529 4810 Benedictini.
3564 4755 3688 4810 Bec.
3738 4766 3819 4810 ta-

2243 4849 2363 4888 nien
2395 4842 2449 4887 et
2480 4832 2665 4902 Hegtn.
2694 4846 2815 4885 cum
2862 4829 3131 4902 plerisque
3168 4827 3328 4902 e_ditis
3383 4828 3611 4902 habent,
3633 4824 3821 4879 ιιιιειισ-

2238 4897 2795 4967 τωια;ιιιίἱ,’(ἰοι·οηα.
2833 4901 3035 4955 Dicitur
3084 4901 3133 4952 in
3184 4897 3484 4968 Freilegarii
3519 4897 3815 4968 Epitome_,

2237 4990 2357 5040 cap.
2386 4976 2446 5026 I7
2480 4966 2781 5029 Sédeleuba.
2810 4974 2880 5026 De
2903 4987 3004 5035 qua
3029 4970 3201 5038 agitur
3225 4970 3275 5022 iii
3306 4966 3555 5040 Chronici
3572 4982 3697 5033 cap.
3722 4966 3813 5022 22.

2235 5039 2516 5101 Chlotildis
2543 5052 2597 5099 et
2622 5044 2851 5098 Chrona:
2872 5052 3095 5096 matrem
3128 5039 3465 5108 Agrippinam
3490 5039 3816 5107 appellatam

2239 5117 2424 5178 fuisse,
2473 5115 2538 5170 de
2565 5130 2665 5184 qua
2713 5114 2964 5171 Sidonius
3000 5112 3092 5166 lib.
3153 5125 3220 5176 v,
3251 5110 3408 5181 epist.
3441 5109 3471 5161 7
3493 5150 3510 5176 ,
3566 5110 3822 5164 observat

2239 5190 2459 5245 Savarn.
3406 5237 3411 5245 .

2315 5268 2339 5305 ιτ
2374 5259 2518 5311 Alias
2539 5253 2881 5310 C/irotcltildis
2902 5298 2917 5319 ,
2962 5252 3300 5323 Chrotigeldis
3324 5292 3339 5310 .
3390 5248 3658 5323 Βοάίβὲάῖδ
3685 5263 3822 5323 ’ἒβη

2239 5328 2590 5393 (ἱΙυ-οάίειάὶε,
2646 5326 2942 5380 Chrotildis.
3000 5321 3169 5379 Hodie
3211 5324 3367 5393 vulgo
3415 5321 3671 5375 scribitur
3700 5321 3823 5377 Clo-

2238 5402 2405 5457 tildis.

2313 5472 2337 5508 ιι
2371 5472 2526 5525 Deest
2551 5468 2651 5522 hoc
2674 5477 2827 5533 caput
2857 5468 2908 5519 in
2929 5465 3048 5521 cod.
3081 5465 3212 5519 Bell.

2320 5543 2334 5579 ί
2363 5540 2447 5596 Sic
2478 5541 2606 5594 edit.
2651 5539 2800 5602 Bad.,
2831 5536 3103 5602 atczeteri,
3132 5534 3358 5589 ltumiues
3396 5539 3556 5603 fuere,
3590 5553 3696 5591 non
3723 5534 3823 5592 dii.

2321 5616 2334 5661 l
2383 5611 2514 5665 Cod.
2546 5611 2733 5678 ltegm.
2764 5608 3062 5661 ministerio.

2318 5698 2341 5719 ⁸
2381 5682 2586 5738 Cassio.
2616 5676 2735 5737 cum
2778 5679 2974 5748 aliquot
2997 5678 3149 5743 edit.,
3187 5676 3524 5749 lgnamcrem.
