3994 6194
136 286 243 343 Ξῒί

1034 278 1356 334 HISTORIA
1399 276 1840 333 FRANCORUM.
1882 276 2088 331 LIBER
2127 274 2510 333 SECUNDUS.

3292 277 3399 332 2'26

143 405 274 459 sicut
301 406 649 467 regeneratus
677 395 849 448 luerat
871 432 886 457 ,
917 391 1051 445 albis
1078 401 1101 427 α
1134 393 1285 445 obiit.
1314 390 1431 457 Qua
1459 391 1528 446 de
1550 404 1712 445 causa
1740 397 1783 451 Α
1815 390 1958 444 enim
1987 390 2117 443 deos
2148 404 2326 455 meos,
2355 390 2451 445 sed
2483 398 2540 444 ut
2566 390 2835 459 experior,
2875 392 3105 462 elongati
3146 401 3273 447 sunt
3319 395 3389 449 ab

147 503 435 550 commotus
472 488 592 541 felle
642 501 737 541 rex
766 528 781 552 ,
816 500 920 538 non
950 484 1185 552 segniter
1230 484 1536 551 increpabat
1584 483 1723 553 regi-

154 583 530 647 nam,dicens:
575 578 631 634 Si
675 580 729 630 in
776 575 988 629 nomine
1036 574 1257 628 deorum
1310 589 1551 628 meorum
1589 589 1722 641 puer

155 673 568 733 iuissetdicatus,
612 668 834 721 vixi-set
862 667 1045 734 utique
1077 684 1089 718 :
1124 680 1263 719 nunc
1303 674 1479 718 autem
1522 667 1640 733 quia
1667 666 1717 718 in

158 770 355 824 nomine
384 765 475 818 Dei
499 762 665 817 vestri
696 760 993 829 baptizatus
1020 771 1126 824 est,
1167 760 1346 813 vivere
1375 758 1595 812 omnino
1612 772 1718 811 non

160 862 337 930 potuit.
382 858 459 911 Ad
509 856 624 908 hmc
645 852 826 922 regina
861 869 874 904 :
911 851 1020 905 Deo
1050 890 1065 916 ,
1096 850 1308 919 inquit,
1340 848 1714 918 omnipotenti,

158 952 368 1009 creatori
408 948 647 1003 omnium
672 990 687 1015 ,
719 946 915 1017 gratias
944 959 1063 1013 ago.
1093 944 1183 1012 qui
1242 958 1327 997 me
1378 958 1481 995 non
1525 956 1719 1011 usque-

160 1058 353 1113 quaque
374 1038 628 1110 judicavit
658 1038 950 1107 indignam,
983 1044 1041 1089 ut
1061 1035 1127 1088 de
1154 1043 1306 1089 utero
1329 1049 1448 1088 meo
1481 1036 1717 1104 genitum

160 1152 312 1205 regno
338 1150 428 1187 suo
450 1132 761 1203 dignaretur
800 1130 994 1184 ascire.
1042 1127 1167 1181 Mihi
1198 1134 1374 1179 autem
1413 1125 1595 1180 dolore
1623 1126 1719 1177 hu-

156 1229 238 1297 jus
286 1240 449 1281 causa:
478 1225 691 1277 anitnus
719 1236 823 1274 non
858 1220 1159 1288 attingitur,
1190 1219 1315 1287 quia
1355 1218 1468 1270 scio
1500 1221 1549 1271 in
1580 1217 1718 1271 albis

158 1323 221 1373 ab
250 1319 345 1373 hoc
372 1315 563 1371 mundo
593 1324 841 1379 vocatos,
872 1312 964 1365 Dei
1012 1310 1286 1364 obtutibus
1327 1310 1636 1364 nutriendos
1667 1309 1715 1364 δ.

154 1410 277 1464 Post
301 1410 431 1462 bnnc
469 1421 596 1461 vero
626 1405 819 1475 genuit,
853 1404 1019 1458 alium
1053 1404 1247 1467 lilium,
1296 1417 1453 1471 quem
1483 1401 1718 1470 b.iptiza-

158 1511 260 1555 tum
313 1497 712 1553 Cblodometetn
768 1498 996 1560 vocavit;
1044 1504 1098 1549 et
1143 1494 1228 1548 hic
1281 1509 1401 1548 cum
1460 1504 1719 1562 aegrotare

161 1598 417 1664 coepisset,
449 1594 660 1647 dicebat
682 1607 773 1644 rex
808 1590 961 1645 :Non
995 1599 1169 1659 potest
1195 1588 1338 1643 aliud
1373 1588 1508 1654 ﬁeri,
1535 1587 1635 1642 nisi
1666 1597 1719 1641 et

160 1690 223 1743 tle
252 1687 363 1748 hoc,
388 1686 520 1739 sicut
546 1692 602 1738 et
653 1683 723 1737 de
750 1683 914 1736 fratre
951 1683 1101 1749 ejus,
1135 1680 1437 1747 contingat,
1472 1689 1525 1731 ut
1549 1678 1719 1745 bapti-

161 1790 299 1834 zatus
329 1778 375 1832 itt
401 1778 507 1847 82
541 1774 757 1828 nomine
786 1771 982 1827 Christi
1033 1772 1219 1836 vestri,
1246 1771 1489 1839 protinus
1519 1770 1719 1822 moria-
1758 1776 1803 1835 Β

166 1878 265 1921 tur.
294 1868 393 1923 Sed
418 1874 605 1920 orante
637 1873 838 1928 matre,
881 1863 1106 1916 Domino
1143 1861 1368 1931 jubente
1392 1859 1679 1913 convaluit.

228 1963 386 2019 XXX.
415 1964 612 2033 Regina
641 1973 662 2001 ε
687 1977 820 2015 Vero
851 1976 957 2013 non
988 1960 1234 2014 cessabat
1264 1958 1554 2025 praedicare
1581 1957 1717 2024 regi,

165 2066 219 2109 tit
256 2056 409 2109 Deum
456 2070 642 2109 verum
692 2060 1059 2123 cognosceret,
1091 2059 1146 2105 et
1195 2049 1333 2103 idola
1384 2048 1716 2126 negligeiet;

168 2148 252 2201 sed
283 2149 417 2201 nullo
444 2146 605 2201 modo
636 2145 701 2200 ad
756 2146 870 2198 haec
918 2143 1187 2198 credenda
1236 2151 1443 2211 poterat
1475 2155 1718 2194 commo-

169 2240 495 2309 reﬁ,donec
541 2243 752 2293 tandem
785 2235 1069 2305 aliquando
1116 2236 1311 2290 bellum
1363 2244 1545 2287 comta
1595 2232 1718 2287 Ala-

168 2344 370 2386 mannos
395 2338 831 2385 commoveretur
858 2345 871 2380 :
903 2328 955 2381 in
1005 2342 1110 2396 quo
1151 2325 1455 2394 compulsus
1482 2336 1563 2378 eSt
1594 2339 1723 2378 con-

170 2422 293 2476 ﬁteri
322 2425 668 2485 necessitate,
702 2421 843 2491 quod
896 2421 1040 2488 prius
1088 2420 1361 2473 voluntate
1413 2426 1719 2487 negaverat.

145 2513 369 2568 ’Factum
397 2526 477 2570 est
518 2524 721 2582 autem,
752 2522 808 2567 ut
853 2513 1173 2581 conﬂigente
1204 2522 1427 2581 utroque
1457 2512 1719 2578 exercitu,

174 2607 491 2663 vehementer
534 2607 891 2668 caederentur,
924 2615 1080 2674 atque
1125 2604 1391 2657 exercitus
1420 2603 1721 2657 Cblodove-

172 2702 247 2752 chi
276 2698 421 2752 valde
472 2697 538 2751 ad
585 2697 1005 2751 internecionem
1038 2710 1193 2748 ruere
1221 2695 1401 2762 accpit.
1436 2693 1584 2759 Quod
1632 2692 1723 2747 ille

176 2790 364 2854 videns,
388 2788 605 2845 elevatis
632 2789 695 2841 ad
724 2788 914 2841 caelum
943 2786 1131 2850 oculis,
1162 2793 1511 2852 compunctus
1538 2782 1721 2848 corde,

175 2894 452 2937 commotus
498 2883 549 2935 in
604 2879 877 2949 lacrymis,
931 2876 1201 2931 aitzJesu
1257 2876 1510 2939 Christe,
1564 2889 1721 2943 quem

172 2972 545 3028 Chrotecbildis
567 2972 822 3042 praedicat
845 2984 963 3025 esse
994 2970 1158 3022 lilium
1187 2969 1280 3022 Dei
1311 2968 1450 3033 vivi,
1472 2969 1561 3037 qui
1592 2964 1725 3022 dare

176 3065 415 3119 auxilium
448 3062 840 3128 laborantibus,
873 3064 1259 3130 victoriamque
1290 3060 1342 3114 in
1374 3069 1426 3114 te
1456 3060 1723 3129 speranti-

1824 480 2027 534 anxilio
2055 495 2175 535 meo
2202 498 2214 532 :
2248 480 2389 535 unde
2419 480 2582 534 credo
2610 496 2705 535 eos
2752 482 2947 537 nullius
2978 498 3100 537 esse
3128 493 3402 550 potestatis

1826 561 2101 629 pra-ditus,
2134 562 2223 629 qni
2253 562 2353 615 sibi
2385 559 2758 616 obedientibus
2788 578 2895 617 non
2925 573 3213 618 occurrunt
3239 561 3290 617 ά.
3323 566 3401 621 'l‘e

1825 666 1968 704 nunc
2000 652 2195 705 invoco
2219 690 2235 716 ,
2269 661 2323 705 et
2363 652 2455 704 tibi
2496 651 2716 707 credere
2756 652 3037 715 desidero;
3068 662 3271 709 tantum
3298 694 3314 717 ,
3348 665 3403 709 ut

1822 760 1981 797 eruar
2028 743 2095 796 ab
2142 744 2466 797 adversariis
2512 744 2672 798 meis.
2706 745 2948 814 Cumque
2994 746 3109 799 haec
3153 746 3357 801 diceret
3384 787 3400 809 ,

1827 837 2105 889 Alamanni
2140 844 2282 905 terga
2318 843 2604 896 vertentes.
2640 836 2691 891 itt
2742 836 2917 905 fugam
2968 836 3071 891 labi
3101 846 3398 906 coeperunt.

1822 927 2063 994 Cumque
2091 942 2270 997 regem
2303 942 2458 980 suum
2489 937 2771 983 cernerent
2814 927 3211 995 interemptum,
3237 928 3402 983 Chlo~

1822 1020 2047 1074 dovei‘hi
2072 1034 2128 1074 se
2154 1019 2445 1074 ditionibus
2466 1020 2722 1092 subdunt,
2742 1020 2980 1077 dicentes
3005 1040 3017 1073 :
3048 1022 3123 1076 Ne
3144 1024 3393 1092 amplius,

1821 1106 2162 1162 quaesumus,
2201 1102 2381 1158 pereat
2412 1090 2637 1160 populus
2670 1109 2680 1143 :
2708 1091 2813 1161 jam
2847 1092 2922 1145 tui
2952 1107 3156 1147 sumus.
3188 1090 3256 1149 At
3287 1095 3393 1159 ille,

1822 1184 2087 1253 prohibito
2122 1184 2290 1250 bello,
2338 1196 2714 1252 coarctatoque
2746 1186 2970 1253 populo,
2997 1201 3118 1239 cum
3149 1201 3277 1253 pace
3308 1203 3398 1242 re-

1820 1288 2066 1343 gressus,
2098 1274 2337 1328 narravit
2367 1275 2586 1341 reginas,
2618 1276 2844 1343 qualiter
2877 1290 2971 1343 per
3007 1275 3398 1333 invocationem

1822 1366 2054 1421 nominis
2082 1365 2283 1420 Christi
2316 1364 2591 1418 victoriam
2625 1375 2817 1419 mermt
2842 1368 3085 1421 obtinere
3124 1378 3169 1424 °.

1892 1444 2085 1498 XXXI.
2127 1441 2320 1497 'I‘unc‘
2356 1446 2537 1515 regina
2568 1446 2817 1498 accersiri
2852 1446 2986 1497 clam
3021 1458 3261 1500 sanctum
3290 1445 3400 1502 Re-

1824 1524 2041 1593 migium
2092 1522 2412 1577 Rhemensis
2459 1524 2606 1577 urbis
2635 1525 2945 1592 episcopum
2993 1526 3177 1595 jubet,
3209 1528 3399 1595 deprc-

1823 1634 1952 1673 cans
1982 1629 2040 1673 ut
2068 1619 2178 1687 regi
2207 1618 2426 1672 verbum
2454 1618 2642 1671 salutis
2673 1618 2989 1672 insinuaret.
3021 1618 3186 1684 Quem
3219 1635 3401 1673 sacer-

1831 1711 1930 1765 dos
1959 1710 2299 1773 accersitutn,
2332 1710 2588 1763 secretius
2632 1710 2793 1777 cmpit
2822 1710 2929 1779 83
2977 1711 3023 1764 ei
3060 1711 3330 1764 insinuare
3353 1721 3401 1775 ις,

1836 1814 1891 1857 nt
1920 1804 2085 1856 Deum
2118 1818 2337 1867 verum,
2379 1803 2632 1855 factorem
2664 1801 2785 1854 ςαξιὶ
2830 1812 2885 1855 et
2928 1812 3083 1854 terra:
3114 1807 3357 1856 crederet
3386 1848 3400 1868 ,

1826 1885 1966 1938 idola
1999 1884 2312 1951 negligeret,
2348 1898 2466 1951 qua:
2510 1897 2678 1949 neque
2710 1881 2845 1944 sibi,
2894 1896 3065 1950 neque
3111 1883 3230 1935 aliis
3271 1898 3400 1951 prn-

1824 1979 1981 2031 desse
2010 1985 2253 2045 possunt.
2289 1982 2353 2027 At
2383 1974 2471 2027 ille
2517 1973 2587 2025 ait
2622 1990 2634 2024 :
2668 1971 2918 2025 Libenter
2948 1981 3023 2037 te,
3064 1975 3403 2029 sanctissime

1825 2077 1997 2135 pater,
2029 2065 2262 2129 audiam,
2297 2067 2389 2117 sed
2442 2070 2607 2117 restat
2638 2079 2797 2115 unum
2825 2102 2839 2125 ,
2873 2063 3013 2130 quod
3049 2064 3275 2132 populus
3306 2064 3402 2131 qui

1829 2174 1914 2212 me
1942 2155 2203 2225 sequitur,
2236 2171 2339 2208 non
2375 2158 2569 2223 patitur
2608 2155 2910 2223 relinquere
2938 2154 3070 2208 deos
3108 2170 3234 2209 suos
3263 2174 3275 2209 :
3309 2158 3402 2213 sed

1824 2248 1964 2300 vado
1993 2256 2045 2300 et
2074 2247 2262 2316 loquar
2290 2245 2369 2299 eis
2413 2243 2570 2314 juxta
2603 2244 2819 2299 verbum
2870 2255 3036 2298 tuum.
3070 2245 3403 2302 Conveniens

1824 2350 2001 2392 autem
2033 2352 2151 2391 cum
2182 2321 2315 2403 suis,
2348 2338 2656 2406 priusquam
2685 2336 2774 2389 ille
2807 2337 3135 2405 loqueretur,
3172 2353 3403 2405 praecur-

1828 2444 1978 2484 rente
2011 2428 2245 2496 potentia
2280 2427 2372 2480 Dei
2402 2472 2415 2494 ,
2446 2426 2620 2481 Omnis
2653 2427 2876 2495 populus
2906 2430 3105 2495 pariter
3135 2430 3399 2482 acclatna-
3423 2494 3439 2504 η

1826 2525 1896 2576 vit
1931 2541 1943 2575 :
1969 2523 2217 2575 Mortales
2246 2523 2373 2574 deos
2397 2510 2697 2587 abjicimus,
2723 2520 2807 2589 pie
2836 2536 2948 2587 rex,
2979 2530 3033 2575 et
3056 2520 3222 2577 Deum
3244 2539 3401 2592 quem

1828 2616 2100 2685 Remigius
2133 2615 2383 2682 praedicat
2414 2615 2766 2668 immortalem
2798 2617 2948 2682 sequi
2982 2613 3153 2685 parati
3190 2630 3398 2669 sumus.

1826 2708 2145 2762 Nttntiantur
2171 2707 2285 2761 hazc
2302 2707 2548 2772 antistiti,
2570 2707 2657 2775 qui
2704 2706 2898 2775 gaudio
2933 2721 3124 2775 magno
3147 2707 3402 2775 iepletus,

1822 2799 1985 2869 jussit
2014 2800 2282 2853 lavacrum
2318 2800 2623 2867 prwpzirari.
2660 2797 2800 2852 Veiis
2823 2798 3051 2866 depictis
3076 2800 3404 2853 adumbran-

1830 2900 1914 2944 tur
1937 2891 2123 2960 platete
2150 2890 2407 2953 ecclesia},
2447 2892 2672 2942 cortinis
2705 2889 3007 2943 albentibus
3055 2891 3401 2957 adornantnr,

1830 2982 2198 3052 baptisterium
2229 2981 2587 3049 componitur,
2624 2980 2857 3033 bilsama
2886 2979 3270 3047 diffunduntur,
3307 2983 3404 3035 mi-

1830 3083 1952 3126 cant
1982 3074 2265 3142 ﬂagrantes
2291 3072 2457 3125 odore
2493 3071 2671 3135 cerei,
2706 3078 2980 3140 totumque
3011 3071 3267 3140 templum
3298 3072 3400 3125 ba-

179 3156 270 3211 Itus
295 3160 523 3213 tribuere
551 3158 767 3221 diceriS.
802 3164 905 3210 tua!
934 3156 1049 3223 Opis
1068 3154 1290 3224 gloriam
1322 3153 1543 3207 ἀενοιυε
1572 3152 1723 3209 ema-
1753 3167 1798 3228 C
1832 3166 2053 3232 ptisterii
2083 3164 2265 3217 divino
2295 3164 2622 3232 reSpergitur
2648 3164 2714 3216 ab
2737 3163 2902 3218 odore
2926 3161 2951 3198 ιι
2978 3179 2991 3228 ;
3024 3163 3290 3234 talemque
3322 3164 3397 3217 ibi

175 3248 273 3317 gito
294 3266 309 3302 :
334 3251 457 3305 utsi
488 3250 620 3305 mihi
649 3248 922 3303 victoriam
954 3262 1113 3316 super
1142 3247 1235 3299 hos
1268 3248 1449 3301 hostes
1480 3246 1716 3301 indulse—

174 3341 260 3406 ris,
284 3350 337 3395 et
376 3348 627 3411 expertus
684 3340 830 3393 fuero
860 3340 1004 3393 illam
1037 3338 1281 3392 tirtutem
1306 3380 1321 3404 ,
1354 3352 1512 3405 quant
1553 3337 1620 3391 de
1668 3348 1719 3392 te

171 3436 374 3501 populus
403 3447 494 3489 tuo
543 3433 747 3490 nomini
796 3433 999 3487 dicatus
1032 3434 1285 3501 probasse
1316 3450 1373 3488 se
1425 3434 1677 3503 praedicat
1702 3475 1718 3499 ,

170 3526 360 3581 credam
409 3526 539 3593 tibi,
587 3536 643 3581 et
684 3527 738 3580 in
788 3525 1001 3579 nomine
1045 3535 1136 3578 tuo
1182 3524 1442 3594 baptizer.
1477 3524 1721 3579 Invocavi

241 3644 263 3670 ⁸
292 3633 353 3689 1η
376 3636 527 3699 albis,
555 3635 605 3690 id
634 3644 715 3690 est
759 3636 897 3690 intra
922 3633 1307 3689 hebdomadam
1335 3639 1382 3687 ιιι
1411 3651 1507 3705 qua
1534 3652 1722 3692 recens

178 3704 403 3813 baptismi
433 3707 571 3760 albis
601 3707 767 3760 induti
799 3706 1096 3770 prodibant.

303 3778 391 3813 Αιςε
454 3789 687 3813 amni..."
752 3776 840 3813 ηοξ
879 3776 1096 3813 amnium

298 3778 427 3843 Alii,
454 3789 709 3838 vocatum,
745 3776 840 3829 Dei
879 3776 1131 3829 obtutibus
1161 3778 1509 3833 nutriendum.

241 3856 261 3884 ε
300 3848 359 3902 Ει
381 3848 481 3904 hoc
507 3860 664 3904 canui
694 3848 845 3903 deest
873 3847 927 3900 in
956 3848 1075 3901 cod.
1110 3849 1371 3901 Bellovac.

234 3914 259 3953 ⁸
292 3917 376 3973 Sic
399 3933 531 3974 mss.
565 3914 634 3983 ιι;
660 3919 747 3974 alii
776 3934 894 3974 cum
923 3918 1099 3983 editis,
1126 3927 1445 3972 succurrunt.

242 3999 263 4024 ⁸
300 3988 441 4054 Bec.,
468 3990 601 4043 Mor.
633 4005 677 4041 s.
704 3988 807 4042 alia
833 4005 1014 4049 tnanu,
1046 4002 1096 4041 et
1123 3990 1256 4043 alius
1284 3992 1451 4043 codex
1486 3990 1554 4043 ab
1582 3990 1727 4045 Ilen-

180 4057 374 4113 schenio
398 4062 645 4115 laudatus
671 4074 787 4113 cum
816 4060 1015 4113 Cbesn.
1042 4058 1122 4112 hic
1149 4062 1360 4123 habent,
1387 4062 1569 4113 Actum
1595 4077 1730 4113 anno

186 4127 245 4199 15
267 4133 397 4199 regni
426 4133 540 4195 sui,
572 4130 626 4186 id
660 4142 741 4185 est
784 4145 924 4183 anno
950 4128 1055 4182 496
1080 4146 1093 4181 :
1118 4147 1233 4197 qua:
1261 4134 1419 4185 verba
1455 4133 1729 4199 desumpta

182 4197 325 4255 luisse
348 4202 596 4257 videntur
624 4217 688 4254 ex
714 4202 847 4254 libro
872 4202 938 4255 tle
961 4200 1136 4255 Cestis
1162 4199 1510 4255 Francorum.
1546 4202 1599 4255 In
1630 4197 1731 4254 cte-

184 4277 292 4325 teris
315 4273 454 4326 enim
486 4270 704 4339 scriptis
724 4284 776 4326 et
804 4271 979 4333 editis,
1012 4287 1145 4338 quos
1163 4274 1362 4339 .videte
1407 4272 1554 4325 licuit
1580 4314 1593 4336 ,
1627 4287 1731 4326 n0n

184 4340 437 4397 habentur.
465 4342 629 4395 Corb.
663 4352 837 4395 tamen
882 4351 933 4396 et
964 4342 1091 4395 Bell.
1124 4342 1175 4395 in
1217 4342 1393 4397 medio
1418 4358 1533 4408 eap.
1560 4342 1649 4405 3'7,
1680 4352 1737 4396 ut

184 4412 294 4466 intra
335 4413 625 4479 notabitur,
661 4414 876 4479 habent,
908 4429 1041 4465 anno
1080 4412 1136 4464 li;
1163 4411 1520 4467 Clitodovcchi.
1570 4413 1737 4467 l’orro

181 4496 327 4606 pugna
349 4525 365 4548 ,
433 4499 553 4553 quae
602 4486 685 4537 hic
730 4493 1071 4547 memoratur,
1122 4483 1242 4535 data
1310 4484 1543 4537 creditur
1597 4484 1735 4551 apud

218 4554 463 4606 nlbiacum
492 4558 767 4606 nnnidum.
797 4563 869 4606 uti
899 4570 961 4606 ex
993 4554 1179 4606 eodem
1207 4569 1326 4606 can.
1356 4553 1420 4606 57
1446 4556 1727 4606 colliaitur.

1824 3257 2048 3328 gratiam
2098 3256 2396 3310 astantibus
2430 3256 2569 3310 Deus
2621 3255 2822 3321 tribuit,
2859 3264 2915 3308 ut
2962 3256 3292 3310 aestimarent
3342 3271 3401 3312 se

1827 3338 2053 3409 paradisi
2084 3338 2339 3392 odoribus
2368 3337 2639 3391 collocari.
2678 3337 2789 3391 Rex
2815 3353 2945 3407 ergo
2974 3340 3119 3407 prior
3162 3341 3402 3409 poposcit

1826 3446 1884 3485 se
1914 3446 1944 3484 a
1973 3429 2222 3498 pontiﬁce
2253 3431 2531 3499 baptizari.
2558 3430 2804 3484 Procedit
2834 3446 3003 3484 novus
3025 3432 3403 3489 Constantinus

1826 3521 1891 3575 ad
1940 3522 2203 3577 lavacrum
2232 3562 2248 3587 ,
2280 3523 2552 3576 deleturns
2596 3524 2755 3592 lepra:
2792 3521 2807 3559 ί
2865 3525 3060 3578 veteris
3112 3525 3354 3579 morbum
3386 3565 3401 3589 ,

1831 3635 2157 3700 Chlotildis,
2206 3652 2324 3704 quae
2380 3636 2589 3691 videtur
2636 3649 2759 3691 ante
2802 3637 3143 3691 llincmarutn
3204 3653 3401 3704 scrpta

1830 3706 2013 3762 fuisse.
2040 3708 2188 3772 Quod
2213 3723 2339 3759 vero
2369 3714 2515 3760 aiunt
2536 3723 2565 3760 a
2588 3710 3033 3762 cetitttriatoribns
3083 3709 3131 3762 Μ
3153 3712 3401 3776 igdebur-

1833 3778 2089 3847 gensibns
2120 3780 2290 3830 visum
2331 3778 2495 3832 fuisse
2519 3777 2760 3832 codicem
2787 3778 3027 3847 Gregorii
3048 3821 3061 3843 ,
3090 3781 3140 3831 in
3172 3796 3276 3846 quo
3304 3800 3410 3831 nn-

1842 3849 1983 3918 pulla
2015 3851 2102 3902 illa
2129 3860 2534 3912 memoraretur,
2561 3864 2717 3916 quem
2749 3849 3054 3903 heterodoxt
3087 3861 3265 3914 postea
3308 3851 3393 3904 dis

1834 3919 2097 3973 cisserunt
2117 3958 2130 3979 ,
2147 3919 2548 3972 verisimilenon
2574 3918 2798 3974 videtur.
2824 3926 2890 3972 At
2916 3921 3051 3973 forte
3076 3921 3151 3973 illi
3177 3920 3406 3974 habuere

1833 4005 1942 4059 pm-
1965 3988 2205 4042 manibns
2230 3987 2419 4040 librum
2447 3990 2512 4041 de
2540 3988 2715 4043 Cestis
2760 3988 3086 4042 Francomtn
3127 4006 3154 4043 a
3178 3991 3407 4045 Chesnio

1839 4072 1982 4113 tomo
2010 4059 2030 4112 I
2055 4060 2278 4122 editum,
2312 4062 2399 4125 qui
2430 4064 2481 4112 in
2534 4060 2801 4117 nonnullis
2825 4061 3102 4113 codicibus
3132 4075 3259 4113 mss.
3289 4062 3411 4115 ϐω·

1835 4131 1983 4198 gorio
2016 4141 2200 4182 nostro
2231 4129 2500 4193 tributur,
2534 4131 2584 4182 iti
2610 4144 2715 4198 quo
2740 4130 2857 4183 haec
2884 4131 3103 4184 historia
3142 4133 3407 4191 descripta

1838 4203 2021 4256 fuerit.
2055 4200 2328 4269 Ejusmodi
2381 4201 2607 4254 habetur
2634 4216 2798 4254 unum
2831 4203 3106 4267 exemplar
3136 4204 3186 4254 in
3232 4202 3412 4255 biblio-

1841 4274 1992 4326 theca
2023 4271 2501 4325 Archimonasterii
2537 4270 2832 4341 Remigiani
2879 4274 3016 4341 apud
3056 4272 3310 4338 Rhemos,
3335 4273 3404 4326 ab

1838 4345 1991 4397 annis
2019 4342 2233 4396 circiter
2264 4342 2367 4397 500
2395 4353 2694 4397 exaratum.
2745 4344 3010 4397 Caeterum
3057 4344 3288 4410 ampulla
3325 4346 3409 4396 illa

1840 4424 2001 4467 etiam
2027 4428 2167 4467 nunc
2190 4412 2411 4465 Rhemis
2430 4423 2734 4467 asservatur
2754 4415 3141 4468 studiosissime
3170 4416 3221 4466 in
3242 4415 3409 4467 arcin-

1847 4487 2170 4538 tnonasterio
2197 4482 2533 4552 Rcmigiauo,
2563 4484 2629 4538 ad
2657 4499 2838 4553 regum
2889 4500 3190 4539 nostrorum
3220 4500 3407 4539 conse-

218 4548 465 4609 nlbiacuni
492 4558 767 4623 oppidum,
797 4563 869 4606 nti
899 4570 961 4607 ex
993 4554 1326 4625 endemieap.
1356 4553 1420 4606 57
1446 4548 1727 4623 colligitur.
1765 4548 1813 4606 Ι)
1843 4554 2139 4609 crationem
2169 4556 2217 4607 *.
2267 4548 2628 4608 Chlodoveum
2654 4548 2831 4610 autem
2877 4572 2905 4608 a
2950 4565 3137 4609 sancto
3170 4555 3409 4625 Remigio

242 4625 258 4661 ί
298 4626 404 4679 Hoc
434 4637 593 4693 caput
622 4641 727 4678 non
753 4634 927 4679 exstat
956 4626 1007 4678 in
1030 4626 1150 4677 cod.
1183 4624 1313 4677 Bell.

238 4704 260 4742 ι
293 4696 378 4751 Sic
404 4711 560 4758 mss.;
590 4696 716 4751 editi
746 4710 893 4760 νυιο,
922 4698 1068 4761 carpit
1093 4696 1352 4765 instigare.

238 4765 259 4802 δ
293 4766 605 4822 itincmarus
624 4776 678 4821 et
696 4766 786 4835 qui
813 4774 931 4834 post
955 4781 1074 4819 eum
1101 4770 1268 4819 secuti
1293 4774 1417 4820 sunt
1439 4766 1728 4835 scriptores

182 4847 420 4902 asserunt,
464 4838 697 4892 chrisma
744 4838 842 4890 hac
884 4838 993 4905 ipsa
1026 4837 1308 4890 occasione
1347 4838 1400 4890 in
1442 4836 1670 4902 ampulla
1697 4852 1728 4891 e

186 4910 295 4986 cosio
315 4906 718 4986 allatunrluisse
738 4926 764 4958 :i
792 4906 1035 4986 columba
1063 4926 1073 4959 :
1105 4908 1368 4986 quodetsi
1393 4907 1589 4986 diserte
1621 4923 1724 4961 non

187 4978 301 5034 dicat
326 4978 638 5049 Gtegorius,
672 4979 842 5032 innttit
865 4988 1037 5032 tamen
1062 4978 1257 5046 aliquid
1297 4980 1569 5031 insolitum
1603 4989 1727 5032 tunc

184 5052 461 5118 contigisse,
495 5063 617 5103 cum
641 5049 716 5102 ait
741 5050 914 5102 divino
942 5050 1096 5101 odore
1122 5052 1295 5101 locum
1330 5049 1492 5102 fuisse
1522 5064 1732 5115 resper-

186 5132 297 5187 sum,
325 5125 392 5175 ita
441 5131 497 5173 ut
537 5134 729 5175 omnes
773 5120 943 5187 gratia
984 5118 1073 5171 Dei
1122 5118 1174 5174 id
1200 5121 1467 5174 tribuente
1508 5133 1628 5174 sese
1676 5121 1726 5173 in

189 5190 405 5245 Psradiso
435 5191 643 5246 locatos
680 5189 1070 5246 existimarent.
1099 5191 1258 5243 Certe
1283 5190 1597 5243 iiincmarus
1639 5190 1728 5242 uii-

190 5265 394 5317 raculum
427 5263 573 5317 istud
608 5276 713 5316 non
758 5261 928 5315 solum
956 5262 1007 5313 in
1042 5260 1155 5314 Vita
1187 5263 1243 5313 ὃ.
1275 5258 1501 5328 Remigii
1525 5260 1727 5314 descri-

192 5338 287 5398 psit,
309 5335 399 5389 sed
421 5334 554 5387 etin
585 5333 849 5402 lrequenti
890 5333 1255 5401 prazlatorum,
1284 5331 1605 5400 principum,
1635 5347 1727 5398 po-

190 5406 502 5476 pulumque
521 5412 792 5476 conventu
819 5404 988 5471 palam
1010 5402 1077 5456 de
1100 5402 1212 5476 illo,
1240 5404 1315 5455 uti
1339 5402 1548 5476 publice
1575 5413 1721 5476 noto,

193 5484 359 5528 locutus
386 5472 470 5531 eat
517 5476 657 5543 apud
687 5473 901 5537 Mettas,
930 5488 1052 5527 cum
1094 5473 1300 5527 scilicet
1327 5472 1579 5526 Carolum
1608 5472 1731 5525 Cal-

193 5558 283 5598 uun
304 5547 370 5601 ibi
409 5551 464 5602 in
503 5547 694 5615 majori
722 5545 951 5599 ecclesia
984 5558 1160 5615 regem
1188 5544 1564 5615 inauguraret.
1593 5545 1730 5608 Quin

195 5627 234 5665 et
250 5616 348 5686 rjos
369 5619 447 5674 rei
466 5612 751 5688 vestigium
773 5616 990 5684 aliquod
1013 5613 1289 5683 inspicitur
1310 5612 1363 5669 in
1388 5612 1506 5667 Vita
1532 5626 1731 5668 sanetae

1841 4628 2191 4693 baptizatum,
2222 4625 2517 4692 septiformi
2550 4630 2717 4693 gratia
2739 4628 2965 4693 Spiritus
2992 4630 3158 4681 sancti
3185 4628 3410 4679 illustra-

1818 4707 1976 4760 -ιυιιι,
2004 4706 2060 4750 et
2084 4699 2148 4749 ad
2193 4711 2389 4765 regiam
2436 4706 2751 4763 potestatem
2795 4708 3103 4766 perunctum
3150 4697 3312 4751 fuisse
3358 4699 3410 4748 in

1840 4769 2067 4837 ecclesia
2100 4771 2264 4820 beati-
2297 4767 2475 4820 Μαι-ιω
2502 4767 2821 4822 Rhemensis
2848 4770 3062 4837 agnovit
3105 4768 3406 4822 Ludovicus

1835 4835 1957 4889 Pius
1977 4840 2115 4903 apud
2143 4836 2503 4891 Frodoardutn
2530 4840 2622 4892 lib.
2643 4854 2678 4892 ιι
2704 4835 2900 4893 Histor.
2930 4838 3266 4897 Rliemensis,
3289 4852 3407 4904 cap.

1837 4905 1921 4959 19.
1952 4910 2030 4960 Ad
2062 4908 2199 4961 hanc
2241 4923 2365 4961 vero
2397 4909 2642 4977 baptismi
2686 4926 2765 4963 sui
2805 4914 3224 4969 solemnitatem,
3256 4907 3411 4977 Chlo-

1832 4980 2080 5039 doveum,
2107 4994 2209 5031 non
2239 4981 2407 5030 solum
2433 4976 2510 5032 sui
2537 4986 2707 5048 regni,
2739 4980 2831 5033 sed
2854 4994 2906 5033 et
2936 4990 3164 5032 caeteros
3203 4976 3411 5048 episco-

1836 5062 1929 5115 pos
1958 5048 2173 5101 οεὴιιυιίι
2190 5062 2251 5101 os
2282 5049 2533 5103 invitasse
2579 5045 2842 5117 cbiligitur
2873 5066 2937 5102 ex
2968 5052 3190 5116 epistola
3235 5045 3407 5099 satu-ti

1834 5120 1971 5170 Aviti
1998 5119 2063 5170 ad
2095 5120 2264 5185 ιμπιιιιι
2294 5119 2685 5183 Cblotioveum,
2713 5136 2871 5188 quam
2911 5117 2963 5171 in
3006 5118 3311 5187 Appendice
3333 5118 3399 5170 ad

1834 5189 1973 5241 hunc
1997 5198 2197 5241 tomum
2227 5189 2480 5255 reperies.

1911 5257 1925 5295 ί
1968 5258 2120 5312 Colb.
2166 5261 2232 5309 ad
2262 5262 2555 5326 marginem
2598 5260 2711 5312 hinc
2756 5262 2941 5320 habet,
2986 5258 3053 5311 ab
3090 5258 3246 5313 annis
3274 5260 3408 5313 circ.

1828 5327 1932 5399 ιιιυ
1962 5329 2141 5382 addita
2170 5345 2183 5380 ς
2213 5326 2344 5399 Ecce
2382 5332 2476 5381 iste
2513 5329 2953 5399 historiographus
2987 5336 3261 5383 concordat
3291 5346 3409 5382 cum

1833 5397 2065 5452 Historia
2095 5400 2257 5451 sancti
2290 5398 2526 5453 Situestri
2554 5400 2617 5452 de
2648 5400 2789 5467 lepra
2815 5397 3136 5453 Constantini
3162 5403 3409 5453 mundata

1833 5472 1887 5523 in
1917 5474 2056 5540 fonte
2085 5470 2341 5537 baptismi.
2376 5470 2439 5522 Et
2462 5473 2679 5538 quidem
2709 5482 2913 5524 certqu
2960 5473 3169 5526 videtur
3196 5487 3260 5525 ex
3309 5479 3409 5525 nec

1835 5541 1975 5605 loco,
2007 5542 2093 5594 ubi
2139 5546 2300 5594 etiam
2345 5541 2684 5595 Chlodoveos
2711 5540 3060 5596 Constantino
3098 5554 3152 5597 et
3190 5552 3405 5595 sanctus

1838 5610 2107 5679 Remigius
2124 5614 2280 5665 beato
2308 5612 2566 5667 Silvestro
2588 5627 2986 5681 comparantur,
3012 5614 3404 5681 tunctemporis

238 5712 354 5762 “Non
376 5716 467 5764 nisi
494 5716 542 5763 in
567 5718 791 5763 nostrate
834 5712 1033 5760 bisto;ia
1079 5715 1372 5772 peregrinus
1417 5713 1589 5768 nescit,
1612 5720 1794 5772 sacram
1839 5707 2138 5772 ampullatna
2161 5707 2488 5758 Conventionis
2527 5708 2821 5758 satellitibus
2856 5707 3100 5758 elfractan
3145 5708 3389 5772 periisse;

192 5774 411 5825 (iniciatis
430 5785 599 5825 autem
625 5774 913 5838 particulam
936 5788 962 5819 a
981 5766 1092 5820 vit-0'
1122 5766 1329 5838 quodam
1366 5766 1642 5838 honorandi
1677 5770 1906 5829 religiose
1920 5766 2191 5838 colli-ctam
2208 5775 2389 5833 diuque
2417 5773 2644 5838 relatam,
2672 5772 2890 5833 tandem,
2914 5766 3408 5838 redivivo'Clodovai

193 5838 345 5895 iteratio.
373 5852 514 5893 novae
548 5831 701 5891 iuliae
736 5836 976 5887 creditam
1000 5831 1221 5898 ampullte
1245 5848 1355 5900 qua.-
1374 5834 1545 5884 Carolo
1569 5832 1609 5884 Χ
1631 5831 1680 5880 in
1700 5842 1874 5893 regem
1900 5834 2227 5883 consecrando
2246 5831 2483 5885 tuSert'iit.

2974 5831 3110 5881 Ents.
