3994 6194
149 240 233 296 ξῖθ
1025 238 1341 295 HISTORIA
1382 235 1824 291 FRANCORUM.
1868 236 2062 291 LIBER
2106 237 2481 294 SECUNDUS.

3284 249 3390 301 230

152 358 339 417 ignoro,
363 353 482 421 quia
515 361 783 407 venerunt
814 352 863 405 hi
900 352 1115 406 Barbari
1144 366 1304 419 super
1331 366 1450 417 nos,
1479 362 1534 404 ut
1559 352 1711 405 nobis
1743 359 1781 407 Α
1816 349 1948 403 urbe
1976 390 1990 411 .
2030 364 2115 404 Cm
2161 351 2229 403 de
2267 352 2582 420 aqumduﬂ"
2633 370 2758 409 ("ira
2806 358 3070 414 manebal-
3125 361 3217 416 1116
3264 377 3391 418 Vero

155 444 464 511 interemptis
510 445 789 508 regionem
836 452 998 497 totam
1038 452 1301 497 evertant.
1336 443 1415 495 Ad
1451 442 1564 495 liaic
1596 443 1712 495 Ari-

157 539 259 592 dius
284 538 355 589 ait
382 554 393 588 :
416 536 641 605 Oportet
673 544 728 593 te
758 535 931 590 lenire
960 534 1221 589 feritatem
1256 534 1488 588 hominis
1517 536 1671 602 hujus
1693 576 1708 599 ,

170 643 227 681 ne
255 641 449 696 pereas.
482 626 637 681 Nunc
667 640 798 696 ergo
824 625 870 680 si
900 625 1073 694 placet
1100 627 1153 679 in
1193 626 1361 682 oculis
1395 627 1525 692 tuis,
1555 641 1653 695 ego
1683 642 1710 677 a

164 729 208 772 te
230 717 413 787 fugere,
444 727 499 771 et
529 717 596 771 ad
628 733 752 772 eum
775 718 1004 772 transire
1029 717 1328 771 consiinulo
1352 734 1366 783 ;
1391 733 1616 784 cumque
1644 718 1712 771 ad

168 826 269 866 cum
295 824 587 876 accessero,
618 825 720 880 ego
752 810 939 864 faciam
968 819 1026 864 ut
1054 825 1228 880 neque
1254 821 1337 880 te,
1372 826 1544 880 neque
1574 811 1712 871 hanc

171 913 348 958 evertat
370 911 394 939 ι
422 902 719 970 regionem.
750 901 1001 966 Tantum,
1033 910 1088 954 ut
1118 901 1257 969 quod
1291 900 1379 956 tibi
1414 916 1509 969 per
1536 916 1710 957 meum

162 991 409 1046 consilium
438 992 843 1047 demandaverit
870 992 1094 1059 implere
1118 994 1358 1059 studeas,
1388 994 1557 1048 donec
1582 1009 1713 1048 cau-

162 1098 255 1136 sam
284 1096 418 1137 tuam
452 1084 709 1137 Dominus
743 1098 1048 1153 prosperam
1099 1084 1272 1141 facere
1296 1099 1387 1139 sua
1418 1088 1611 1154 pietate
1634 1086 1713 1139 di-

164 1183 351 1242 gnetur.
382 1174 449 1228 Et
478 1175 567 1227 ille
592 1193 603 1225 :
633 1174 866 1231 Faciam.
900 1175 1088 1243 inquit,
1125 1191 1454 1246 quaecunque
1496 1177 1713 1232 manda-

166 1266 306 1320 veris.
340 1266 453 1319 Huic
480 1281 545 1319 eo
591 1266 825 1329 dicente,
856 1268 1158 1321 viilrdiceiis
1188 1268 1398 1322 Aridius
1427 1270 1707 1339 discessit,

168 1369 210 1407 et
256 1356 313 1409 ad
362 1355 795 1411 Chlodovechuin
842 1374 1019 1429 regem
1066 1359 1274 1423 abiens,
1299 1361 1570 1416 aitzEcce
1612 1377 1712 1431 ego

167 1451 350 1505 humilis
376 1467 559 1506 servus
582 1451 610 1489 δ
647 1463 787 1518 tuus,
819 1453 1055 1522 piissime
1084 1470 1174 1508 rex
1194 1496 1209 1519 ,
1241 1455 1306 1508 ad
1352 1464 1492 1509 tuam
1528 1467 1712 1525 poten-

177 1542 282 1593 tiam
311 1541 479 1608 venio,
510 1542 819 1612 relinquens
845 1543 989 1595 illum
1032 1545 1384 1598 miserrimum
1429 1543 1710 1602 Gundoba-

164 1632 289 1686 ilum.
322 1633 465 1700 Quod
514 1634 560 1689 si
590 1650 678 1689 me
722 1635 890 1704 pietas
934 1649 1018 1689 tua
1070 1637 1339 1705 respicere
1384 1649 1406 1677 ο
1438 1640 1704 1710 dignatur,

1816 440 2112 508 indignans,
2142 443 2282 511 quod
2316 445 2473 498 fuerit
2499 446 2706 513 ejectus
2748 450 2818 503 ab
2844 451 2977 506 urbe
3008 466 3131 505 cum
3159 468 3390 518 enitens,

1812 533 1878 586 ad
1909 534 2297 589 Cundobadum
2332 536 2646 593 furibundus
2684 542 2847 613 vadit,
2879 544 3121 599 indicans
3165 547 3391 616 qualiter

1812 626 2082 682 civitatem
2115 626 2440 697 irrumpens,
2473 630 2731 688 ultionem
2761 646 3038 691 exerceret
3068 639 3120 691 in
3145 638 3388 695 fratrem.

1810 718 1908 774 Illo
1934 735 2143 789 quoque
2172 722 2330 788 duce,
2361 725 2599 780 exercitu
2630 742 2724 795 per
2752 730 3122 797 aquaiducium
3152 731 3383 799 directo,

1812 812 1996 869 multis
2030 830 2152 869 cum
2182 815 2370 872 ferreis
2412 818 2652 875 vectibus
2684 823 3120 889 praecedentibus,
3155 835 3270 880 erat
3295 841 3392 880 aii-

1812 913 1918 959 tem
1951 905 2278 968 spiraculum
2317 908 2458 963 illius
2489 911 2665 980 lapide
2692 927 2883 981 magno
2913 915 3246 981 conclusum,
3277 932 3384 986 quo

1811 1010 1933 1050 cum
1964 997 2205 1052 vectibus
2236 999 2341 1053 illis
2368 1016 2463 1069 per
2492 1003 2853 1072 magisterium
2884 1006 3106 1061 artilicis
3148 1010 3385 1077 repulso,

1810 1087 2076 1141 civitatein
2106 1088 2405 1145 introeunt:
2430 1094 2542 1163 88
2569 1094 2781 1164 illisque
2811 1096 2877 1150 de
2910 1113 3061 1151 muro
3086 1099 3385 1168 sagittanti-

1813 1176 1933 1243 bus,
1966 1178 2020 1232 hi
2051 1190 2192 1250 terga
2225 1188 2561 1248 praeveniunt
2587 1182 2631 1239 ί.
2664 1186 2795 1239 Dato
2821 1197 2994 1243 autem
3024 1189 3091 1244 de
3119 1192 3292 1246 medio
3312 1194 3387 1246 ci-

1812 1269 1987 1322 vitatis
2028 1285 2160 1325 sono
2201 1273 2438 1329 buccinae
2463 1316 2478 1339 ,
2530 1276 2840 1332 obsidentes
2892 1290 3069 1346 portas
3117 1283 3382 1352 capiunt,

1811 1361 2113 1427 apertisque
2146 1366 2343 1431 pariter
2387 1365 2773 1436 ingrediuntur.
2804 1370 3043 1442 Cumque
3086 1373 3225 1430 inter
3252 1376 3384 1430 duas

1814 1451 1909 1504 has
1937 1453 2081 1508 acies
2115 1456 2339 1524 populus
2369 1458 2516 1513 urbis
2549 1461 2615 1514 ab
2645 1471 2871 1532 utroque
2893 1468 3131 1521 exercitu
3156 1469 3383 1523 caedere-

1814 1550 1922 1607 tur,
1947 1543 2296 1616 Gotlegiselus
2323 1551 2388 1604 ad
2418 1552 2697 1607 ecclesiam
2723 1555 3090 1612 haereticorum
3121 1561 3378 1631 confugit,

1812 1632 1989 1703 ibique
2012 1653 2130 1691 cun:
2157 1640 2411 1711 episcopo
2443 1646 2639 1698 Ariano
2670 1647 2980 1704 interfectus
3010 1663 3112 1706 est.
3147 1653 3384 1724 Denique

170 1726 399 1791 integrum
449 1723 501 1776 in
552 1740 638 1779 me
689 1724 944 1779 famulum
987 1735 1149 1796 atque
1180 1727 1413 1796 ﬁdelem,
1445 1740 1499 1785 et
1527 1741 1579 1786 tu
1606 1774 1620 1797 ,
1655 1745 1704 1789 et

1816 1722 2044 1791 Franci,
2077 1729 2165 1797 qui
2211 1733 2350 1799 apud
2381 1732 2754 1803 Godegiselum
2799 1750 2991 1809 erant,
3027 1745 3076 1797 in
3123 1761 3279 1799 unam
3327 1764 3387 1803 se

167 1818 335 1883 posteri
363 1816 435 1870 tui
466 1817 754 1872 habebitis.
783 1818 951 1885 Quem
984 1819 1075 1873 ille
1118 1821 1513 1889 promptissime
1557 1826 1707 1879 colli-

167 1921 298 1975 gens,
323 1922 492 1962 secum
522 1908 743 1963 retinuit
770 1927 785 1963 :
812 1918 927 1963 erat
955 1912 1099 1965 enim
1126 1914 1388 1978 jocundus
1410 1913 1463 1968 in
1494 1914 1701 1982 fabulis,

169 2006 387 2051 strenuus
427 1999 477 2051 in
524 1998 782 2063 consiliis,
813 1999 986 2068 justus
1035 2001 1085 2053 in
1110 2001 1347 2069 judiciis,
1381 2013 1435 2058 et
1476 2005 1525 2058 in
1561 2022 1709 2062 com-

167 2091 306 2142 misso
328 2088 517 2144 ﬁdelis.
554 2091 793 2158 Denique
821 2092 1196 2148 Clilodoveclio
1222 2109 1339 2149 cum
1381 2100 1524 2151 omni
1553 2114 1706 2153 excr-

163 2181 255 2235 citu
279 2182 405 2237 circa
434 2198 614 2237 muros
647 2184 794 2239 urbis
824 2184 1108 2251 residente,
1141 2188 1249 2257 87
1280 2188 1354 2241 ait
1376 2189 1589 2244 Aridius
1612 2210 1626 2245 :
1652 2193 1706 2247 Si

164 2274 433 2339 dignanter,
484 2289 517 2326 ο
549 2290 664 2337 rex,
696 2275 864 2343 gloria
895 2276 1224 2331 celsitudinis
1257 2288 1357 2333 tua:
1385 2295 1582 2349 paucos
1611 2282 1708 2336 liu-

164 2364 372 2417 militatis
399 2381 528 2419 mea:
554 2381 830 2421 sermones
864 2369 987 2421 velit
1032 2370 1299 2437 accipere,
1330 2373 1553 2426 consilio
1584 2374 1708 2429 licet

166 2468 254 2507 non
283 2458 491 2525 egeatis,
519 2466 696 2511 tamen
730 2456 834 2512 fide
864 2458 1061 2528 integra
1089 2460 1429 2528 ministrabo;
1459 2464 1706 2533 idemque

168 2548 232 2600 vel
273 2547 357 2601 tibi
405 2564 697 2619 congruum
723 2591 737 2615 ,
775 2550 858 2604 vel
907 2549 1209 2605 civitatibus
1254 2553 1391 2619 erit,
1444 2570 1534 2623 per
1575 2572 1706 2626 quas

163 2640 363 2692 transire
397 2638 681 2694 deliberas.
731 2638 859 2704 Cur,
894 2641 1106 2712 inquit,
1141 2644 1342 2698 retines
1373 2645 1701 2714 exercitum,

160 2747 259 2783 Cum
292 2733 403 2788 IOCl.
436 2735 746 2788 firmissimo
795 2743 916 2789 tuus
959 2736 1189 2792 resideat
1232 2739 1512 2793 inimicus?
1542 2742 1708 2810 Depo-

161 2826 335 2892 pularis
364 2841 540 2894 agros,
570 2836 719 2896 prata
758 2829 1019 2897 depascis,
1055 2832 1235 2886 vineas
1261 2833 1496 2888 dissecas
1519 2830 1566 2900 δ,
1610 2836 1709 2888 oli—

159 2927 251 2970 rcta
294 2920 559 2981 succidis,
593 2935 889 2990 omnesque
940 2924 1175 2992 regionis
1224 2926 1426 2982 fructus
1471 2931 1702 2985 evertis:

158 3006 343 3063 interim
373 3021 424 3064 et
456 3010 527 3063 illi
562 3026 759 3065 nocere
806 3028 909 3068 non
940 3018 1219 3082 praivales.
1252 3018 1395 3072 Mitte
1426 3025 1595 3088 potius
1628 3021 1705 3075 le-

1810 1816 1993 1871 turrim
2026 1833 2369 1890 congregant.
2403 1824 2762 1883 Guiidobadus
2795 1846 2972 1887 autem
2993 1836 3171 1903 jussit,
3204 1855 3269 1893 ne
3293 1844 3384 1895 uni

1808 1907 2021 1977 quidem
2053 1926 2115 1964 ex
2155 1912 2284 1980 ipsis
2311 1915 2509 1984 aliquid
2549 1931 2867 1976 noceretur:
2901 1927 2993 1979 sed
3025 1931 3385 1998 apprehensus

1807 2013 1901 2053 eos
1932 2000 2139 2057 Tolosae
2168 2003 2219 2057 in
2250 2008 2500 2061 exsilium
2527 2011 2593 2063 ad
2624 2012 2892 2070 Alaricum
2922 2032 3101 2087 regem
3133 2030 3384 2078 transmi-

1807 2092 1899 2159 sit,
1930 2093 2226 2151 interl'ectis
2271 2100 2629 2168 senatoribus,
2680 2104 3259 2182 Burgundionibusque
3289 2120 3378 2186 qui

1806 2186 2124 2258 Colegiselo
2151 2207 2558 2253 consenserant.
2610 2199 2727 2269 Ipse
2766 2217 2896 2259 vero
2943 2209 3219 2278 regionem
3263 2227 3351 2267 om

1812 2291 1953 2341 nem,
1986 2295 2104 2349 qua:
2154 2298 2293 2339 nunc
2339 2288 2643 2357 Burgundia
2670 2291 2885 2365 dicitur,
2919 2296 2968 2351 in
3019 2315 3117 2354 suo
3147 2303 3383 2361 dominio

1809 2372 2147 2426 restauravit.
2204 2374 2663 2447 Burgundionibus
2716 2384 2914 2456 leges:
2944 2390 3185 2447 mitiores
3232 2395 3381 2449 insti-

1808 2467 1926 2531 tuit,
1958 2484 2025 2522 ne
2056 2468 2326 2529 Romanos
2355 2477 2738 2545 opprimerent.
3450 2468 3453 2473 ~

1876 2635 2113 2697 XXXIV.
2151 2640 2282 2698 Cum
2312 2656 2487 2703 autem
2532 2653 2869 2720 cognovisset
2902 2662 3228 2717 assertiones
3273 2665 3382 2720 hai-

1806 2730 2092 2785 reticorum
2126 2734 2257 2788 nihil
2288 2752 2434 2802 esse,
2469 2756 2498 2793 a
2529 2752 2716 2798 sancto
2748 2746 2902 2800 Avito
2935 2751 3185 2821 episcopo
3219 2755 3381 2812 Vien-

1806 2823 1957 2876 nensi
1983 2820 2034 2888 δ,
2063 2826 2333 2882 Christum
2366 2831 2557 2886 Filium
2611 2836 2701 2890 Dei
2750 2848 2802 2892 et
2835 2840 3088 2909 Spiritum
3126 2820 3380 2906 sanctum

1804 2915 2063 2982 aequalem
2106 2917 2246 2972 Patri
2276 2920 2576 2989 confessus,
2612 2927 2748 2980 clam
2782 2939 2839 2981 ut
2866 2931 3254 2991 chrismaretur
3281 2955 3379 2993 ex-

1806 3006 1975 3075 petiit.
1998 3010 2094 3063 Cui
2116 3014 2191 3065 ait
2210 3017 2461 3069 sacerdos
2484 3032 2501 3072 :
2524 3018 2578 3072 Si
2606 3035 2730 3075 vere
2759 3024 2955 3092 credis,
2982 3029 3121 3095 quod
3147 3045 3243 3084 nos
3270 3048 3381 3101 ipse

158 3100 415 3169 agonem,
443 3113 496 3157 ει
528 3104 783 3158 "malum
808 3146 824 3171 ,
856 3109 995 3176 quod
1028 3110 1122 3163 ubi
1151 3112 1303 3166 annis
1342 3115 1565 3184 singulis
1592 3116 1690 3171 dis,
1735 3096 1779 3159 C
1812 3097 2065 3155 Dominus
2092 3103 2304 3159 edocuit
2349 3108 2513 3163 debes
2554 3126 2845 3181 exsequere
2885 3115 2927 3169 ί.
2959 3119 3047 3171 Ait
3071 3133 3246 3175 autem
3274 3166 3290 3189 ,
3320 3124 3384 3179 Si

162 3195 339 3258 solvat,
372 3195 624 3263 impone;
656 3206 713 3250 ut
756 3207 809 3251 et
839 3201 983 3265 regio
1011 3201 1154 3255 salva
1199 3203 1286 3271 sit,
1320 3214 1373 3259 et
1415 3214 1467 3260 tu
1513 3208 1705 3264 tributa

158 3282 442 3340 dissolventi
492 3299 750 3355 perpetuo
794 3288 1125 3345 domineris:
1153 3295 1293 3362 quod
1341 3297 1384 3349 si
1434 3300 1663 3353 noluerit
1690 3342 1703 3365 ,

162 3384 262 3430 tunc
287 3382 423 3447 quod
458 3379 670 3434 libuerit
712 3378 895 3436 facies.
929 3384 1045 3450 Quo
1074 3388 1298 3441 consilio
1330 3405 1420 3443 rex
1462 3402 1702 3460 accepto,

160 3466 328 3523 hostem
356 3481 379 3507 ε
414 3473 592 3526 redire
618 3473 769 3542 jubet
799 3474 864 3527 ad
915 3478 1149 3544 propria.
1180 3477 1221 3531 Τ
1226 3495 1325 3531 une
1356 3481 1512 3534 inissa
1562 3484 1708 3552 lega-

160 3559 277 3615 tione
302 3564 360 3616 ad
411 3563 831 3629 Gundobadum,
861 3578 918 3618 ut
948 3568 995 3621 ei
1029 3583 1122 3635 per
1149 3571 1388 3639 singulos
1418 3588 1585 3629 annos
1615 3577 1707 3629 tri-

164 3650 260 3705 b-ita
288 3655 537 3725 imposita
583 3657 808 3711 reddere
854 3659 1065 3725 debeat,
1094 3661 1263 3731 jubet.
1309 3669 1376 3719 At
1427 3666 1515 3720 ille
1561 3670 1705 3722 etde

166 3750 379 3813 presenti
418 3748 600 3807 solvil.
628 3758 680 3803 et
709 3750 961 3821 deinceps
987 3753 1281 3808 soluturum
1314 3770 1436 3811 esse
1472 3773 1531 3814 se
1579 3776 1707 3828 pro-

162 3836 306 3891 mittit.

212 3927 434 3987 XXXIII.
475 3932 723 3986 Postliaic
770 3936 1053 4003 resumptis
1101 3936 1324 4005 viribus,
1369 3938 1474 4007 jani
1522 3941 1703 4011 desiii-

159 4024 274 4080 ciens
303 4033 405 4099 regi
442 4031 829 4085 Chlodovecho
862 4034 1048 4086 tributa
1082 4035 1337 4103 promissi
1388 4038 1700 4105 dissolvere,

160 4130 307 4174 contra
334 4124 714 4195 Godegiselum
758 4126 976 4179 fratrem
1023 4143 1174 4181 suum
1221 4132 1512 4185 exercitum
1558 4150 1704 4189 com-

162 4214 315 4280 movit,
351 4232 589 4284 eiimque
633 4218 771 4285 apud
818 4219 1072 4272 Viennam
1122 4221 1389 4277 civitatem
1439 4226 1701 4281 inetusum

160 4302 348 4360 obsedit.
385 4308 587 4362 Verum
619 4309 707 4361 ubi
741 4310 937 4363 minori
969 4315 1164 4380 populo
1189 4314 1439 4369 alimenta
1470 4319 1702 4375 deiicere

158 4403 409 4463 coeperunt,
440 4401 644 4453 timens
667 4400 1039 4470 Godogiselus,
1067 4423 1132 4460 ne
1159 4408 1222 4460 ad
1253 4424 1311 4462 se
1339 4427 1508 4481 usque
1537 4416 1699 4470 fames

1810 3191 1925 3260 quis
1953 3209 2032 3246 me
2054 3202 2316 3264 confessus
2360 3203 2516 3269 fuerit
2543 3219 2716 3257 coram
2750 3206 3069 3295 hominibus,
3112 3217 3381 3281 con/itabat

1811 3291 1861 3334 et
1889 3298 1981 3352 ego
2009 3302 2121 3339 eum
2148 3304 2320 3342 coram
2350 3289 2510 3346 Patre
2536 3310 2667 3360 meo,
2710 3300 2796 3367 qui
2850 3289 2923 3353 est
2953 3302 3005 3354 in
3036 3305 3195 3358 cwlis.
3230 3305 3329 3372 Qui
3358 3310 3372 3358 i

1808 3383 1975 3427 autem
2018 3383 2270 3446 negaverit
2313 3397 2391 3434 me
2420 3400 2589 3437 coram
2627 3385 2948 3455 hominibus,
2985 3396 3176 3464 negabo
3206 3409 3252 3449 et
3293 3415 3381 3470 ego

1808 3481 1923 3519 eum
1947 3484 2116 3523 coram
2152 3470 2303 3527 Patre
2332 3493 2444 3530 meo
2463 3480 2547 3546 qui
2572 3491 2642 3534 est
2667 3482 2721 3534 iu
2747 3483 2886 3537 cwlis
2917 3487 3129 3557 (.Ilattlt.
3163 3508 3213 3555 Χ,
3245 3495 3311 3547 52
3337 3511 3379 3549 ei

1809 3556 1925 3625 55).
1961 3560 2050 3616 Sic
2078 3573 2132 3617 et
2158 3564 2287 3634 ipsis
2326 3571 2523 3625 sanctis
2567 3562 2630 3627 ac
2658 3576 2866 3630 dilettis
2898 3579 3009 3635 suis
3054 3581 3222 3638 beatis
3252 3604 3382 3657 apo-

1808 3650 1957 3703 stolis
1986 3650 2034 3717 ιι,
2065 3670 2184 3708 cuni
2218 3658 2284 3712 de
2332 3659 2522 3717 futura:
2568 3669 2953 3730 persecutionis
2994 3677 3378 3734 tentationibiis

1808 3740 2045 3805 doceret,
2080 3744 2389 3817 insinuavit,
2423 3754 2643 3811 dicens:
2668 3756 2927 3815 Attendite
2955 3765 3092 3818 vobis
3117 3767 3180 3821 ab
3208 3768 3376 3824 homi-

1808 3830 1976 3885 nibus.
2028 3833 2251 3889 Tradent
2308 3841 2439 3893 enim
2488 3858 2573 3896 eos
2616 3846 2665 3898 in
2732 3851 2981 3921 conciliis,
3034 3866 3079 3908 et
3119 3858 3171 3911 in
3227 3877 3377 3929 syna-

1806 3924 1949 3991 gogis
1988 3927 2095 3977 suis
2143 3929 2475 3999 ﬂagellabant
2504 3951 2609 3999 vos,
2651 3947 2697 3989 et
2737 3951 2854 3994 ante
2899 3960 3037 4013 reges
3067 3959 3112 3999 et
3141 3924 3379 4017 prwsides

1806 4014 2004 4066 stabilis
2018 4027 2223 4084 prapter
2240 4036 2316 4070 me
2328 4022 2378 4072 in
2402 4024 2743 4079 testimonium
2765 4031 2890 4095 illis,
2916 4042 2959 4084 et
2983 4014 3214 4091 omnibus
3233 4037 3250 4077 ι
3269 4060 3380 4109 gen.

1807 4103 1940 4156 tibiis
1971 4103 2181 4174 (Matth.
2211 4124 2262 4173 χ,
2302 4108 2416 4178 17).
2438 4111 2515 4165 Tit
2549 4129 2674 4167 vero
2696 4132 2815 4172 cum
2846 4121 2919 4176 sis
2942 4138 3055 4189 rex,
3096 4137 3147 4181 et
3178 4144 3204 4181 a
3230 4103 3378 4188 nullo

1809 4197 2138 4263 apprehendi
2188 4199 2461 4269 forinides,
2512 4205 2828 4263 seditionem
2862 4218 3103 4280 paveseis
3155 4224 3378 4290 populi,

1808 4303 1874 4341 ne
1904 4288 2208 4345 Creatorem
2237 4296 2475 4349 omnium
2526 4298 2578 4351 in
2612 4302 2820 4368 publico
2850 4306 3085 4364 fatearis.
3122 4288 3379 4385 Remique

1809 4380 1942 4433 hanc
1970 4382 2271 4451 stultitiam,
2299 4397 2353 4440 et
2376 4388 2514 4457 quod
2547 4394 2709 4447 corde
2739 4405 2789 4448 te
2837 4396 2973 4452 dicis
2998 4402 3109 4473 89
3136 4380 3378 4475 credere,

156 4488 520 4553 extenderetur,
548 4493 709 4558 jussit
739 4496 931 4560 expelli
972 4498 1206 4553 minores
1245 4470 1520 4570 populi-ab
1548 4510 1695 4563 urbe.
1730 4477 1775 4536 υ
1804 4483 1897 4570 ore
1926 4470 2101 4570 τ’[θίετ
2146 4474 2197 4527 in
2229 4476 2399 4543 plabe'
2433 4477 2522 4533 Sic
2550 4483 2747 4537 etenim
2777 4494 2830 4539 et
2876 4489 3063 4546 beatus
3091 4498 3378 4565 Aposwlus

160 4572 250 4635 Quo
274 4577 402 4633 facto
444 4584 710 4649 expulsus
740 4595 823 4638 est
873 4588 1014 4640 inter
1044 4603 1268 4645 cancros
1298 4596 1487 4649 ariilex
1519 4598 1602 4653 ille
1631 4602 1697 4656 ab

196 4708 335 4789 {Hic
355 4716 572 4789 omissis
598 4716 802 4783 aliquot
822 4719 1103 4787 capitibus,
1130 4727 1395 4779 nonnullis
1416 4729 1573 4784 etiam
1601 4733 1695 4789 de-

156 4779 283 4839 tritis,
308 4786 417 4837 cod.
455 4786 667 4840 llellov.
691 4779 901 4840 ’ῐρχιιιηὶ
938 4779 1179 4845 resumit.

208 4847 229 4882 ⁵
262 4851 310 4903 lii
341 4856 461 4910 ltell.
495 4867 552 4910 et
596 4857 721 4910 Ilec.
754 4864 905 4913 deest
929 4878 1121 4918 servus.
1248 4866 1249 4869 “

212 4926 230 4999 ξ
266 4925 469 4999 ῥ-Ιίιιυοι
496 4929 691 4995 scripti
721 4940 773 4983 et
802 4933 914 4994 ed.,
948 4935 1194 4999 recipere.

210 4986 229 5022 ἀ
251 4991 345 5070 ,εἰς
365 4986 512 5075 'mss._
533 4986 731 5075 omnes
757 4986 949 5075 praeter
978 4986 1128 5058 Colb.
1161 4986 1247 5075 qui
1272 5008 1431 5064 habet
1464 5012 1688 5070 deseras.

158 5053 358 5143 Plerique
388 5069 513 5123 editi
536 5085 665 5143 cum
699 5053 843 5143 licet,
874 5053 1118 5143 dissipas.

212 5132 343 5211 {Sic
382 5154 510 5193 mss.
553 5142 691 5193 Bell.
718 5151 773 5195 et
800 5132 1015 5209 Corb.;'
1044 5155 1096 5198 at
1136 5148 1225 5202 alii
1263 5150 1457 5205 habent
1500 5154 1691 5211 hostem

156 5201 305 5281 patrii:
341 5211 525 5274 redire,
560 5222 669 5265 etc.
702 5212 804 5266 Sed
853 5214 939 5267 Iiic
978 5201 1134 5270 liostis
1181 5201 1396 5275 nomine
1427 5201 1692 5281 exercitus

155 5275 374 5354 Egnatia.
401 5294 558 5346 quem
579 5291 855 5354 nostrates
889 5290 1251 5354 superioribus
1267 5275 1692 5353 seculis—verna:

155 5340 249 5421 cule
275 5340 709 5421 t‘tiost'appellare
736 5340 1144 5412 consueverant.

215 5405 232 5491 ξ
264 5405 715 5491 bliquot'mvssae't
743 5405 861 5489 ed:

210 5480 416 5564 ll
438 5491 544 5546 illre
566 5480 731 5564 etiam
764 5480 905 5553 nunc
933 5500 1001 5552 ab
1024 5480 1329 5560 institutore
1361 5521 1555 5564 nomen
1604 5509 1692 5564 lia-

158 5540 277 5636 περι,
291 5540 555 5636 esse;
570 5540 905 5623 satis;
933 5540 1690 5636 ῖεςέ·ῖ;·ι;;;δ;έί,ξάε;υ;;;σδε.;ε,ῖί

163 5612 306 5713 ξξεέιξ
320 5612 1399 5713 optabitis;'EE"5pJJ"A§BiSXPEEEi
1424 5612 1690 5707 ἰξυἷέἱὲὲῖ

164 5683 896 5781 Ηδὺειιωιιῖιῖ

1805 4562 1879 4615 ait
1907 4578 1921 4615 :
1946 4562 2108 4619 Corde
2135 4569 2359 4623 creditur
2399 4574 2466 4625 ad
2494 4575 2737 4631 iustitiam
2762 4624 2777 4647 ,
2810 4599 2893 4638 ore
2925 4598 3093 4642 autem
3128 4594 3378 4663 confessio

1798 4737 2078 4828 juqisnfecilt
2100 4741 2400 4828 Fl'ridericus
2425 4749 2870 4828 I_._indenbrogius.

1872 4805 1899 4843 ιι
1942 4811 1996 4861 In
2039 4813 2331 4872 Collaiione
2375 4805 2577 4876 scilicet

1801 4879 2436 4978 episeoposhetﬁri'atilos,
2472 4879 2733 4978 przi-sente
2766 4916 2891 4978 rege
2919 4879 3154 4978 etregiii

1802 4951 1967 5042 ribus,
2002 4951 2239 5042 Lugduni
2276 4951 2660 5042 lialiita,'quani
2703 4951 2921 5042 Illfl'aoiﬂ
2954 4951 3260 5042 Apﬁendirce
3302 4951 3374 5036 ce-

1797 5018 2052 5100 feremus.
2087 5022 2215 5078 Vide
2245 5038 2298 5080 et
2324 5018 2563 5098 eju.~deiii
2606 5018 2663 5091 S.

1799 5088 2162 5145 Sirniondum.

1877 5157 2435 5254 i-Sicmt‘lorlianell...
2464 5173 2581 5254 Cas.
2615 5186 2665 5230 et
2691 5178 2845 5245 Bec.;
2884 5192 2936 5234 at
2980 5183 3164 5254 Regm.
3213 5190 3374 5250 habet

1801 5231 2201 5308 debes__exsequi.
2232 5231 2431 5294 Czeteri
2452 5244 2701 5299 omittunt
2731 5231 3107 5308 vocem—deli}:

1878 5303 1891 5352 i
1943 5302 2071 5391 Haec
2108 5302 2295 5391 usque.
2328 5311 2394 5363 ad
2438 5313 2514 5391 sic
2552 5330 2599 5367 et
2642 5302 3274 5391 ip89§,-DDIIVII8IICIIIIII‘
3320 5338 3372 5391 in

1802 5369 2258 5474 Ξξξξξὶξέἷξῖίέξ
2285 5381 2335 5474 i':
2363 5384 2586 5474 ειυίδειεν.
2606 5369 2725 5468 etii-5
2761 5369 3347 5474 resilient:‘21.:

1798 5443 2259 5527 modinscriptura:
2287 5443 2424 5527 loca,
2452 5464 2511 5506 ut
2537 5443 3192 5527 plurimuiii'diiiii

1873 5511 2105 5610 lily-0.1.13,"
2270 5511 2550 5610 plerisque.
2569 5511 2873 5610 editis,
2965 5511 2975 5519 I
3146 5511 3158 5526 ι
3169 5513 3372 5605 iunctos

1798 5600 1859 5639 ac
1880 5584 2099 5663 dilectos
2128 5605 2248 5663 suos
2272 5584 2748 5663 beatos'apostolos:

1877 5655 2589 5757 ξ..Υιῖξὲζηέιὲὺὲξὲςεξιέξῇι
2619 5655 2885 5747 plerisque
2930 5692 3060 5737 mss.
3112 5694 3166 5741 et
3207 5687 3368 5757 edit.,

1796 5727 1893 5785 sed
1922 5727 2148 5787 habetur
2175 5731 2229 5787 in
2257 5727 2659 5799 vetustioribus.
