3994 6194
468 226 478 241 .
574 181 672 236 251

1598 180 1656 236 S.
1699 176 2027 233 GREGORII
2071 175 2370 232 EPISCOPI
2411 167 2841 232 TUliONENSB

3728 177 3829 232 25‘!

578 302 637 370 fit
662 300 731 352 ad
766 296 979 353 salutem
1000 303 1028 335 ⁸
1057 296 1232 366 (Rom.
1283 311 1336 358 x,
1375 292 1484 365 lli).
1516 292 1606 348 Sic
1635 306 1687 348 et
1721 293 1979 362 l'ropheta
2029 291 2140 345 ait:
2173 297 2215 349 A
2249 306 2363 342 rum
2398 290 2579 344 feritas
2612 304 2789 356 portas
2822 298 3066 359 ingressa
3097 325 3111 343 .
3144 301 3239 352 per
3269 296 3453 355 totam,
3485 300 3543 346 ut
3572 295 3828 364 scripsit,

580 390 866 460 Conﬁtebor
896 389 1005 455 tibi,
1031 385 1268 453 Domine,
1294 388 1347 439 in
1374 385 1604 439 Ecclesia
1634 402 1843 456 magna,
1876 385 1924 435 in
1958 382 2147 452 populo

577 486 718 556 graui
763 481 986 537 laudabo
1033 494 1079 534 te
1123 478 1347 550 (Psalm.
1397 492 1579 540 χχχιιι,
1636 475 1749 546 i8).
1801 476 1860 532 Et
1913 475 2144 529 iterum:

575 577 647 631 Co
688 576 862 643 ﬁtebor
890 574 978 627 tibi
1000 573 1052 626 in
1075 572 1296 643 populis,
1328 569 1560 633 Domine,
1588 568 1841 637 psalmum
1867 568 2031 619 dicam
2054 581 2151 619 no-

576 670 697 723 mini
730 678 817 721 tuo
863 667 996 720 inter
1023 673 1189 735 gentes
1212 661 1435 732 (Psalm.
1467 677 1573 726 ιιι,
1599 660 1711 728 10).
1744 661 1983 717 Metuens
2008 658 2148 713 enim

576 765 852 831 populum,
884 773 917 814 ο
948 774 1069 820 rex,
1103 757 1313 826 ignoras
1343 758 1463 824 quia
1499 757 1665 809 satius
1696 762 1797 816 est,
1828 764 1883 807 ut
1915 752 2147 821 populus

575 863 829 922 sequatur
855 850 1013 905 ﬁdem
1046 860 1209 914 tuam,
1242 863 1398 917 quam
1428 858 1482 901 tu
1529 847 1823 903 inﬁrmitati
1853 845 2035 901 faveas
2058 860 2152 914 po-

582 944 798 1017 pulari?
830 944 909 999 Tu
938 944 1081 998 enim
1109 958 1167 997 es
1182 932 1350 1012 caput
1376 942 1584 1012 populi,
1614 956 1716 995 non
1751 940 1973 1009 populus
1993 948 2153 1006 caput

579 1046 752 1093 tuum.
781 1036 836 1092 Si
861 1035 1005 1090 enim
1046 1032 1113 1087 ad
1160 1033 1362 1088 bellum
1395 1032 1770 1102 proﬁciscaris,
1807 1042 1859 1085 tu
1891 1033 2151 1100 praecedis

577 1140 822 1185 catervas
851 1128 1109 1193 hostium,
1138 1135 1195 1179 et
1225 1126 1334 1181 illa
1376 1141 1481 1196 quo
1510 1126 1706 1180 abieris
1734 1125 2150 1196 subsequuntur.

583 1222 738 1278 Unde
766 1218 957 1275 melius
982 1227 1086 1284 est,
1117 1227 1174 1271 ut
1201 1228 1253 1271 te
1282 1217 1618 1285 prtecedente
1644 1228 1971 1287 cognoscant
2012 1218 2158 1272 veri-

578 1324 762 1378 tatem,
788 1327 944 1383 quam
974 1320 1025 1364 te
1058 1318 1311 1380 pereunte
1338 1320 1683 1379 permaneant
1711 1310 1762 1363 in
1785 1324 1992 1364 errore.
2014 1309 2148 1363 Nam

579 1404 721 1459 Deus
771 1419 874 1457 non
916 1402 1160 1456 irridetur
1207 1399 1353 1470 (Gal.
1402 1416 1474 1464 vi,
1527 1400 1583 1472 7)
1613 1419 1626 1453 :
1654 1416 1754 1455 nec
1798 1401 1940 1455 enim
1990 1400 2157 1469 diligit

578 1494 755 1559 illum,
785 1493 874 1562 qui
907 1500 1125 1562 propter
1154 1500 1422 1544 terrenum
1460 1505 1679 1559 regnum
1713 1504 1833 1544 eum
1861 1505 1965 1544 non
1980 1490 2158 1585 εοιιίὶ-

577 1593 717 1638 tetur
747 1583 798 1636 itt
825 1584 1043 1637 saeculo.
1075 1581 1178 1637 Ista
1228 1582 1315 1635 ille
1343 1582 1550 1636 ratione
1585 1578 1860 1643 confusus,
1894 1578 2062 1650 usque
2090 1582 2156 1636 ad

2251 376 2442 436 urbem
2484 382 2613 434 nihil
2657 392 2899 437 metuens
2939 380 3247 443 oberrabat,
3292 381 3532 453 Cumque
3585 392 3702 441 haec
3738 405 3830 458 per

2249 472 2373 526 anni
2418 473 2674 528 circulum
2719 483 3051 543 gererentur,
3085 475 3499 533 advenientibus
3550 477 3830 537 Paschalis

2250 566 2612 620 solemnitatis
2642 566 2850 635 diebus,
2883 571 3228 639 exspectabat
3270 572 3695 627 misericordiam
3738 576 3832 633 Dei

2250 657 2403 724 plebs
2430 667 2536 712 tota
2567 658 2777 723 devote,
2803 672 2856 713 ιιι
2887 663 2966 717 vel
2998 661 3085 715 hic
3113 679 3318 734 magnae
3341 668 3699 723 solemnitatis
3720 670 3834 726 dies

2254 748 2375 803 huic
2405 750 2596 803 terrori
2643 752 2925 807 terminum
2956 754 3129 809 daret.
3176 756 3281 811 Sed
3332 758 3383 810 in
3435 758 3550 825 ipsa
3584 761 3834 829 gloriosa:

2252 842 2423 895 noctis
2446 842 2645 911 vigilia,
2670 843 2796 897 dum
2826 843 3101 899 Missarum
3126 848 3525 903 celebrarentur
3550 853 3832 920 Sole-ninia,

2253 933 2430 987 subito
2474 935 2729 1005 palatium
2776 936 2951 1005 regale
2992 936 3449 995 intramuranemn
3481 941 3667 999 divino
3717 946 3834 1013 igne

2254 1025 2613 1091 succenditur,
2649 1041 2840 1093 pavore
2872 1029 3121 1085 omnibus
3168 1031 3505 1100 perterritis,
3553 1046 3609 1087 et
3656 1039 3830 1089 ecetr-

2255 1114 2391 1167 siam
2425 1117 2687 1183 egressis,
2720 1118 3061 1174 credentibus
3088 1135 3153 1173 ne
3179 1132 3269 1175 aut
3294 1122 3396 1176 hoc
3425 1123 3683 1178 incendio
3710 1127 3835 1179 urbs

2259 1214 2365 1259 tota
2386 1217 2814 1273 consumeretur,
2838 1218 2928 1263 aut
2953 1220 3098 1265 certe
3122 1211 3360 1281 disrupta
3385 1214 3573 1268 tellure
3598 1216 3833 1273 dehisce

2255 1307 2361 1363 ret,
2391 1307 2606 1352 sanctus
2654 1301 2907 1356 sacerdos
2959 1312 3259 1371 prostratus
3309 1315 3432 1359 ante
3479 1310 3671 1373 altare,
3715 1324 3834 1365 cum

2255 1390 2453 1459 gemitu
2485 1402 2538 1445 et
2571 1391 2822 1462 lacryniis
2867 1395 3076 1448 Domini
3110 1379 3532 1467 misericordiam
3568 1402 3835 1469 impreca-

2264 1486 2371 1533 tur.
2403 1481 2539 1549 Quid
2572 1484 2760 1552 plura?
2793 1488 3089 1553 penetravit
3117 1490 3327 1543 excelsa
3360 1490 3466 1556 poli
3507 1493 3682 1547 oratio
3709 1509 3839 1561 pon-

2259 1570 2416 1627 tiﬁcis
2444 1574 2664 1643 inclyti,
2698 1577 3048 1644 restinxitque
3074 1578 3266 1635 domus
3294 1580 3598 1635 incendium
3631 1583 3834 1639 ﬁumen

577 1676 775 1728 exitum
804 1673 1067 1729 vitte'suae
1096 1673 1145 1727 in
1192 1672 1291 1726 hac
1320 1673 1522 1727 insania
1554 1674 1901 1740 perduravit,
1932 1688 2032 1731 nec
2058 1690 2151 1741 pu-

2266 1664 2645 1730 prolluentium
2696 1666 3071 1737 lacryinarum.
3101 1669 3337 1740 Cumque
3382 1672 3493 1727 haec
3530 1686 3840 1743 agerentur,

577 1765 717 1820 blice
743 1764 1096 1832 aequalitatem
1128 1764 1412 1818 Trinitatis
1440 1764 1607 1818 voluit
1644 1765 1909 1821 confiteri.
1958 1765 2158 1835 Magna

580 1855 722 1913 enim
763 1854 1025 1910 facundiae
1066 1862 1184 1907 erat
1229 1862 1354 1909 tunc
1400 1855 1654 1923 temporis
1699 1854 1884 1913 beatus
1924 1857 2152 1913 Avitus:

584 1963 816 2018 namque
842 1949 1149 2017 insurgente
1175 1946 1365 2002 haeresi
1396 1948 1537 2017 apud
1568 1948 1750 2005 urbem
1780 1950 2154 2006 Constantino-

580 2039 891 2109 politanam,
915 2051 1021 2095 tam
1045 2038 1132 2095 illa
1157 2053 1313 2111 quam
1340 2038 1605 2109 Eutyches
1631 2039 1678 2107 ι’,
1703 2056 1861 2110 quam
1884 2041 1976 2096 illa
1996 2057 2154 2111 quant

581 2128 847 2187 Sabellius
889 2129 1113 2195 docuit,
1166 2130 1218 2186 id
1248 2139 1333 2186 est
1382 2129 1511 2187 nihil
1560 2131 1855 2189 divinitatis
1906 2132 2157 2192 habuisse

583 2219 867 2275 Dominum
899 2229 1136 2276 nostrum
1166 2220 1346 2276 Jesum
1370 2220 1666 2288 Christum,
1695 2231 1916 2292 rogante
1940 2224 2156 2281 Gundo-

579 2311 719 2366 hado
749 2325 896 2381 rege,
946 2310 1060 2381 ipse
1089 2323 1273 2368 contra
1309 2327 1402 2368 eas
1447 2314 1681 2382 scripsit.
1714 2314 1936 2372 Exstant
1963 2316 2156 2373 exinde

576 2419 718 2461 nunc
746 2404 885 2474 apud
912 2419 1008 2459 nos
1041 2406 1279 2474 epistola
1304 2407 1642 2464 admirabiles
1666 2452 1681 2474 ,
1714 2426 1834 2479 qua!
1861 2411 2001 2467 sicut
2030 2421 2153 2466 tunc

576 2495 822 2553 haeresim
847 2508 1246 2566 oppresserunt,
1282 2498 1352 2553 ita
1384 2516 1521 2555 nunc
1548 2501 1840 2556 Ecclesiam
1886 2504 1977 2557 Dei
2026 2503 2153 2557 tedi-

576 2589 742 2643 ﬁcant
770 2599 814 2643 ε.
844 2588 1070 2659 Scripsit
1097 2591 1237 2645 enim
1271 2592 1619 2648 Houtiliarutn
1646 2594 1837 2649 librum
1881 2612 2042 2650 unum
2084 2596 2153 2651 de

578 2680 762 2735 mundi
794 2681 1075 2751 principio,
1120 2692 1174 2737 et
1217 2683 1285 2738 de
1330 2684 1559 2739 diversis
1598 2686 1715 2740 aliis
1758 2686 2153 2743 conditionibus

580 2773 750 2831 libros
780 2789 898 2841 sex,
924 2788 1082 2830 versu
1125 2776 1556 2846 compaginatus;
1592 2779 1941 2842 Epistolarum
1989 2780 2153 2834 libros

578 2882 790 2933 novem,
830 2869 968 2923 inter
995 2882 1129 2937 quas
1169 2869 1496 2937 supradictae
1523 2872 1863 2926 continentur
1887 2872 2148 2938 epistolae.

578 2960 759 3018 Refert
784 2963 925 3017 enim
971 2961 1025 3017 in
1051 2960 1283 3031 quadam
1334 2961 1575 3028 humilia,
1607 2978 1765 3031 quam
1797 2962 1863 3018 de
1903 2962 2150 3031 Rogatio-

2259 1758 2722 1827 appropinquante
2750 1761 3099 1825 Ascensione,
3132 1774 3188 1817 ut
3234 1762 3338 1831 iam
3367 1764 3627 1834 diximus,
3681 1772 3842 1839 maje<

2259 1851 2413 1908 atatis
2442 1851 2760 1919 dominicae,
2794 1853 2984 1909 indixit
3022 1856 3233 1924 populis
3269 1850 3529 1926 jejunium
3554 1900 3570 1925 ,
3602 1861 3844 1918 instituit

2261 1942 2454 1997 orandi
2500 1942 2737 2011 modum,
2785 1945 2975 1999 edendi
3023 1948 3219 2021 seriem
3251 1957 3275 1985 ο
3304 1951 3551 2020 erogandi
3603 1954 3834 2009 hilarem

2264 2035 2743 2103 dispensationem.
2785 2035 3131 2093 Cessantibus
3162 2055 3376 2111 quoque
3404 2042 3595 2097 exinde
3621 2048 3843 2099 terrori-

2259 2128 2379 2192 bus,
2407 2142 2506 2197 per
2533 2137 2758 2181 cunctas
2784 2126 3083 2196 provincias
3104 2131 3347 2202 dispersa
3377 2134 3499 2187 facti
3523 2133 3684 2202 fama,
3711 2151 3844 2193 cun-

2256 2227 2372 2275 ctos
2410 2219 2715 2274 sacerdotes
2760 2219 2957 2273 imitari
3000 2224 3356 2288 counuonuit,
3399 2225 3543 2295 quod
3588 2230 3843 2284 sacerdos

2258 2309 2384 2364 fecit
2413 2324 2479 2363 ex
2510 2310 2613 2364 fide
2642 2326 2656 2361 :
2684 2324 2803 2380 quae
2828 2326 2997 2378 usque
3023 2328 3167 2369 nunc
3189 2315 3242 2368 in
3271 2314 3471 2371 Christi
3504 2321 3721 2375 nomine
3748 2337 3841 2392 per

2256 2414 2444 2456 Omnes
2488 2399 2756 2456 Ecclesias
2785 2401 2837 2455 in
2884 2405 3301 2472 compunctione
3335 2409 3517 2465 cordis
3544 2419 3599 2465 et
3636 2414 3813 2468 contri

2257 2491 2406 2546 tione
2440 2492 2664 2560 spiritus
2689 2493 3014 2561 celebratur.
3048 2552 3053 2561 ην

2326 2583 2539 2640 XXXV.
2584 2584 2745 2656 Igitur
2771 2587 3014 2642 Alaricus
3063 2604 3155 2647 rex
3188 2588 3541 2659 Gotthornm,
3589 2611 3713 2652 cum
3757 2599 3841 2651 vi-

2254 2674 2407 2733 deret
2435 2676 2863 2733 Chludovechum
2893 2695 3068 2752 regem
3090 2692 3276 2752 gentes
3304 2685 3517 2740 assidue
3544 2688 3839 2751 debellare.

2254 2767 2453 2837 legatos
2481 2767 2548 2822 ad
2578 2784 2700 2827 eum
2748 2770 2947 2841 dirigit,
2979 2772 3163 2828 dicens
3189 2791 3202 2827 :
3231 2774 3285 2830 Si
3317 2775 3479 2835 frater
3514 2776 3531 2815 τ
3565 2795 3716 2835 meus
3746 2798 3840 2837 ve-

2255 2859 2350 2925 lit,
2385 2861 2657 2917 insederat
2697 2864 2875 2919 animo
2907 2878 2962 2918 ut
2993 2881 3089 2920 nos
3130 2867 3240 2922 Deo
3276 2871 3506 2938 pr0pitio
3536 2875 3743 2943 pariter
3765 2877 3843 2931 vi-

2253 2954 2522 3013 deremus.
2549 2958 2654 3029 91
2683 2956 2833 3023 Quod
2866 2957 3273 3015 Chlodovechus
3302 2976 3406 3015 non
3440 2979 3736 3033 respuens,
3774 2970 3841 3023 ad

578 3055 735 3110 nibus
751 3056 985 3124 δωρεῇ,
1012 3054 1104 3108 has
1125 3055 1269 3122 ipsas
1286 3054 1625 3124 negationes,
1649 3070 1780 3124 quas
1797 3067 1919 3111 ante
1947 3059 2146 3111 Αεοεη-
2174 3036 2220 3098 C
2250 3062 2370 3104 eum
2393 3051 2556 3105 venit.
2590 3052 2981 3120 Conjunctique
3008 3051 3060 3105 in
3099 3052 3271 3107 insula
3305 3054 3508 3125 Ligeris
3528 3100 3540 3120 ,
3573 3075 3694 3128 qua:
3723 3072 3843 3115 erat

579 3148 747 3205 tinnis
776 3148 1055 3202 dominica:
1096 3147 1419 3216 triumphum
1445 3149 1798 3217 celebramus,
1825 3164 1854 3202 a
1888 3150 2145 3207 Mamerto

2263 3150 2394 3202 .uxta
2424 3142 2596 3197 vicum
2634 3143 3042 3215 Anihaciensem
3078 3153 3101 3188 κ
3137 3145 3386 3203 territorii
3432 3149 3577 3203 urbis
3608 3150 3845 3207 Turoni—

577 3240 745 3307 ipsius
769 3238 1084 3295 Viennensis
1108 3241 1218 3312 90
1241 3241 1388 3294 urbis
1413 3243 1668 3312 episcOpo
1693 3241 1740 3307 ά,
1778 3244 1861 3297 cui
1886 3252 1941 3297 et
1972 3243 2056 3298 hic
2081 3258 2146 3298 eo

579 3340 821 3398 tempore
870 3341 1115 3399 praerat,
1162 3332 1429 3386 institutas
1476 3332 1660 3398 fuisse,
1708 3334 1831 3387 dum
1882 3335 2012 3390 urbs
2058 3336 2143 3390 illa

578 3422 761 3477 multis
803 3430 1092 3477 terreretur
1132 3425 1405 3493 prodigiis.
1455 3424 1585 3479 Nam
1639 3436 1795 3480 terra:
1844 3437 1990 3483 motu
2038 3429 2146 3482 fre-

574 3521 806 3582 quenter
835 3515 1324 3583 quatiebaturzsed
1371 3529 1423 3571 et
1471 3532 1751 3572 cervorum
1794 3529 1952 3589 atque
2001 3520 2149 3591 lupo-

645 3612 671 3641 ⁸
716 3604 943 3665 Belluv.,
984 3610 1037 3659 in
1065 3607 1299 3660 salutem.

648 3673 675 3713 δ
715 3675 997 3748 Nonnulli,
1033 3675 1257 3739 Eutices,
1289 3688 1371 3730 aut
1406 3676 1638 3744 Eutiois;
1679 3679 1916 3748 plerique
1964 3679 2150 3739 Euthi-

574 3763 687 3800 cus.
713 3746 861 3820 Aliell.
889 3756 945 3800 et
973 3748 1118 3820 Bec.,
1150 3757 1254 3820 tarn
1286 3749 1459 3820 illam,
1509 3765 1665 3820 quam
1700 3746 1938 3807 Eutiches
1975 3770 2151 3820 quum-

577 3834 673 3885 que
701 3817 978 3872 Sabeltius.
1012 3817 1315 3886 Legendum
1346 3819 1478 3871 forte
1510 3819 1777 3874 Nestorius
1804 3865 1817 3886 ,
1854 3840 1947 3889 pro
1974 3817 2153 3879 Sabel-

578 3891 699 3942 tius.
731 3889 883 3965 Nulla
911 3900 1086 3965 tamen
1119 3890 1416 3965 inepistola
1444 3890 1478 3965 ξ
1506 3893 1568 3944 ad
1591 3890 1996 3965 Gundebadum,
2031 3911 2151 3965 quae

584 3971 694 4014 tota
724 3968 811 4015 est
834 3960 902 4013 de
929 3960 1027 4015 hac
1050 3975 1136 4033 re.
1180 3959 1415 4033 Nestorii‘
1441 3960 1498 4015 fit
1530 3962 1761 4027 mentio,
1792 3962 1913 4019 licet
1940 3965 2011 4019 ibi
2038 3959 2153 4033 ejus

578 4031 1207 4104 errores_,__quosetiam
1247 4030 1888 4104 quandomte‘Eutyt-heti
1931 4030 2151 4102 tribuit,

579 4103 695 4154 fuse
718 4101 953 4172 refellat;
986 4103 1178 4172 videet
1202 4103 1360 4171 epist.
1392 4100 1425 4153 5
1453 4099 1506 4156 et
1533 4099 1624 4155 28.
1665 4099 1823 4159 certe
1850 4099 2154 4172 persevera;

578 4172 655 4223 vit
682 4172 732 4224 in
772 4171 1057 4227 Gallicanae
1096 4171 1347 4226 Ecclesiae
1388 4173 1633 4227 Patribns
1661 4175 1785 4228 illud
1822 4171 1941 4229 fidei
1973 4182 2156 4230 ortho-

579 4244 737 4296 doxa!
774 4243 1043 4305 studium,
1077 4244 1165 4310 qui
1197 4244 1250 4296 in
1277 4244 1502 4297 concilio
1531 4247 1897 4299 Attreliauenei
1932 4263 1982 4309 ν,
2015 4266 2156 4300 anno

583 4312 709 4377 549,
734 4327 935 4367 canone
964 4314 1016 4379 l,
1046 4314 1358 4385 Eutychetis
1388 4327 1441 4366 et
1467 4313 1696 4371 Nestorii
1722 4332 1880 4382 prava
1906 4317 2150 4385 dogninta

2248 3246 2357 3299 ea),
2399 3233 2556 3286 simul
2591 3236 2781 3297 locuti,
2831 3235 3175 3301 comedentes
3211 3238 3408 3304 pariter
3438 3236 3518 3293 ac
3559 3240 3839 3309 bibentes,

2249 3323 2512 3393 promissa
2541 3325 2639 3378 sibi
2667 3324 2895 3380 amicitia
2928 3327 3132 3397 paciﬁci
3167 3328 3549 3385 discessterunt.

2320 3418 2559 3477 XXXVI.
2604 3418 2749 3472 Multi
2773 3419 2881 3488 jam
2915 3428 3039 3474 tunc
3062 3435 3125 3474 ex
3158 3420 3341 3475 Galliis
3373 3422 3571 3478 habere
3600 3424 3843 3485 [trahens

2252 3513 2495 3570 dominos
2533 3527 2742 3567 summo
2770 3513 3037 3568 desiderio
3064 3515 3371 3583 cupiebant.
3404 3515 3558 3573 Unde
3582 3515 3608 3555 ιι
3641 3520 3843 3579 factum

2326 3627 2349 3654 ε
2392 3615 2656 3671 Freberus
2701 3615 2978 3686 legendum
3040 3625 3190 3681 putat
3231 3618 3431 3685 legendi
3476 3621 3685 3679 seriem.
3744 3623 3844 3681 Hic

2252 3688 2543 3759 Gregorius
2591 3696 2734 3759 notat
2780 3697 2886 3759 tros
2930 3685 3164 3755 religiosi
3210 3686 3402 3757 jejunii
3465 3694 3844 3759 conditiones,

2253 3760 2444 3828 quibus
2491 3758 2579 3809 liat
2624 3756 2791 3829 utile.
2833 3758 3149 3819 lingationes
3195 3756 3427 3826 appellat
3473 3760 3588 3829 ipse
3631 3756 3834 3821 Avitus

2255 3830 2575 3903 festiuitatem
2595 3828 3021 3903 Operosissiinnin.
3042 3899 3051 3903 Α
3185 3898 3196 3903 _
3496 3828 3509 3829 ί
3612 3891 3625 3903 ⁸

2329 3898 2348 3939 ί
2396 3900 2557 3953 Vetus
2582 3909 2689 3961 est,
2738 3899 2907 3951 sacris
2939 3898 3262 3967 Scripturis,
3295 3910 3349 3954 et
3395 3898 3625 3957 vetustis
3649 3913 3845 3960 aucto-

2255 3971 2404 4026 ribus
2440 3970 2755 4038 approbata,
2804 3982 2922 4036 qua:
2964 3977 3121 4023 etiam
3165 3985 3306 4023 nunc
3338 3984 3680 4041 perseverat,
3708 3990 3845 4033 cnn-

2255 4042 2513 4114 suetudo,
2547 4048 2605 4092 ut
2630 4053 2784 4114 reges
2827 4053 2945 4092 sese
2978 4048 3159 4114 mutuo
3204 4041 3394 4094 fratres
3436 4043 3618 4096 dicant
3651 4064 3664 4096 :
3692 4048 3842 4114 quod

2252 4114 2361 4178 jam
2396 4113 2490 4183 viri
2537 4109 2731 4183 eruditi
2764 4125 2879 4183 non,
2910 4111 3086 4183 semel
3118 4116 3493 4166 observarunt.
3561 4109 3731 4183 Cujus
3762 4121 3844 4171 rei

2257 4182 2511 4253 exempla
2526 4180 2810 4253 proferunt
2835 4182 2929 4233 viri
2954 4181 3168 4253 rclariss.
3211 4183 3515 4249 Stephanus
3546 4180 3807 4242 Bal'uzius
3827 4233 3841 4253 ,

2255 4262 2310 4306 et
2333 4251 2483 4306 Gisb.
2514 4251 2749 4318 Cuperus
2782 4253 2831 4302 in
2856 4252 2996 4304 nmis
3018 4253 3081 4302 ad
3104 4266 3225 4318 cap.
3252 4256 3281 4301 8
3311 4253 3570 4309 Lactantii
3602 4260 3675 4311 de
3700 4251 3850 4313 Mor;

2261 4325 2662 4397 tibus‘persec”
2685 4330 2742 4397 et
2772 4320 3102 4397 hlabillonius
3133 4320 3224 4375 lin.
3254 4338 3290 4378 tt
3322 4325 3386 4377 de
3430 4324 3507 4379 Re
3530 4328 3848 4397 ιιίμΙοιιιιιι.⁸

581 4397 700 4435 cum
742 4384 1199 4439 exsecrationibus
1237 4384 1549 4439 damnarunt
1580 4396 1636 4440 et
1678 4384 2158 4443 anathematimve-
2189 4413 2232 4471 ι)
2259 4410 2377 4458 cap.
2405 4384 2473 4471 2',
2508 4407 2654 4444 num.
2680 4388 2764 4471 l5.
2802 4394 2909 4471 tego
2935 4406 3091 4471 vero,
3117 4403 3176 4471 ιιι
3196 4399 3469 4471 denostra
3487 4384 3849 4471 solummodo

580 4464 723 4507 ΙἸΙΙΙι.

653 4533 676 4595 F
720 4523 920 4595 Praeter
962 4525 1218 4591 epistolas
1257 4523 1325 4577 88
1350 4564 1364 4588 ,
1397 4524 1593 4593 aliqum
1635 4525 1695 4581 S.
1730 4528 1869 4582 Aviti
1899 4529 2149 4595 opuscula

580 4593 748 4648 edidit
782 4592 842 4646 Υ.
872 4594 952 4649 Cl.
982 4595 1091 4649 Jac.
1124 4592 1567 4660 Sirtuuudus,7et
1594 4597 1729 4652 inter
1761 4599 1846 4651 illa
1876 4592 2149 4652 hoiniliam

584 4665 652 4719 de
696 4664 1074 4733 Hogationihus
1107 4665 1190 4718 hic
1234 4667 1526 4731 laudatam,
1567 4682 1721 4734 qtiam
1764 4671 2005 4723 etiamin
2037 4679 2145 4723 vet.

581 4751 684 4791 ms.
709 4736 1026 4799 repetimus.
1056 4734 1303 4804 Ejusdem
1332 4738 1436 4789 vita
1466 4736 1688 4791 habetur
1719 4750 1847 4794 tum.
1884 4739 1898 4790 Ι
1934 4739 2144 4794 Bihliot.

582 4824 730 4862 nova:
757 4806 974 4861 Labbci.
1006 4807 1148 4859 illius
1175 4821 1299 4859 vero
1329 4805 1517 4860 festum
1547 4810 1844 4864 celebratur
1871 4810 1958 4865 die
1988 4808 2021 4863 5
2052 4808 2151 4866 Fe-

582 4877 811 4944 bruarii,
841 4882 906 4931 ad
939 4893 1094 4945 quem
1135 4875 1274 4929 diem
1318 4879 1463 4945 plura
1503 4879 1569 4933 de
1599 4896 1664 4933 eo
1708 4882 1904 4936 habent
1935 4881 2149 4937 Bollan-

579 4950 742 5004 diani.

654 5022 679 5056 ά
721 5020 861 5074 idem
904 5029 1127 5075 testatur
1168 5020 1419 5075 Sidonius
1448 5020 1537 5073 lib.
1569 5036 1620 5078 v.
1650 5032 1805 5089 epist.
1836 5023 1925 5084 M,
1973 5033 2028 5077 et
2056 5024 2147 5081 lib.

581 5106 690 5155 vit,
725 5092 881 5160 epist.
925 5092 983 5152 1;
1030 5092 1295 5145 Caesarius
1325 5092 1549 5160 Arelat.,
1590 5093 1801 5146 humilia
1844 5093 1943 5158 55,
1973 5104 2027 5147 et
2060 5095 2151 5147 alii

585 5162 775 5226 passim
806 5172 1083 5225 auctores,
1135 5168 1222 5229 qui
1254 5165 1518 5217 subsecuti
1541 5174 1686 5219 sunt.
1720 5165 1849 5219 Vide
1877 5177 1932 5219 et
1959 5166 2149 5221 cuncil.

582 5232 847 5285 Auri-Itan.
898 5249 940 5296 I,
971 5248 1090 5287 can.
1116 5232 1209 5297 9.7,
1238 5245 1340 5287 etc.
1373 5234 1793 5303 Quotiesautein
1819 5246 1870 5288 et
1904 5252 2010 5303 quo
2050 5238 2150 5290 ritu

586 5303 796 5374 lit-rent,
823 5305 900 5374 vel
924 5303 1062 5371 quid
1098 5305 1177 5357 his
1199 5297 1467 5359 ιιὶυιιιιείιι
1495 5297 1717 5361 naiasin
1742 5297 2026 5374 legeretur,
2057 5323 2152 5361 ex-

582 5372 728 5437 p--nit
756 5372 1092 5445 Mabillunius
1122 5385 1301 5445 uoster
1332 5376 1466 5430 libro
1494 5393 1529 5431 ll
1571 5384 1638 5430 de
1668 5376 1898 5445 Liturgia
1920 5372 2151 5437 Gallica-

585 5454 680 5516 na,
716 5454 831 5516 pag.
869 5442 1000 5516 leti,
1047 5445 1097 5516 in
1132 5444 1272 5516 uotis
1319 5451 1382 5497 ad
1422 5463 1570 5501 num.
1616 5447 1684 5501 55
1726 5461 1779 5501 et
1821 5442 1973 5516 seqq.
2018 5452 2149 5503 duos

583 5509 899 5585 Lectionarii
941 5511 1225 5579 Gallicani,
1270 5516 1356 5583 qui
1394 5520 1483 5570 tuti
1514 5532 1633 5569 sunt
1658 5520 1723 5571 de
1751 5509 2147 5585 [ἰιιεςιίιὶιιιιιιιιε.

581 5580 819 5634 Mamerti
860 5580 1049 5637 festum
1092 5580 1300 5637 colitur-
1323 5586 1409 5638 die
1442 5589 1492 5639 ll
1530 5590 1674 5642 Maii.
1720 5580 1856 5643 γιαὸ
1887 5589 2020 5645 infra
2055 5593 2144 5643 lib.

578 5652 645 5708 tle
675 5650 852 5709 ilirac.
883 5653 1048 5708 sancti
1077 5653 1267 5709 Juliaui
1288 5694 1304 5719 ,
1337 5670 1453 5721 cap.
1481 5656 1533 5710 2.

2258 4474 2413 4534 gente
2444 4464 2649 4528 loquar,
2698 4462 2923 4534 laudabo
2966 4477 3030 4514 ex
3075 4465 3167 4516 lib.
3214 4479 3228 4517 ι
3274 4466 3512 4519 Marculfi
3552 4467 3848 4527 formulam

2260 4532 2449 4611 nonani
2469 4575 2484 4598 ,
2503 4549 2627 4611 qua:
2657 4543 2738 4611 est
2771 4532 3036 4611 ludiculu.
3072 4535 3141 4611 ad
3158 4534 3328 4611 _aliunt
3350 4551 3526 4611 regem
3552 4555 3670 4611 cum
3697 4542 3849 4611 lega-

2258 4607 2325 4658 tio
2358 4607 2636 4679 dirigitur;
2660 4605 2930 4679 sic‘autetn
2948 4604 3261 4679 inscribitur
3291 4625 3305 4660 :
3341 4604 3557 4679 Domino
3586 4604 3849 4679 glorioso,

2253 4685 2405 4746 atque
2434 4674 2897 4745 praecellentissimo
2934 4674 3114 4743 fratri,
3160 4675 3238 4728 illi
3269 4678 3407 4747 regi,
3452 4680 3504 4732 in
3539 4674 3633 4733 Dii
3665 4674 3850 4737 nanti;

2248 4764 2310 4800 ne
2338 4748 2423 4799 ille
2452 4762 2556 4797 rex.

2325 4827 2349 4863 ις
2390 4817 2612 4877 Chesn.,
2661 4815 3123 4887 Ambacincensem.
3154 4816 3419 4887 Oppidum
3468 4822 3608 4875 istud
3672 4825 3850 4881 etiam

2260 4904 2400 4942 nunc
2433 4888 2644 4940 celebre
2673 4898 2788 4949 est,
2832 4889 2989 4956 vulgo
3015 4886 3283 4953 Amboise,
3325 4890 3562 4956 dictum,
3609 4895 3678 4950 ad
3710 4910 3850 4949 cou-

2258 4959 2483 5013 llnentes
2514 4956 2716 5025 Ligeris
2747 4969 2803 5012 et
2830 4958 3139 5024 Amatissai,
3191 4958 3471 5025 I’Amnsse,
3517 4964 3704 5019 situm.
3770 4969 3849 5022 De

2261 5031 2362 5083 hoc
2390 5029 2585 5096 onpido
2612 5029 2691 5080 sic
2727 5027 2960 5095 loquitur
2989 5029 3221 5083 Severus
3252 5033 3452 5098 Sulpie.
3485 5034 3613 5087 dial.
3648 5037 3681 5088 5
3715 5054 3734 5088 :
3778 5036 3848 5091 In

2256 5102 2364 5155 vico
2396 5098 2705 5173 Ambatiensi
2724 5138 2739 5163 ,
2769 5100 2819 5151 id
2849 5107 2921 5173 est
2962 5100 3170 5173 castello
3198 5103 3286 5160 illo
3322 5104 3500 5167 veteri,
3532 5107 3671 5173 quod
3702 5124 3851 5162 nunc

2256 5176 2487 5242 frequens
2515 5169 2770 5221 habitatur
2795 5185 2827 5242 ᾳ
2859 5169 3131 5242 fratribus,
3161 5181 3265 5225 etc.
3302 5173 3424 5229 lle
3456 5169 3564 5242 ipsa
3598 5180 3848 5234 creditur

2255 5257 2375 5296 esse
2403 5240 2574 5297 insula
2595 5281 2610 5305 ,
2642 5256 2761 5306 qua:
2802 5240 3066 5308 hodieque
3106 5257 3273 5308 prope
3305 5240 3615 5303 Amboeiam
3650 5251 3851 5303 visitur

2253 5314 2533 5366 arboribus
2563 5312 2786 5373 consita,
2818 5311 2973 5379 vulgo
3005 5312 3175 5365 insula
3202 5313 3638 5375 Sancti-Joannis
3673 5318 3850 5375 dicta.

2327 5380 2354 5419 δ
2398 5382 2545 5437 Unde
2573 5391 2624 5433 et
2646 5397 2763 5446 qua:
2792 5392 3085 5454 sequuntur
3110 5386 3176 5437 ad
3199 5397 3357 5453 caput
3378 5401 3617 5454 sequens
3644 5389 3854 5445 desunt

2254 5454 2306 5509 in
2335 5454 2493 5511 Cori).
2528 5462 2581 5509 et
2607 5454 2735 5506 ltell.
2761 5452 3106 5524 Quintianum,
3132 5468 3237 5509 non
3272 5460 3368 5509 nisi
3402 5452 3521 5524 post
3542 5458 3855 5517 Cblodavei

2254 5526 2456 5579 obittun
2484 5541 2515 5577 e
2546 5538 2642 5583 sua
2674 5527 2800 5577 sede
2831 5523 3041 5588 pulsum
3086 5522 3250 5579 fuisse
3288 5522 3569 5582 contendit
3597 5528 3856 5589 Valesius

2255 5596 2347 5650 lib.
2382 5611 2430 5650 vt
2460 5609 2638 5651 rerum
2666 5592 2935 5659 Francia,
2968 5611 3143 5663 quem,
3176 5596 3221 5651 si
3248 5597 3414 5663 lubet,
3449 5602 3699 5659 consule.
