3994 6194
153 304 245 355 Ξῖό

1039 303 1355 359 HISTORIA
1400 300 1844 357 FRANCORUM.
1891 297 2094 358 LIBER
2136 302 2513 362 SECUNDUS

3309 305 3417 359 εδι

148 431 246 484 est,
292 429 346 473 ut
383 418 719 485 Quintianus
768 419 1135 473 Ruthennrum
1176 421 1460 488 cpiscopus
1493 431 1587 489 per
1628 418 1731 471 hoc
1758 420 1805 473 Α
1838 414 1965 474 tibi.
2013 416 2145 468 meis
2195 415 2439 469 mantbus
2472 417 2683 471 tradere
2723 416 3042 481 decrevisli,
3083 417 3137 471 in
3182 417 3425 487 ingressu

151 513 309 566 odium
338 513 407 565 ab
436 512 578 565 urbe
603 510 983 581 depelleretur.
1019 510 1275 566 Dicebant
1309 510 1452 566 enim
1477 511 1524 563 ei
1559 527 1572 563 :
1603 509 1738 577 Quia

150 603 452 658 desiderium
500 610 654 655 tuum
687 610 808 667 est,
857 611 912 655 ut
940 601 1266 655 Francorum
1293 602 1588 657 dominatio
1616 615 1739 671 pos-

151 697 300 750 tideat
326 706 530 749 terram
581 695 739 748 hanc.
792 693 918 748 Post
962 692 1077 747 dies
1122 701 1298 748 autem
1340 707 1569 759 paucos,
1618 698 1739 746 orto

151 791 270 843 inter
294 804 413 842 eum
444 798 501 843 et
531 789 687 842 cives
717 787 1001 853 seandalo,
1027 786 1255 842 Gotthos
1276 786 1367 855 qui
1400 787 1452 839 in
1478 786 1574 839 hac
1603 784 1739 841 urbe

151 882 500 943 morabantur,
531 880 773 949 suspicio
800 878 1001 947 attigit,
1032 879 1479 947 exprobrantibus
1509 879 1735 943 civibus,

148 970 271 1039 quod
301 972 430 1024 velit
453 986 518 1025 se
552 972 887 1025 Francorum
924 970 1216 1025 ditionibus
1246 970 1567 1041 subjugare;
1602 985 1735 1025 con-

148 1063 356 1130 silioque
380 1074 617 1128 accepto
640 1104 654 1126 ,
684 1061 1055 1131 cogitaverunt
1079 1077 1200 1115 enm
1230 1062 1510 1130 perfodere
1538 1063 1735 1134 gladio.

148 1154 278 1213 Quod
307 1169 427 1208 cum
456 1155 584 1208 viro
617 1154 712 1209 Dei
744 1155 1045 1209 nuntiatum
1072 1155 1289 1223 fuisset,
1320 1155 1388 1210 de
1419 1164 1573 1210 nocte
1602 1170 1737 1211 con-

146 1261 357 1314 surgens
384 1262 511 1299 cum
548 1246 881 1300 fidelissimis
911 1246 1172 1300 ministris
1202 1245 1313 1300 suis
1332 1287 1348 1311 ,
1372 1247 1440 1301 ab
1468 1248 1597 1302 urbe
1628 1247 1738 1302 Ru-

147 1333 289 1385 tltena
318 1334 615 1403 egrediens
638 1374 654 1401 ,
687 1337 965 1388 Arvernos
994 1334 1232 1387 advenit.
1277 1334 1459 1404 ibique
1489 1351 1517 1388 a
1548 1344 1736 1391 sancto

149 1424 375 1478 l-lulrasio
402 1425 705 1493 episcopo,
753 1425 842 1493 qui
887 1425 1157 1491 quondam
1201 1425 1508 1493 Aprunculo
1551 1427 1733 1481 Divio-

146 1516 281 1568 nensi
328 1525 711 1580 successerat,
757 1514 986 1586 benigne
1022 1526 1304 1586 susceptus
1354 1530 1463 1581 est,
1508 1518 1736 1585 largitis-

144 1620 233 1668 que
256 1606 301 1658 ei
354 1614 461 1658 tam
512 1606 769 1661 domibus
816 1622 975 1675 quam
1023 1609 1168 1676 agris
1214 1608 1507 1677 etvineis,
1549 1625 1731 1664 secum

145 1696 375 1760 retinuit,
404 1697 604 1751 dicens
649 1716 663 1751 :
697 1697 906 1753 Suflicit
946 1700 1103 1769 hujus
1136 1701 1356 1756 facultas
1399 1703 1651 1759 Ecclesize
1679 1714 1734 1759 ut

1845 502 2081 557 basilica:
2128 507 2302 559 sancti
2350 506 2557 560 Martini
2587 506 2809 576 dignare
2855 510 3115 578 propitius
3158 512 3419 573 revelare.

1842 603 1899 646 ut
1926 608 2243 662 cognoscam
2261 640 2275 663 ,
2308 597 2427 666 quia
2462 599 2722 666 propitius
2748 600 3052 669 dignaberis
3077 615 3202 656 esse
3224 600 3425 656 fatnulo

1846 693 1955 739 tuo.
1990 688 2377 743 Maturantibus
2406 699 2585 744 autem
2618 694 2831 759 pueris,
2861 700 2914 746 et
2946 693 3011 747 ad
3053 694 3231 748 locum
3271 709 3425 749 accr-

1841 779 2091 832 dentibus
2115 779 2266 847 juxta
2299 780 2580 849 imperium
2617 784 2792 852 regis,
2824 785 2950 839 dum
2974 796 3211 840 sanctam
3244 786 3426 855 ingre-

1840 869 2095 924 derentur
2126 871 2400 927 basilicam
2421 914 2435 938 ,
2478 876 2614 928 hanc
2663 876 3008 944 autiphonam
3037 893 3101 931 ex
3131 879 3424 946 improviso

1841 960 2179 1028 primicerius
2230 964 2320 1031 qui
2364 973 2510 1029 erat,
2547 967 2801 1034 imposuit
2830 976 2855 1004 ο
2892 985 2905 1018 :
2948 966 3272 1021 Prwcinxisti
3318 985 3422 1031 me,

1838 1052 1944 1123 93
1985 1052 2237 1122 Domine,
2270 1057 2454 1110 virtute
2481 1060 2550 1111 ad
2587 1058 2774 1112 bellum
2824 1073 2844 1113 :
2882 1060 3225 1130 supplontasti
3249 1061 3424 1113 insur-

1838 1155 2009 1218 gentes
2036 1148 2091 1201 in
2120 1165 2199 1203 me
2225 1150 2405 1203 subtus
2426 1166 2533 1213 me,
2563 1160 2612 1204 et
2636 1151 2959 1205 inimicorum
2986 1170 3215 1207 meorum
3240 1153 3426 1206 dedisti

1838 1239 1967 1293 mihi
1994 1241 2201 1294 dorsum
2220 1282 2234 1307 ,
2262 1252 2310 1296 et
2340 1244 2565 1298 odientes
2588 1260 2666 1297 me
2690 1244 3045 1312 disperdidisti
3074 1244 3261 1316 (Psal.
3294 1261 3423 1307 xvii,

1836 1331 1929 1397 40,
1959 1331 2074 1400 il).
2120 1333 2274 1399 Quod
2323 1335 2663 1403 psallentium
2710 1335 3069 1399 taudientes.
3116 1346 3170 1390 et
3200 1336 3425 1391 Domino

1836 1426 2040 1494 gratias
2059 1436 2312 1495 agentes,
2344 1439 2401 1482 et
2429 1436 2555 1482 vota
2581 1428 2739 1483 beato
2768 1429 3064 1484 confessori
3110 1429 3426 1499 promitten-

1838 1525 1919 1572 tes
1942 1560 1957 1584 ,
1993 1519 2099 1573 lmti
2133 1519 2517 1574 nuntiaverunt
2560 1524 2696 1591 regi.
2736 1521 2901 1575 Porro
2932 1522 3021 1575 ille
3064 1536 3185 1576 cum
3216 1521 3283 1575 ad
3321 1521 3426 1574 llu-

1835 1612 1977 1665 vium
2013 1611 2344 1681 Vingennam
2375 1623 2401 1660 ις
2428 1627 2551 1667 cum
2580 1613 2825 1669 exercitu
2871 1615 3210 1681 advenisset,
3236 1615 3289 1670 in
3320 1630 3428 1685 quo

1837 1700 1958 1755 loco
1986 1716 2108 1756 eum
2152 1705 2381 1758 transire
2410 1702 2633 1759 deberet
2676 1706 2892 1773 penitus
2922 1708 3205 1777 ignorabat
3236 1725 3249 1759 :
3279 1707 3427 1761 intu-

146 1796 410 1857 ntrumque
454 1790 774 1844 suStineat:
820 1800 1019 1845 tantum
1052 1792 1285 1847 charitas
1334 1808 1493 1862 quam
1540 1795 1724 1852 beatus

1835 1800 2043 1845 muerat
2070 1791 2213 1846 enim
2239 1793 2308 1846 ab
2332 1794 2675 1849 inundatione
2705 1795 3023 1863 pluviarum.
3052 1798 3295 1868 Cumque
3324 1798 3415 1853 illa

146 1878 413 1943 Apostolus
438 1880 702 1947 pra‘dical
722 1922 737 1947 ,
763 1891 1077 1949 permaneat
1106 1884 1244 1938 inter
1273 1887 1584 1941 sacerdotes
1614 1886 1728 1942 Dei.

144 1968 234 2023 Sed
261 1978 311 2024 et
357 1970 743 2040 Lugdunensis
793 1976 1074 2044 episcopus
1113 1974 1333 2045 largitus
1363 1988 1447 2033 est
1475 1978 1524 2033 ei
1555 1979 1729 2048 aliqua

147 2062 483 2126 possessionis
522 2064 779 2119 ecclesia:
808 2080 952 2132 sum,
995 2082 1151 2135 quam
1186 2069 1235 2121 in
1270 2072 1515 2123 Arverno
1562 2069 1730 2126 babe-

148 2150 239 2206 bat.
270 2153 488 2222 lleliqna
517 2171 655 2210 vero
684 2156 752 2210 de
798 2167 984 2211 sancto
1016 2159 1336 2226 Quintiano,
1370 2171 1476 2214 tam
1522 2161 1730 2215 insidiae

144 2261 257 2311 quas
288 2247 543 2314 pertulit,
576 2263 742 2319 quam
775 2248 862 2302 illa
893 2266 1012 2319 quae
1041 2266 1134 2318 per
1161 2267 1284 2305 eum
1318 2252 1576 2306 Dominus
1604 2269 1730 2323 ope-

146 2339 233 2389 rari
256 2338 503 2408 dignatus
535 2350 656 2409 est,
687 2339 889 2409 scripta
919 2351 1041 2394 sunt
1074 2342 1124 2395 in
1159 2342 1297 2397 libro
1345 2342 1481 2397 Viue
1531 2343 1648 2414 ejus
1676 2354 1725 2397 ει.

206 2427 461 2485 XXXVII.
510 2431 683 2500 lgitur
712 2430 1124 2486 Chlodovechus
1172 2434 1280 2504 92
1321 2450 1415 2488 rex
1458 2437 1531 2489 ait
1570 2437 1724 2492 suis:

155 2517 299 2574 Valde
326 2524 562 2578 moleste
596 2523 747 2588 fero,
776 2526 917 2593 quod
963 2524 1017 2578 hi
1060 2525 1246 2580 Ariani
1281 2536 1483 2595 partem
1513 2537 1729 2583 teneant

149 2611 434 2669 Galliarum.
471 2616 683 2671 Eamus
714 2615 738 2655 ι
768 2632 890 2672 cum
923 2618 1013 2673 Dei
1044 2619 1341 2688 adjutorio,
1369 2632 1423 2676 et
1464 2625 1728 2689 Superatis

146 2707 419 2776 teligamus
443 2720 655 2765 terram
689 2710 741 2764 in
769 2711 1025 2767 ditionem
1058 2721 1316 2767 nostram.
1350 2711 1592 2783 Cumque
1614 2715 1729 2782 pla-

146 2804 315 2857 cuisset
341 2806 606 2859 omnibus
634 2804 720 2858 hic
746 2818 926 2859 sermo
944 2846 961 2872 ,
989 2817 1259 2859 commoto
1286 2807 1523 2861 exercitu
1557 2808 1728 2861 Picta-

146 2895 210 2947 vis
234 2896 457 2963 dirigit:
509 2895 596 2950 ibi
644 2896 786 2950 enim
829 2905 953 2949 tunc
996 2896 1241 2950 Alaricus
1271 2899 1726 2953 commorabatur.

146 2986 232 3040 Sed
252 2988 500 3055 quoniam
561 3001 684 3053 pars
726 2986 956 3041 hostium
990 3002 1086 3054 per
1124 2988 1452 3043 territorium
1496 2988 1729 3043 Turoni-

145 3091 244 3129 Clim
276 3080 582 3143 transibat,
629 3093 726 3147 pro
773 3078 1073 3133 reverentia
1115 3078 1255 3133 beati
1315 3080 1526 3134 Martini
1578 3080 1725 3135 dedit

148 3170 385 3237 edictum,
421 3182 479 3224 ut
542 3170 723 3223 nullus
752 3169 819 3222 de
864 3170 1080 3235 regione
1112 3171 1200 3223 illa
1228 3170 1370 3225 aliud
1402 3186 1559 3237 quam
1606 3171 1728 3227 her-

148 3259 305 3313 btrum
330 3263 595 3315 alimenta
625 3274 927 3330 aquamque
956 3272 1327 3327 praesumeret.
1372 3262 1598 3329 Quidam
1626 3278 1726 3318 au-

149 3360 238 3403 tem
280 3352 345 3407 de
386 3353 675 3415 exercitu,
708 3351 923 3404 invento
955 3351 1229 3420 cujusdam
1286 3354 1538 3423 pauperis
1580 3353 1725 3420 fcno,

145 3442 201 3494 ait
230 3443 445 3500 :Nnnne
478 3458 587 3497 rex
639 3443 860 3497 herbam
892 3451 1094 3497 tantum
1134 3446 1382 3513 prtesumi
1414 3446 1724 3514 mandavit,

146 3539 191 3585 et
214 3534 328 3588 nihil
362 3536 560 3589 aliud?
606 3532 675 3587 Et
706 3534 837 3601 hoc,
869 3535 1072 3602 inquit,
1110 3536 1273 3589 herba
1306 3544 1409 3591 εει.
1439 3535 1552 3590 Non
1584 3539 1727 3592 enim

147 3626 322 3679 erimus
349 3638 793 3695 transgressttres
831 3624 1084 3693 praecepti
1115 3626 1263 3693 ejus,
1308 3628 1352 3679 si
1380 3642 1497 3679 eam
1528 3642 1731 3695 praesu-

150 3716 333 3772 mimus.
358 3718 617 3786 Cumque
651 3716 756 3770 vim
789 3715 988 3769 faciens
1034 3716 1285 3785 pauperi,
1322 3717 1501 3771 fenum
1536 3719 1729 3773 virtute

157 3808 339 3863 tulisset
370 3820 418 3875 ο,
454 3812 664 3862 factum
698 3806 941 3874 pervenit
987 3807 1051 3860 ad
1087 3823 1285 3875 regem.
1330 3807 1447 3875 Quo
1481 3808 1625 3863 dicto
1645 3798 1730 3863 lci-

150 3896 233 3949 tius
258 3900 424 3968 gladio
456 3907 784 3969 perempto,
812 3900 884 3950 ait
911 3913 924 3950 :
959 3898 1026 3951 Et
1052 3899 1142 3952 ubi
1169 3900 1273 3952 erit
1304 3912 1426 3967 Spes
1457 3900 1725 3968 victoriae,

150 3988 184 4037 si
216 3987 385 4043 brutus
415 3988 689 4044 Martinus
732 3986 1021 4041 offenditur
1050 3984 1117 4042 αἳ
1147 3989 1396 4058 Satisque
1427 3989 1522 4043 fuit
1566 4005 1726 4045 exer-

151 4076 254 4132 citui
289 4079 411 4134 nihil
445 4078 683 4133 ulterius
715 4077 785 4131 ab
834 4077 933 4132 hac
962 4078 1180 4148 regione
1213 4094 1561 4147 przesumere.
1608 4079 1729 4151 Ipse

152 4182 258 4223 vero
286 4187 374 4226 rex
401 4173 613 4227 direxit
636 4172 857 4223 nuntios
886 4169 951 4223 ad
984 4170 1123 4224 beati
1157 4170 1462 4236 basilicam,
1493 4172 1678 4226 dicens
1709 4200 1724 4237 ε

151 4257 243 4329 Ite,
284 4271 335 4316 et
363 4264 600 4318 forsitan
644 4259 864 4328 aliquod
911 4259 1151 4313 victoria:
1182 4260 1477 4329 austricium
1519 4262 1586 4315 ab
1612 4263 1728 4317 aede

152 4361 306 4405 sancta
335 4351 672 4418 suscipietis.
717 4350 867 4404 Tunc
907 4351 1044 4403 datis
1088 4352 1430 4418 muneribus,
1459 4369 1576 4420 qua:
1608 4355 1727 4408 loco

154 4453 312 4497 sancto
339 4444 698 4507 exbiberent,
734 4441 808 4494 ait
838 4457 852 4493 :
881 4442 936 4496 Si
976 4449 1053 4508 tu,
1083 4442 1325 4507 Domine,
1354 4442 1563 4511 adjutor
1592 4446 1725 4500 mihi

1837 1892 1993 1936 nocte
2019 1881 2302 1938 Dominum
2326 1883 2649 1952 deprecatus
2676 1885 2889 1950 fuisset,
2919 1896 2976 1941 ut
3002 1888 3053 1944 ei
3083 1888 3275 1942 vadum
3318 1903 3424 1956 quo

1836 1971 2063 2029 transire
2106 1974 2273 2042 possit
2334 1975 2643 2042 dignaretur
2700 1977 3019 2045 ostendere,
3071 1993 3228 2032 mane
3285 1980 3424 2031 lacto

1832 2078 1996 2118 cerva
2030 2066 2180 2119 mirae
2219 2065 2602 2134 magnitudinis
2640 2074 2768 2122 ante
2793 2081 2889 2121 eos
2932 2074 3062 2121 nutu
3092 2068 3184 2123 Dei
3215 2070 3416 2122 ﬂumen

1832 2155 2146 2223 ingreditur,
2204 2155 2403 2226 illaque
2450 2159 2712 2224 vallante,
2763 2158 2987 2228 populus
3043 2174 3148 2228 quo
3187 2161 3421 2213 transire

1834 2247 2029 2316 possit,
2061 2248 2299 2318 agnovit.
2335 2248 2595 2305 Veniente
2620 2259 2798 2305 autem
2828 2266 2951 2320 rege
2982 2254 3120 2320 apud
3152 2251 3418 2310 Pictavis.

1833 2339 1958 2393 dum
1986 2338 2199 2394 eminus
2223 2339 2276 2393 in
2304 2341 2547 2395 tentoriis
2572 2352 3017 2408 commoraretur,
3052 2343 3250 2412 pbarus
3269 2344 3421 2413 ignea

1829 2431 1897 2485 de
1929 2432 2149 2486 basilica
2187 2434 2357 2487 sancti
2403 2433 2588 2488 Hilarii
2634 2448 2850 2503 egressa
2876 2474 2890 2499 ,
2939 2437 3044 2490 visa
3088 2444 3171 2491 est
3206 2437 3255 2492 ei
3303 2448 3419 2491 tan-

1829 2536 1987 2587 quam
2011 2537 2171 2591 super
2195 2537 2257 2578 se
2280 2523 2535 2579 advenire
2553 2565 2567 2587 .
2600 2526 2805 2580 scilicet
2824 2535 2882 2580 ut
2906 2528 3106 2581 lumine
3127 2527 3267 2583 beati
3294 2543 3418 2582 con-

1832 2610 2054 2665 fessoris
2099 2612 2310 2681 adjutus
2366 2612 2585 2680 Hilarii,
2635 2615 2853 2670 liberius
2904 2616 3183 2671 haereticus
3241 2620 3416 2683 acies,

1830 2715 2016 2758 contra
2046 2718 2180 2773 quas
2204 2719 2349 2772 saepe
2375 2706 2515 2759 idem
2547 2707 2798 2760 sacerdos
2824 2722 2917 2775 pro
2943 2708 3045 2761 fido
3074 2708 3413 2777 conflixerat,

1829 2796 2129 2851 debellaret
2154 2795 2203 2850 ιι.
2232 2796 2573 2852 Contesratus
2602 2808 2683 2852 est
2720 2808 2897 2852 autem
2927 2801 3073 2852 omni
3118 2802 3415 2868 exercitui,

1831 2896 1886 2941 ut
1917 2903 2013 2943 nec
2040 2886 2111 2942 ibi
2143 2888 2357 2957 quidem
2383 2898 2473 2941 aut
2508 2888 2559 2942 in
2591 2887 2671 2941 via
2700 2889 2929 2957 aliquem
2968 2887 2983 2926 ί
3015 2890 3415 2960 exspoliarent,

1830 2989 1921 3033 aut
1949 2994 2034 3033 res
2065 2978 2372 3049 cujusquam
2399 2979 2720 3047 diriperent.

1904 3070 2225 3125 Eratautem
2256 3070 2308 3122 in
2342 3069 2425 3123 his
2455 3070 2643 3124 diebus
2684 3072 2766 3125 vir
2798 3070 3080 3125 laudabilis
3114 3071 3413 3129 sanctitatis

1757 3180 1806 3243 α
1839 3159 2136 3214 Maxentius
2184 3159 2370 3224 abbas,
2421 3160 2696 3214 reclausus
2743 3160 2797 3213 in
2842 3161 3167 3216 monasterio
3212 3177 3310 3217 suo
3347 3164 3415 3219 ob

1836 3252 1929 3307 Dei
1980 3252 2225 3306 timorem
2280 3252 2417 3306 infra
2467 3252 2751 3307 terminum
2804 3253 3190 3309 Pietavensem.
3247 3254 3415 3328 Cujus

1834 3344 2143 3398 monasterii
2175 3359 2366 3397 nomen
2399 3344 2615 3398 lectioni
2649 3360 2751 3398 non
2780 3346 3417 3417 inditlimtts,vquia‘locus

1832 3436 1921 3489 ille
1950 3450 2115 3504 usque
2150 3435 2307 3489 hodie
2332 3436 2529 3490 ('ellula
2559 3438 2725 3491 sancti
2752 3438 3005 3492 Maxentii
3036 3449 3271 3493 vocatur.
3303 3438 3411 3496 Cu-

1826 3528 1915 3599 jus
1941 3526 2184 3580 monachi
2211 3540 2331 3580 cum
2357 3527 2584 3581 hostium
2610 3542 2836 3582 cuneum
2866 3545 3025 3583 unum
3053 3530 3119 3583 ad
3150 3541 3401 3588 monastc

1832 3617 1969 3671 rium
1999 3629 2281 3672 cernerent
2311 3619 2688 3687 propinquare,
2713 3619 2958 3675 abbatem
2986 3631 3233 3687 exorant,
3266 3634 3321 3675 ut
3346 3622 3415 3678 de

1831 3709 2021 3763 cellula
2050 3725 2145 3763 sua
2175 3712 2521 3779 egrederetur
2549 3713 2612 3764 ad
2642 3714 2974 3767 exorandum
3007 3728 3101 3767 cos
3133 3713 3179 3767 i.
3216 3714 3414 3784 Illoque

1831 3802 2160 3867 demorante,
2194 3802 2243 3854 hi
2274 3802 2462 3856 timore
2487 3803 2737 3867 perculsi.
2762 3819 2885 3857 eum
2912 3815 3095 3873 aperto
3120 3805 3259 3858 ostio
3286 3819 3410 3875 pro-

1831 3895 2032 3948 ducunt
2068 3894 2133 3948 de
2163 3894 2353 3948 cellula
2377 3894 2486 3965 94
2514 3910 2628 3948 SU-l.
2664 3899 2732 3948 At
2762 3895 2851 3950 ille
2882 3897 2933 3950 in
2962 3912 3245 3952 occursum
3280 3899 3408 3953 hos-

1834 3988 1984 4051 tium,
2006 3991 2153 4055 quasi
2180 4002 2362 4054 pacem
2388 3996 2689 4056 rogaturus.
2717 3990 2886 4058 pergit
2915 3989 3233 4057 intrepidus.
3263 3990 3411 4047 Unus

1830 4086 2012 4131 autem
2040 4091 2105 4132 ex
2136 4077 2217 4129 his
2238 4079 2515 4145 evaginato
2544 4077 2741 4146 gladio,
2768 4086 2826 4131 ut
2849 4089 3005 4148 caput
3025 4080 3141 4147 ejus
3164 4081 3411 4150 libraret,

1831 4183 2022 4224 manus
2053 4167 2119 4222 ad
2149 4184 2330 4221 aurem
2359 4179 2534 4223 erecta
2565 4169 2810 4237 diriguit,
2859 4172 3175 4240 g'adiusque
3204 4183 3411 4228 retror-

1829 4273 1945 4313 sum
1976 4259 2100 4312 ruit.
2136 4260 2206 4311 At
2243 4257 2354 4325 ipse
2377 4258 2443 4311 ad
2475 4258 2638 4325 pedes
2663 4259 2801 4313 beati
2844 4262 2940 4314 viri
2989 4262 3199 4316 veniam
3247 4263 3413 4333 depo~

1829 4363 1987 4404 scens
2018 4350 2297 4404 Sternitur.
2331 4350 2483 4415 Quod
2516 4350 2760 4405 videntes
2791 4353 3010 4420 reliqui,
3045 4369 3164 4408 cum
3222 4356 3414 4412 timore

1831 4442 2066 4495 maximo
2104 4441 2170 4494 ad
2197 4442 2490 4495 exercitum
2523 4442 2813 4508 rtdierunt,
2849 4442 3100 4499 timentes
3141 4461 3205 4500 ne
3232 4456 3284 4501 et
3312 4448 3413 4516 ipsi

155 4546 224 4597 es,
246 4549 293 4590 et
316 4548 532 4606 gentem
560 4536 703 4588 hanc
725 4534 1089 4599 incredulam,
1120 4549 1442 4604 semperque
1469 4539 1715 4590 aemulam
1750 4556 1800 4615 Ι)
1830 4532 2026 4600 pariter
2055 4532 2356 4587 interirent.
2390 4533 2556 4601 llnjns
2587 4548 2715 4587 vero
2756 4533 3030 4588 brachium
3063 4536 3246 4591 beatus
3279 4553 3411 4592 con-

215 4658 238 4720 f
272 4650 315 4703 Is
341 4663 417 4705 est
443 4662 610 4720 caput
638 4648 665 4699 4
692 4648 761 4702 de
791 4647 926 4701 Vitis
956 4650 1189 4701 Patrum.

216 4718 237 4755 δ
276 4722 471 4776 Bellum
506 4718 647 4773 istud
679 4720 885 4772 levibus
910 4722 977 4771 de
1006 4722 1183 4772 causis
1204 4730 1446 4771 exortum
1490 4728 1716 4773 testatur

158 4785 496 4845 Theudoricus
538 4790 1007 4855 Ostrogotthorum
1051 4804 1174 4849 rex,
1224 4789 1313 4857 qui
1363 4790 1563 4843 nullum
1608 4806 1713 4844 non

162 4861 297 4931 tuovit
347 4863 615 4931 lapidem.
672 4871 728 4912 ut
780 4858 1177 4931 ipsum,7datis
1212 4863 1294 4931 ad
1346 4858 1712 4931 Cltlodovenm

163 4930 367 5001 alioﬂjue
401 4930 559 5001 reges
603 4931 828 5001 litteris,
874 4930 1156 5001 missisque
1207 4930 1576 5001 legationibus,
1610 4933 1711 4981 im-

165 5000 356 5063 pediret.
386 4998 518 5056 Vide
539 5003 680 5065 apud
707 4998 1012 5053 Cassiodor.
1040 4999 1130 5051 lib.
1161 5015 1238 5065 ιιι,
1261 5001 1416 5065 epist.
1441 4999 1497 5061 2,
1518 5000 1549 5050 5
1573 5011 1627 5054 et
1656 5002 1708 5056 Δ.

167 5138 195 5188 Γ
223 5081 242 5105 ε
276 5072 358 5127 Sic
387 5089 519 5127 mss.
552 5071 908 5133 vetustiores;
956 5070 1042 5123 alii
1072 5084 1191 5123 cum
1239 5070 1425 5135 editis,
1456 5072 1504 5123 vi
1536 5075 1713 5127 abstu-

182 5155 298 5188 isset.

182 5155 298 5192 ωει.

222 5206 243 5245 ⁴
278 5211 458 5276 Corb.,
516 5212 563 5264 si
620 5211 763 5264 beato
811 5210 1033 5262 Martino
1076 5208 1405 5277 o/fendimus,
1458 5210 1704 5267 familiari

168 5281 283 5345 apud
310 5281 620 5349 Gregorium
663 5295 881 5335 casuum
914 5282 1225 5335 mutatione.

229 5359 249 5385 ε
283 5352 362 5405 Sic
406 5353 727 5407 vetustiores
763 5366 932 5414 mss.;
975 5352 1154 5405 caueri
1183 5352 1406 5420 incozptt.
1451 5351 1618 5405 Porro
1652 5355 1704 5408 in

174 5415 375 5475 Ecclesia
418 5422 655 5476 Romana
708 5422 1041 5489 primicerius
1094 5433 1254 5490 caput
1284 5415 1400 5474 erat
1432 5423 1705 5480 inferioris

175 5493 331 5556 chori,
368 5493 503 5561 quod
545 5502 602 5547 et
642 5494 695 5545 in
741 5492 975 5546 Ecclesia
1008 5491 1278 5545 Gallicana
1312 5490 1478 5546 fuisse
1520 5495 1570 5546 in
1604 5512 1701 5549 usu

178 5566 383 5631 tempore
414 5562 702 5616 Chlotlovei
753 5564 929 5627 colligi
973 5572 1145 5631 potest
1173 5577 1235 5616 ex
1268 5564 1495 5630 epistola
1525 5569 1696 5618 ειιιιτιὶ

180 5625 369 5699 lietnigii
417 5636 480 5685 ad
522 5634 803 5687 Falconvm
848 5625 1215 5687 Tun-:rensetu
1241 5625 1577 5701 episcopum,
1609 5634 1697 5688 ubi

180 5705 481 5766 Conqueritur
535 5704 614 5756 vir
666 5702 1036 5757 sanctissimus
1067 5720 1094 5757 a
1130 5703 1362 5757 Falcone
1419 5706 1696 5760 institutos

184 5766 316 5825 luisse
336 5774 383 5827 in
403 5775 783 5843 Illusomagensi
816 5773 1057 5827 Ecclesia
1086 5774 1298 5841 levitas,
1329 5776 1690 5844 presbyteros,

466 5868 730 5925 ParnoL.
799 5863 1031 5925 LXXI.

1820 4647 2262 4709 archidiaconus,
2322 4645 2683 4698 Primiceriunt
2712 4648 2902 4701 schola:
2941 4648 3244 4705 clarissima:
3277 4654 3413 4705 mili-

1821 4729 2001 4783 umque
2038 4718 2307 4772 lectorum.
2353 4718 2481 4770 Vide
2526 4718 2857 4772 Glossarium
2902 4720 3117 4787 Cangii,
3178 4736 3231 4774 et
3265 4725 3413 4776 Tho-

1822 4804 2115 4841 massmutu
2151 4788 2241 4841 ltb.
2274 4805 2343 4853 ιι,
2381 4789 2545 4853 partis
2578 4789 2599 4841 l
2642 4788 2949 4855 Disciplina:
2979 4798 3174 4845 eet-les.
3223 4795 3412 4847 Latine

1820 4861 1997 4921 edita),
2026 4874 2142 4925 pag.
2180 4859 2298 4912 105.
2327 4867 2590 4912 umerum
2619 4875 2733 4912 nios
2764 4863 2851 4914 ille
2893 4875 2985 4928 per
3011 4864 3303 4928 Scriptura:
3325 4879 3409 4915 sa-

1818 4945 1925 4981 crae
1970 4929 2226 4982 lectiones
2258 4945 2341 4983 res
2374 4929 2575 4981 futuras
2614 4931 2961 4994 explorandi,
3008 4932 3216 4983 solemn
3241 4949 3266 4985 s
3295 4944 3411 4986 erat

1821 5000 1930 5052 illis
1960 5000 2291 5065 temporibus
2312 5042 2324 5060 ,
2356 5000 2427 5051 uti
2450 5015 2514 5052 ex
2549 5000 2665 5051 aliis
2697 5002 2936 5067 Gregorii
2963 5002 3030 5053 Im
3051 5006 3093 5051 is
3122 5004 3411 5065 compluri-

1820 5070 1920 5122 bus
1953 5078 2115 5135 patet.
2151 5071 2241 5121 Sic
2272 5074 2430 5121 etiam
2459 5085 2633 5122 actum
2666 5072 2838 5122 fuerat
2864 5076 2918 5122 in
2950 5073 3211 5123 electione
3238 5073 3410 5126 sancti

1818 5140 2027 5192 Martini
2058 5141 2194 5204 apud
2234 5142 2492 5192 Severum
2526 5141 2856 5206 Sulpicium,
2890 5141 2941 5191 in
2980 5144 3096 5207 ejus
3130 5140 3243 5192 Vita
3288 5161 3408 5208 cap.

1780 5260 1783 5265 .
1817 5210 1870 5262 7.
1909 5211 2038 5263 Vide
2069 5224 2122 5264 et
2152 5211 2310 5261 vitam
2361 5212 2419 5264 S.
2452 5210 2778 5274 Consortiaa,
2815 5226 2961 5262 num.
2996 5215 3026 5262 tl
3059 5212 3196 5263 ἓως.
3243 5228 3256 5264 ι
3309 5213 3410 5268 lle-

1815 5280 1940 5334 ncd.
1972 5282 2035 5332 ad
2063 5297 2187 5333 anu.
2221 5279 2344 5333 578.

1891 5350 1909 5388 ί
1958 5352 2169 5419 ltegm.,
2203 5366 2347 5403 voces
2387 5348 2737 5420 psallentium.
2771 5350 2893 5417 Ed.,
2916 5352 3161 5405 satellites
3193 5357 3411 5410 audien-

1814 5432 1907 5475 τες.

1886 5501 1912 5539 ις
1953 5491 2035 5545 De
2068 5492 2169 5544 hoc
2197 5491 2261 5544 ad
2292 5506 2411 5561 cap.
2438 5490 2507 5545 43
2536 5490 2653 5545 libri
2690 5510 2726 5547 t.

1877 5561 1903 5599 Ιι
1951 5562 2081 5615 Vide
2112 5562 2388 5617 Fortunat.
2424 5562 2517 5616 lib.
2552 5577 2588 5616 lt
2620 5564 2754 5631 Vita:
2786 5565 2844 5620 S.
2890 5565 3105 5628 Hilarii,
3138 5582 3287 5623 num.
3314 5568 3347 5621 7

1884 5632 1899 5670 ί
1949 5634 2048 5690 Ed.
2077 5637 2277 5703 aliquot
2308 5644 2362 5689 et
2393 5635 2539 5695 llec.,
2571 5637 2767 5700 aliquid
2794 5638 3094 5704 spoliarent.

1878 5716 1892 5753 ι
1941 5707 2215 5770 Sic‘llec.;
2249 5710 2429 5759 metr-ri
2471 5724 2602 5761 mss.
2637 5720 2689 5761 et
2717 5710 2925 5777 aliquot
2965 5708 3078 5774 ed.,
3111 5707 3181 5761 ad
3220 5722 3402 5763 tonso:

1803 5775 2019 5831 landum
2047 5793 2169 5843 eos;
2201 5788 2321 5831 cant.
2351 5778 2437 5833 ed.
2472 5775 2848 5833 consulendum
2875 5782 2974 5833 eis.

2930 5870 2969 5929 8
