3994 6194
149 220 235 276 93‘!
1006 218 1315 275 HISTORIA
1361 219 1805 275 mancorum.
1849 220 2047 276 LIBER
2087 178 2465 282 ssetmnus.

3258 218 3365 271 233

150 350 175 387 a
212 332 416 387 Turonis
473 328 711 385 Parisios
740 332 887 386 venit
915 350 927 385 :
957 333 1133 400 ibique
1183 332 1489 387 cathedram
1540 347 1688 403 rcgm
1717 336 1765 394 Α
1794 335 1918 397 mei,
1950 342 2151 402 patrem
2179 349 2331 388 suum
2364 330 2763 399 insequebatur,
2796 326 2960 383 verbo
2990 326 3190 388 ferens,
3217 329 3359 396 quod

148 422 411 478 constituit.
448 420 524 474 Ibi
555 431 611 475 et
637 422 1001 477 Theudericus
1031 424 1098 476 ad
1128 438 1249 477 eum
1276 424 1443 479 venit.

214 514 427 570 XXXIX.
455 515 693 582 Denique
719 524 745 550 ι
771 515 1029 583 migrante
1052 515 1337 593 Eustochio
1358 515 1690 569 Turonorum

152 608 389 673 episcopo.
428 615 650 660 octavus
680 615 801 675 post
850 617 1092 660 sanctum
1134 606 1414 661 Martinum
1459 607 1693 661 Licinius

156 697 397 751 Turonicis
421 699 706 765 episcopus
754 698 1047 750 ordinatur.
1079 695 1247 767 Hujus
1295 706 1533 764 tempore
1580 696 1690 750 bel-

155 788 243 839 lunt
269 790 495 853 superius
517 788 630 856 96
654 788 912 855 scriptum
938 795 1144 855 gestum
1172 795 1275 840 est.
1295 786 1357 839 Et
1379 785 1535 854 hujus
1563 795 1697 839 tem-

156 893 263 944 pore
283 875 678 931 Chlodovechus
722 893 817 930 rex
845 876 1076 929 Turonis
1106 875 1271 931 venit.
1306 875 1403 929 llic
1432 875 1599 929 fertur
1642 876 1694 929 in

152 970 340 1022 Oriente
362 968 542 1036 fuisse,
572 984 635 1022 ac
682 969 798 1023 loca
827 969 1073 1022 visitasse
1119 975 1449 1033 sanctorum,
1501 967 1697 1036 ipsam-

150 1074 239 1125 que
264 1058 444 1111 adiisse
476 1058 924 1126 Hierosolymam,
958 1065 1013 1110 et
1041 1057 1155 1110 loca
1200 1056 1466 1124 passionis
1496 1069 1560 1109 ac
1612 1069 1699 1110 re-

148 1149 456 1201 surrectionis
482 1148 798 1214 dominicas,
850 1164 969 1218 quae
999 1148 1052 1201 in
1100 1147 1399 1217 Evangeliis
1446 1147 1695 1217 legimus,

149 1253 274 1305 sape
310 1239 512 1292 vidisse.

211 1326 311 1379 XL.
341 1324 463 1379 Cum
490 1335 669 1380 autem
699 1324 1107 1380 Chlodovecbus
1137 1340 1230 1380 rex
1285 1325 1425 1393 apud
1470 1324 1701 1381 Parisios

149 1424 435 1479 moraretur,
466 1417 611 1470 misit
640 1417 778 1469 clam
826 1416 893 1468 ad
939 1416 1105 1468 filium
1149 1415 1421 1484 Sigiberti,
1463 1415 1696 1470 dicens:

150 1508 267 1561 Ecce
291 1518 430 1575 pater
458 1518 579 1559 tuus
606 1507 805 1570 senuit,
835 1514 890 1560 et
918 1506 1055 1575 pede
1101 1506 1263 1559 debili
1307 1505 1593 1561 claudicat.
1644 1505 1699 1560 Si

150 1600 241 1663 ille,
272 1600 446 1667 inquit,
465 1608 782 1664 moreretur,
813 1608 959 1653 recte
988 1600 1079 1652 tibi
1106 1614 1227 1653 cum
1256 1600 1491 1653 amicitia
1519 1609 1701 1654 nostra

1794 438 1894 492 ego
1919 440 2037 478 eum
2066 424 2368 479 interficere
2389 424 2565 476 velim.
2588 421 2824 489 Cumque
2846 420 2933 474 ille
2954 433 3046 489 per
3074 419 3359 473 Buconiam

1796 512 1981 566 silvam
2005 514 2227 581 fugeret,
2254 511 2505 565 immissis
2525 524 2682 578 super
2705 524 2824 563 eum
2850 508 3183 571 latrunculis,
3204 508 3363 561 morti

1796 600 2014 655 tradidit
2043 612 2099 657 et
2129 602 2342 656 occidit.
2388 601 2505 671 Ipse
2528 615 2736 669 quoque
2780 599 2904 652 dum
2936 598 3215 652 thesauros
3252 598 3364 667 ejus

1797 694 1984 761 aperit,
2017 707 2047 746 a
2077 694 2255 748 nescio
2275 706 2380 763 quo
2407 706 2688 760 percussus
2714 690 2928 745 interiit.
2960 689 3065 745 Sed
3088 690 3140 743 in
3164 690 3244 743 his
3271 705 3371 759 ego

1798 802 2132 856 nequaquam
2163 789 2411 842 conscius
2440 802 2580 841 sum.
2613 786 2721 840 Nec
2746 786 2889 840 enim
2923 799 3136 854 possum
3159 786 3371 854 sangui-

1800 889 1923 928 nem
1955 884 2235 945 parentum
2266 890 2508 930 meorum
2538 874 2810 929 effundere
2844 892 2856 927 :
2889 874 3029 943 quod
3059 874 3170 929 fieri
3222 875 3372 929 nefas

1799 974 1899 1020 est.
1923 965 2026 1020 Sed
2050 966 2171 1035 quia
2197 965 2311 1020 ltzec
2334 975 2645 1030 evenerunt,
2669 965 2944 1019 consilium
2966 965 3115 1019 vobis
3140 966 3370 1032 praeben,

1799 1055 1842 1108 si
1874 1055 2085 1109 videtur
2113 1064 2411 1124 acceptum,
2444 1055 2814 1110 convertimini
2838 1055 2903 1109 ad
2927 1070 3034 1119 me,
3067 1064 3124 1108 ut
3142 1055 3241 1107 sub
3256 1070 3373 1109 mea

1800 1143 1918 1197 sitis
1946 1144 2279 1199 defensione.
2310 1146 2378 1198 At
2435 1144 2512 1198 illi
2563 1145 2662 1198 ista
2712 1144 3008 1208 audientes,
3064 1144 3375 1213 plaudentes

1804 1248 1908 1293 tam
1937 1239 2137 1308 parmis
2168 1249 2191 1277 ο
2221 1252 2377 1307 quam
2428 1237 2679 1305 vocibus,
2724 1252 2846 1292 eum
2894 1236 3082 1307 clypeo
3127 1245 3370 1291 evectum

1801 1343 1963 1397 super
1990 1344 2051 1384 se
2098 1344 2277 1400 regem
2331 1329 2681 1384 constituunt.
2733 1327 3079 1398 Regnumque
3126 1327 3375 1398 Sigiberti

1803 1430 2079 1489 acceptum
2112 1434 2231 1475 cum
2264 1420 2566 1484 thesauris,
2598 1419 2740 1487 ipsos
2785 1432 2993 1487 quoque
3038 1433 3151 1474 sua:
3192 1419 3376 1473 ditioni

1803 1511 2010 1565 ascivit.
2044 1509 2423 1564 Prosternebat
2449 1510 2590 1564 enim
2617 1508 2852 1579 quotidie
2880 1509 3018 1564 Deus
3049 1509 3228 1563 hostes
3254 1508 3374 1578 ejus

1803 1601 1903 1653 sub
1933 1615 2093 1654 manu
2123 1600 2313 1669 ipsius,
2344 1607 2399 1653 et
2427 1598 2658 1668 augebat
2704 1613 2923 1668 regnum
2955 1598 3088 1668 ejus,
3131 1612 3198 1653 eo
3238 1598 3378 1667 quod

154 1706 344 1758 regnum
373 1691 513 1745 illius
539 1690 878 1745 redderetur.
909 1689 1024 1756 Qua
1052 1690 1143 1745 ille
1171 1692 1463 1759 cupiditate
1509 1691 1702 1747 seduc-
1732 1706 1782 1764 Β
1810 1691 2111 1749 ambularet
2138 1698 2285 1745 recto
2314 1689 2474 1745 corde
2499 1704 2680 1745 coram
2702 1704 2789 1756 eo,
2817 1699 2872 1745 et
2899 1691 3098 1747 faceret
3116 1705 3232 1761 qua:
3261 1690 3379 1761 pla-

154 1792 240 1847 tus,
271 1794 461 1852 patrem
490 1784 709 1836 molitur
737 1782 1002 1838 occidere.
1034 1782 1275 1852 Cumque
1321 1783 1409 1837 ille
1449 1798 1700 1852 egressus

154 1874 209 1927 de
230 1873 434 1928 Colonia
455 1875 692 1938 civitate,
719 1881 984 1928 transacto
1006 1873 1217 1937 Rheno,
1250 1888 1342 1941 per
1364 1873 1650 1928 Buconiam
1670 1872 1698 1912 δ

155 1969 314 2019 silvam
341 1966 614 2019 ambulare
644 1966 978 2033 disponeret,
1009 1965 1228 2018 meridie
1259 1966 1311 2019 in
1343 1967 1573 2019 tentorio
1601 1978 1701 2019 suo

153 2058 480 2120 obdormiens,
508 2055 761 2110 immissis
786 2071 945 2124 super
967 2071 1086 2110 eum
1108 2056 1249 2110 filius
1271 2055 1697 2124 percussoribus,

153 2164 253 2202 eum
278 2148 461 2203 ibidem
494 2146 783 2211 interfecit,
819 2155 1067 2215 tanquam
1118 2162 1343 2215 regnum
1386 2146 1528 2201 illius
1576 2162 1702 2215 pos-

154 2252 380 2292 sessurus.
408 2238 511 2294 Sed
538 2238 743 2307 judicio
769 2236 860 2291 Dei
886 2238 937 2291 in
968 2237 1192 2301 foveam,
1225 2254 1383 2301 quant
1412 2238 1547 2308 patri
1580 2239 1703 2293 hos-

156 2327 287 2381 t.liter
312 2326 472 2393 fodit,
505 2326 715 2381 incidit.
746 2326 887 2380 Misit
916 2327 1075 2395 igitur
1105 2326 1318 2381 nuntios
1359 2327 1425 2380 ad
1470 2327 1703 2382 Chlodo-

158 2419 347 2474 verhum
390 2436 593 2489 regem,
627 2419 695 2473 de
744 2419 909 2488 patris
951 2418 1099 2472 obitu
1156 2419 1487 2485 nuntiantes,
1543 2428 1703 2490 atque

159 2508 397 2564 dicentes:
432 2510 595 2563 Pater
626 2524 775 2563 meus
805 2518 1045 2563 mortuus
1076 2517 1178 2572 est,
1208 2518 1259 2563 et
1304 2524 1403 2578 ego
1428 2511 1705 2565 thesauros

160 2614 253 2653 cum
292 2617 447 2669 regno
475 2601 594 2667 ejus
624 2613 786 2668 penes
817 2615 902 2654 me
936 2598 1125 2653 habeo.
1159 2598 1335 2670 Dirige
1366 2607 1485 2653 tuos
1505 2600 1571 2654 ad
1595 2616 1701 2669 me,

163 2702 203 2743 et
224 2706 276 2746 ea
308 2708 418 2762 quae
449 2692 546 2747 tibi
580 2692 649 2747 de
679 2690 942 2747 thesauris
972 2691 1115 2744 illius
1148 2691 1378 2758 placent,
1430 2692 1568 2745 bona
1612 2705 1705 2745 vo-

164 2782 330 2837 luntate
368 2783 750 2837 transmittam.
798 2781 863 2836 Et
910 2781 1000 2836 ille
1031 2800 1044 2836 :
1075 2781 1315 2846 Gratias,
1362 2782 1557 2851 inquit,
1603 2790 1706 2837 tua:

165 2874 379 2928 voluntati
407 2890 532 2944 ago,
560 2882 616 2928 et
639 2888 767 2940 rogo
790 2882 845 2927 ut
874 2872 1208 2928 venientibus
1256 2871 1452 2926 nosuis
1500 2871 1707 2940 patefa-

163 2966 267 3028 cias,
294 2978 477 3019 cuncta
529 2964 645 3034 ipse
676 2963 927 3031 deinceps
958 2976 1319 3032 possessurus.
1361 2962 1563 3027 Quibus
1618 2976 1707 3016 ve-

1802 1784 1906 1840 cita
1934 1792 2088 1839 erant
2117 1785 2168 1838 in
2199 1783 2369 1840 oculis
2397 1781 2538 1853 ejus.

1874 1875 2013 1929 XLI.
2068 1874 2313 1928 Posthaec
2356 1874 2425 1927 ad
2475 1872 2819 1927 Chararicum
2868 1887 3045 1942 regem
3095 1869 3122 1909 ἀ
3170 1872 3374 1943 dirigit.

1804 1963 2028 2030 Quando
2055 1973 2232 2017 autem
2259 1976 2379 2016 cum
2411 1961 2619 2031 Siagrio
2650 1963 2920 2031 pugnavit,
2948 1963 3035 2016 hic
3060 1960 3379 2018 Chararicus

1803 2062 2055 2111 evocatus
2075 2053 2141 2108 ad
2164 2054 2416 2107 solatium
2438 2052 2546 2125 [ΑΙ.
2571 2053 2846 2125 auxilium]
2868 2052 3224 2109 Chlodovechi
3248 2055 3381 2109 emi-

1806 2161 1908 2201 nus
1935 2144 2115 2209 stetit,
2146 2154 2386 2198 neutram
2415 2143 2673 2212 adjuvam
2704 2155 2904 2213 partem
2932 2186 2947 2209 ,
2987 2146 3079 2200 sed
3132 2152 3380 2200 eventum

1807 2241 1887 2295 rei
1919 2248 2263 2308 exspectans,
2291 2248 2347 2293 ut
2378 2239 2463 2293 cui
2492 2239 2729 2293 eveniret
2757 2239 2996 2302 victoria,
3026 2255 3145 2294 cum
3194 2240 3285 2294 illo
3329 2250 3382 2296 et

1808 2331 1895 2386 hic
1921 2329 2207 2385 amicitiam
2225 2330 2521 2399 colligaret.
2549 2330 2628 2385 0b
2656 2331 2791 2383 hanc
2812 2345 3024 2384 causam
3051 2342 3235 2386 contra
3259 2346 3383 2386 eum

1808 2423 2092 2491 indignans
2119 2420 2527 2475 Chlodovechus
2556 2419 2710 2483 abiit,
2760 2434 2916 2489 quem
2961 2421 3383 2475 circumventum

1810 2513 1945 2568 dolis
1971 2512 2111 2582 cepit
2137 2526 2258 2567 cum
2288 2511 2417 2577 filio,
2449 2512 2761 2579 vinctosque
2790 2512 3039 2577 totondit,
3089 2519 3144 2565 et
3182 2510 3385 2565 Chara-

1811 2605 1977 2659 ricum
1998 2604 2214 2672 quidem
2243 2604 2638 2673 presbyterum,
2672 2603 2834 2657 lilium
2874 2616 3002 2656 veto
3045 2601 3163 2670 ejus
3205 2602 3386 2656 diaco-

1814 2711 1935 2750 nem
1961 2695 2194 2749 ordinari
2220 2695 2394 2763 jubet.
2422 2694 2669 2763 Cumque
2694 2694 2806 2763 98
2834 2691 3151 2746 Chararicus
3178 2693 3244 2747 de
3290 2695 3387 2747 hu-

1814 2786 2038 2841 militate
2063 2800 2157 2839 sua
2180 2794 2597 2855 conquereretur
2616 2794 2669 2838 et
2690 2786 2862 2850 fleret,
2887 2784 3024 2837 filius
3047 2784 3161 2852 ejus
3188 2783 3386 2839 dixisse

1814 2877 1983 2934 fertur
2015 2895 2027 2929 :
2062 2876 2121 2931 In
2151 2876 2327 2941 viridi,
2358 2875 2545 2943 inquit,
2593 2874 2736 2944 ligno
2780 2875 2861 2928 lite
2905 2873 3118 2927 frondes
3163 2876 3387 2927 succisa:

1815 2978 1936 3023 sunt
1958 3008 1971 3029 ,
2005 2981 2104 3022 nec
2134 2966 2354 3021 omnino
2398 2973 2669 3031 arescunt,
2700 2965 2791 3018 sed
2840 2964 3088 3017 velociter
3116 2971 3388 3033 emergent

164 3056 395 3111 aientibus
420 3059 526 3110 iste
555 3055 724 3124 patris
769 3053 1047 3109 thesauros
1080 3052 1282 3122 pandit.
1324 3051 1423 3119 Qui
1470 3050 1596 3105 dum
1628 3049 1708 3104 di-

1823 3070 1879 3115 ut
1904 3073 2149 3115 crescere
2170 3066 2407 3126 queant:
2456 3057 2655 3110 utinam
2701 3066 2803 3110 tam
2852 3056 3105 3110 velociter
3142 3056 3230 3124 qui
3276 3056 3389 3108 haec

166 3161 289 3201 versa
316 3151 672 3217 reSpicerent,
703 3146 778 3201 ait
808 3161 822 3200 :
859 3146 912 3200 In
965 3145 1105 3200 huic
1156 3144 1465 3198 arcellulam
1519 3141 1710 3197 solitus

165 3249 253 3292 erat
282 3252 416 3309 pater
444 3255 606 3294 meus
636 3237 954 3291 numismata
983 3236 1095 3289 auri
1122 3249 1431 3304 congerere.
1455 3233 1709 3300 Immitte,

167 3332 373 3402 inquiunt
402 3335 498 3399 illi,
554 3346 770 3387 manum
828 3341 971 3383 tuam
1024 3342 1191 3397 usque
1236 3328 1304 3382 ad
1361 3326 1604 3391 fundum,
1657 3336 1715 3381 ut

168 3434 320 3477 cuncta
338 3424 595 3494 reperias.
623 3423 727 3492 97
752 3420 902 3488 Quod
925 3434 1044 3474 cum
1070 3419 1306 3483 fecisset,
1330 3426 1542 3474 etesset
1561 3417 1715 3473 valde

169 3513 388 3581 declinus,
420 3530 559 3571 unus
590 3514 794 3569 elevata
827 3527 984 3566 manu
1028 3511 1313 3580 bipennem
1346 3508 1571 3564 cerebro
1596 3507 1715 3577 ejus

172 3603 287 3657 illisit
314 3615 399 3660 :et
425 3607 502 3660 sic
534 3618 660 3673 quae
690 3603 741 3657 in
767 3612 967 3671 patrem
995 3610 1177 3671 egi-rat
1198 3600 1443 3670 indignus
1470 3599 1713 3653 incurrit.

171 3692 290 3757 Quod
308 3696 521 3750 audiens
546 3692 980 3756 Chlodovechus,
1006 3691 1147 3761 quod
1172 3692 1380 3746 scilicet
1402 3690 1715 3747 interfectus

172 3794 287 3837 esset
310 3784 601 3854 Sigibertns
629 3792 683 3838 et
713 3783 854 3838 filius
879 3785 1020 3853 ejus,
1053 3784 1104 3837 in
1136 3783 1381 3837 eumdem
1405 3783 1580 3838 locum
1619 3783 1719 3838 ad-

176 3878 381 3939 veniens,
408 3885 677 3933 convocat
703 3891 915 3931 omnem
960 3876 1211 3945 pupulum
1260 3876 1431 3942 illum,
1481 3876 1714 3932 dicens:

177 3968 335 4023 Audite
358 3971 480 4039 quid
510 3969 827 4038 contigerit.
860 3968 991 4021 Dum
1022 3982 1140 4036 ego,
1190 3967 1381 4035 inquit,
1430 3981 1529 4036 per
1570 3967 1720 4021 Scal-

177 4058 273 4112 dent
299 4060 501 4115 ﬂuvium
522 4062 860 4131 navigarem,
892 4058 1260 4123 Chlodericus,
1294 4058 1436 4113 filius
1481 4057 1720 4128 parentis

176 4211 290 4268 idem
317 4216 465 4271 luerit
490 4231 620 4272 esse
649 4218 924 4271 consulem
953 4231 1015 4270 ac
1042 4217 1443 4283 imperatorem,
1493 4224 1567 4275 et,
1614 4223 1723 4269 tes-

178 4292 294 4355 tante
318 4287 641 4355 Theophane
672 4287 724 4339 in
756 4286 974 4340 historia
1004 4286 1258 4349 M-scella,
1291 4300 1412 4353 cap.
1448 4283 1533 4345 l5,
1563 4283 1723 4355 Zatus

177 4350 394 4425 latorum
418 4350 533 4422 rex,
559 4357 892 4425 imperatorii
917 4356 1147 4410 nomiu'is
1166 4350 1435 4409 consortio
1458 4370 1485 4405 a
1510 4354 1722 4408 Iustino

1818 3153 1967 3218 fecit,
1998 3153 2245 3206 intereat.
2277 3150 2429 3217 Quod
2460 3151 2678 3204 verbum
2710 3149 2886 3202 sonuit
2935 3150 2987 3202 in
3028 3163 3185 3203 aures
3223 3149 3390 3201 Chio-

1816 3243 2063 3309 dovecbi,
2095 3241 2232 3310 quod
2265 3240 2472 3295 sci'icet
2498 3240 2830 3294 minarentur
2870 3239 2969 3292 sibi
3017 3238 3290 3292 czesariem
3322 3238 3389 3290 ad

1818 3334 2171 3391 crescendum
2198 3334 2397 3397 laxare,
2428 3332 2709 3401 ipsumque
2731 3332 3049 3387 interficere.
3076 3333 3144 3385 At
3165 3331 3253 3385 ille
3277 3330 3389 3399 jus-

1818 3427 1890 3483 sit
1918 3443 2013 3482 eos
2045 3430 2241 3495 pariter
2268 3427 2443 3493 capite
2470 3425 2649 3494 plecti.
2675 3425 2879 3492 Quibus
2899 3424 3145 3487 mortuis,
3174 3440 3392 3493 regnum

1820 3531 2008 3573 eorum
2040 3531 2159 3570 cum
2194 3517 2460 3571 thesauris
2487 3522 2543 3569 et
2574 3515 2766 3583 populo
2795 3513 3093 3580 acquisivit.

1894 3608 2055 3663 XLII.
2088 3609 2215 3662 Erat
2243 3617 2419 3662 autem
2449 3616 2575 3661 tunc
2626 3606 3024 3675 Ragnachatius
3057 3616 3079 3644 ι·
3113 3621 3204 3661 rex
3252 3606 3390 3674 apud

1821 3696 2196 3763 Camaracum,
2234 3708 2340 3752 tam
2371 3696 2592 3753 effrenis
2621 3696 2674 3751 in
2703 3697 2935 3760 luxuria,
2965 3705 3022 3754 ut
3053 3696 3136 3750 vix
3168 3697 3247 3750 vel
3277 3712 3393 3763 pro-

1825 3788 2037 3858 pinquis
2084 3790 2301 3857 quidem
2351 3789 2663 3858 parentibus
2709 3788 3029 3856 indulgeret.
3077 3788 3125 3841 Is
3171 3787 3394 3844 habebat

1824 3882 2117 3936 Farronem
2147 3877 2739 3942 'consiliariunt,simili
2760 3879 3012 3947 spurcitia
3036 3878 3349 3932 lutulentum
3378 3898 3390 3932 :

1824 3971 1893 4025 de
1918 3986 2025 4041 quo
2057 3970 2254 4036 fertur,
2289 3984 2409 4024 cum
2451 3967 2649 4037 aliquid
2699 3977 2790 4021 aut
2828 3968 2953 4032 cibi,
2998 3977 3091 4021 aut
3132 3969 3392 4033 muneris,

1825 4063 1906 4117 vel
1928 4061 2217 4131 cujuslibet
2242 4076 2316 4114 ret
2342 4058 2452 4128 regi
2472 4057 2688 4111 allatum
2713 4058 2918 4123 fuisset,
2940 4057 3118 4113 dicere
3137 4059 3349 4112 solitum
3378 4076 3395 4113 :
3452 4076 3461 4087 ’

1895 4217 1924 4257 δ
1962 4217 2064 4272 Alii
2105 4224 2158 4271 et
2188 4215 2341 4281 infra,
2372 4213 2703 4269 Burconiam.
2739 4212 2969 4267 Buconia
2998 4213 3127 4269 silva
3165 4215 3396 4272 celebris

1826 4287 2164 4358 postmodum
2206 4286 2297 4341 fuit
2326 4286 2396 4341 ob
2440 4296 2816 4358 monasterum
2849 4283 3132 4358 Enldcnse,
3161 4289 3298 4353 quod
3322 4287 3395 4340 ibi

1825 4354 1891 4414 ad
1923 4358 2139 4411 Fuldatn
2168 4371 2376 4411 amnem
2403 4355 2638 4410 condidit
2662 4354 2717 4409 S.
2752 4354 3049 4408 Bonifacius
3094 4356 3397 4409 Germania:

179 4420 456 4498 imperatore
488 4420 738 4491 obtentu,
768 4440 1017 4498 coronam
1066 4434 1248 4493 postea
1290 4440 1341 4477 et
1382 4425 1715 4498 chlamydem
1747 4439 1798 4498 ι)
1823 4429 2118 4494 apostolus,
2146 4426 2590 4498 archiepiscopus
2611 4425 2942 4498 Moguntinus
2970 4432 3025 4498 et
3069 4435 3269 4498 martyr
3296 4442 3398 4481 sm-

180 4490 531 4567 impegttoriam
566 4490 876 4567 gestaverit.
911 4490 1148 4567 Valesius
1176 4506 1352 4567 autem
1384 4495 1519 4548 libro
1536 4490 1582 4547 vi
1612 4495 1712 4567 Re-

180 4575 272 4633 rum
299 4564 496 4630 Franc.,
526 4564 755 4620 consulis
780 4566 994 4620 nomine
1023 4567 1106 4619 hic
1132 4564 1353 4632 intelligi
1383 4574 1523 4633 putat
1553 4565 1716 4632 patri-

181 4630 311 4705 ciatus
333 4636 669 4705 dignitatem,
704 4652 822 4705 qum
855 4646 1035 4704 postea
1066 4635 1133 4689 ad
1176 4630 1716 4705 Carolumdlagnum

181 4699 321 4772 delata
346 4699 454 4758 fuit.
480 4699 798 4759 Favet'huic
823 4699 1099 4760 sententia:
1129 4706 1310 4759 titulus
1340 4704 1529 4772 capitis
1557 4699 1609 4757 in
1638 4706 1719 4759 in-

181 4770 274 4844 dice
295 4776 440 4827 etiam
474 4777 954 4831 vetustissimorum
985 4776 1224 4829 codicum
1244 4817 1256 4836 ,
1287 4775 1376 4844 qui
1408 4770 1485 4828 sic
1535 4775 1715 4836 habet,

184 4838 241 4891 De
257 4845 505 4909 patriciam
532 4846 832 4900 Chlodovei.
867 4847 1030 4899 Porro
1054 4847 1117 4897 ad
1151 4838 1348 4899 nostra:
1385 4847 1553 4898 Sancti
1583 4846 1717 4898 Ger-

184 4912 348 4984 mania
378 4914 544 4969 Pratis
597 4916 831 4969 basilica:
880 4915 1097 4984 januatn
1150 4916 1407 4983 umjorem
1436 4922 1723 4983 supersunt

184 4981 310 5032 etiam
352 4999 484 5039 nunc
531 4996 743 5039 veteres
810 4981 1007 5053 aliquot
1062 4981 1244 5053 regum
1298 4981 1723 5051 pritutestirpis

186 5055 357 5124 tiatur,
377 5071 489 5121 quae
509 5057 610 5108 sub
630 5056 922 5109 Chlodovei
951 5058 1229 5124 nepotibus
1247 5056 1468 5121 sculpta:
1491 5058 1720 5117 luerunt,

189 5127 297 5193 inter
319 5138 442 5190 quas
468 5135 643 5179 exstat
670 5142 773 5179 una
795 5126 1160 5180 Ch'odoveum
1191 5134 1580 5191 reprmsentaus
1604 5139 1723 5177 ves-

190 5192 387 5264 timentis
410 5197 781 5250 consularibus
809 5197 1142 5261 redimitum,
1172 5213 1293 5250 cum
1325 5200 1512 5250 bacqu
1558 5195 1722 5264 hypa—

190 5263 457 5334 ltco,_quem
484 5280 644 5319 manu
674 5277 866 5334 gestat.

244 5338 266 5363 ⁸
291 5329 389 5385 Hoc
413 5345 567 5402 caput
589 5329 744 5389 dee'st
770 5339 822 5388 in
857 5337 1056 5392 Bellov.
1085 5346 1139 5391 et
1163 5337 1325 5392 Corb.
1355 5337 1412 5391 In
1442 5336 1593 5390 Colb.
1623 5349 1720 5387 au-

192 5402 276 5478 tem
300 5402 504 5478 habetur
531 5406 635 5478 alia
669 5420 848 5478 manu,
874 5409 1118 5478 quamvis
1146 5410 1384 5476 antiqua,
1409 5408 1459 5459 in
1486 5407 1723 5473 margine

192 5464 494 5546 (ξαέἷῖβιμω.
529 5476 738 5546 [ὶιεειιιζ
766 5464 846 5529 sic
873 5464 1050 5543 liabet,
1081 5464 1383 5546 Denique...
1408 5487 1582 5530 octavo
1602 5464 1723 5542 post

269 5532 526 5619 κιξηῂηιηι
557 5532 669 5619 ιοξο
700 5544 1013 5616 Theodorus,
1038 5532 1148 5619 'etc,
1176 5532 1271 5601 Hic
1296 5557 1476 5603 tamen
1502 5532 1621 5601 aliis
1670 5547 1723 5600 itt

198 5602 303 5659 locis
321 5608 516 5681 dicitur,
539 5624 600 5668 ut
630 5616 685 5669 iu
712 5619 914 5673 caeteris
941 5602 1091 5674 codd.
1119 5618 1365 5673 Licinius.

1823 4500 1944 4565 culo
1972 4507 2181 4552 octavo.
2217 4498 2343 4550 Erat
2371 4502 2530 4550 etiam
2564 4495 2788 4548 Buronia
2816 4496 2944 4548 silva
2982 4495 3120 4565 haud
3153 4498 3333 4563 procul
3365 4513 3397 4553 a

1817 4569 2038 4623 Colonia
2089 4568 2392 4637 Agrippina,
2431 4581 2549 4635 qure
2592 4565 2805 4634 propior
2850 4564 3025 4620 Scaldi
3073 4565 3236 4620 fluvio
3283 4579 3400 4623 erat

1819 4654 1983 4709 quam,
2011 4640 2263 4709 Buconia.

1896 4719 1917 4746 ο
1952 4708 2090 4761 Editi
2126 4708 2364 4776 plerique
2410 4720 2528 4760 cum
2561 4705 2709 4768 Bec..
2754 4706 2955 4773 palmis,
3004 4705 3186 4761 Gallos
3229 4710 3397 4763 armis

1821 4792 2143 4846 concrepare
2154 4778 2491 4846 consuevisse
2504 4790 2622 4829 cum
2637 4776 2786 4829 ducis
2799 4777 2879 4829 sui
2897 4777 3193 4831 orationem
3216 4792 3402 4842 appro.

1825 4845 2032 4909 harent,
2062 4848 2313 4901 observat
2358 4845 2595 4899 Valesius
2623 4861 2684 4898 ex
2721 4847 2808 4900 lib.
2840 4861 2911 4898 vn
2940 4846 3239 4900 Comment.
3273 4846 3397 4900 Julii

1829 4918 2051 4971 Caesaris
2090 4916 2157 4969 de
2189 4916 2327 4969 bello
2351 4914 2572 4969 Gallico.
2599 4915 2741 4968 Idem
2764 4915 2917 4969 habet
2940 4915 3151 4968 Tacitus
3173 4918 3238 4968 de
3268 4917 3401 4968 Ger-

1829 4988 2017 5048 manis,
2047 4996 2099 5039 et
2128 4987 2437 5039 Ammianus
2464 4986 2793 5038 Marcellinus
2819 4988 2883 5035 de
2913 4984 3184 5037 Rutnanis.

1898 5054 1925 5093 ά
1956 5056 2011 5109 In
2056 5058 2301 5107 munibus
2329 5056 2492 5107 ferme
2522 5069 2649 5106 mss.
2678 5054 2829 5105 deest
2884 5054 2997 5103 haec
3044 5068 3164 5113 vox,
3210 5069 3397 5121 regem.

1830 5126 1924 5180 llic
1952 5140 2128 5177 tamen
2160 5125 2294 5176 intra
2340 5140 2559 5191 regnum
2599 5121 3095 5191 habuissetlit-itur.
3140 5122 3404 5175 Malbrau-

1828 5211 1922 5250 cus
1947 5197 2037 5248 lib.
2076 5210 2135 5260 tt,
2164 5210 2280 5261 cap.
2315 5190 2421 5258 58,
2462 5192 2802 5247 Cltaraiicutn
2856 5190 3176 5246 Morinorum
3225 5209 3403 5263 regem

1829 5266 2031 5320 laudat.

1904 5346 1927 5372 ο
1962 5335 2116 5393 Bell.,
2170 5332 2481 5401 Ragnarius.
2538 5333 2747 5397 llegm.,
2802 5329 3173 5385 Ranae/carius.
3226 5333 3403 5402 Colb.,

1832 5404 2204 5468 Raqenharius.
2252 5408 2406 5469 lteg.,
2436 5402 2836 5470 Ri’gnacharius.

1906 5474 1924 5511 r
1959 5475 2061 5527 Alii
2091 5488 2209 5526 cum
2239 5468 2421 5533 Corb.,
2454 5468 2743 5534 Faronem;
2777 5471 3035 5532 nnnnulli,
3070 5471 3406 5528 lerronem.

1836 5546 1909 5599 De
1939 5544 2233 5597 Faronibus
2260 5542 2380 5598 vide
2407 5542 2542 5597 infra
2577 5550 2730 5595 notas
2781 5544 2832 5596 itt
2881 5555 2999 5612 cap.
3050 5543 3113 5596 41
3157 5544 3409 5601 Chronici

1837 5614 2161 5684 Fredegarii.
