3994 6194
526 264 626 316 959

1510 248 1570 302 s.
1612 242 1940 301 GREGORII
1983 236 2291 296 EPISCOPI
2333 218 2762 292 TURONENSIS

3684 218 3789 271 2w

529 374 636 428 lloc
665 370 765 426 sibi
796 381 997 436 suoque
1024 362 1242 418 Farroni
1268 360 1532 415 sufficere.
1562 360 1664 414 Pro
1687 374 1789 428 qua
1818 372 1879 412 re
1900 352 2092 411 Franci
2124 352 2171 411 A
2201 359 2328 405 runt
2346 358 2521 401 autem
2552 341 2840 413 supradicti
2866 352 3040 407 rcges,
3089 334 3384 436 propinqui
3418 331 3580 436 hujus
3608 346 3623 383 ε
3655 345 3788 433 quo-

529 463 759 514 tnaxlma
782 454 1142 526 indignatione
1166 452 1463 506 tumehant.
1490 449 1642 505 Unde
1671 450 1865 503 factum
1908 457 2012 513 est,
2042 455 2100 500 ut

529 550 669 604 datis
697 548 874 603 aureis
898 544 998 599 sibi
1045 552 1071 580 ⁸
1101 541 1344 604 armillis,
1378 541 1457 596 vel
1507 539 1752 602 baltheis,
1796 538 2099 594 Chlodove-

529 640 680 704 chus,
710 648 802 693 seu
831 645 996 690 tntum
1027 633 1374 688 assimilatum
1405 645 1536 686 auro
1567 630 1704 701 (erat
1732 629 1872 685 enim
1897 642 2098 685 meum

530 733 840 787 tleauratum
863 729 960 782 sub
995 725 1118 780 dolo
1159 722 1402 793 factum),
1452 723 1565 778 Itzec
1607 722 1757 777 dedit
1796 722 2042 778 Iendibus
2072 720 2100 760 δ

530 823 668 890 ejus,
692 827 751 874 ut
784 833 946 888 super
974 831 1095 873 eum
1127 816 1440 871 invitaretur
1469 823 1517 868 ο.
1554 814 1718 869 Porro
1741 827 1863 868 cum
1891 812 2102 870 exerci-

530 923 643 965 tum
672 915 857 965 contra
887 922 1007 962 eum
1055 906 1456 967 commovisset,
1504 913 1559 957 et
1604 903 1697 958 ille
1737 902 2101 971 Speculatores

532 1001 845 1070 plerumque
872 997 937 1051 ad
979 995 1405 1063 cognoscendum
1438 992 1841 1058 transmitteret,
1869 993 2102 1047 reversis

530 1087 731 1143 nuntiis
757 1086 1065 1153 interrogat,
1095 1097 1250 1150 quam
1274 1081 1443 1135 valida
1465 1081 1578 1136 haec
1603 1096 1792 1137 manus
1815 1082 1972 1137 foret.
2001 1082 2103 1150 Qui

530 1177 921 1248 responderunt
967 1173 1131 1228 :Tibi
1179 1184 1375 1242 tuoque
1420 1172 1645 1226 Farroni
1688 1173 1977 1228 maximum
2022 1182 2106 1228 est

531 1273 979 1342 supplementum.
999 1266 1232 1322 Veniens
1255 1277 1431 1320 autem
1455 1262 1885 1330 Cblodovechus,
1905 1265 2104 1321 bellum

531 1371 716 1419 contra
741 1375 861 1416 eum
890 1356 1123 1415 instruit.
1172 1359 1240 1411 At
1268 1356 1358 1411 ille
1385 1355 1651 1411 devictum
1682 1370 1909 1410 cernens
1953 1370 2108 1411 exer-

533 1455 693 1508 citum
726 1466 902 1517 suum,
938 1450 1058 1517 fuga
1088 1447 1193 1503 labi
1223 1453 1374 1516 parat
1405 1463 1419 1499 :
1450 1446 1543 1502 sed
1574 1446 1643 1501 ab
1670 1447 1904 1502 exercitu
1954 1461 2105 1501 com-

534 1542 850 1613 prehensus,
884 1554 948 1596 ac
975 1540 1151 1610 ligatis
1184 1547 1304 1607 post
1341 1547 1544 1607 tergum
1586 1536 1853 1600 manibus,
1886 1537 1937 1591 in
1981 1552 2108 1592 con-

535 1623 720 1702 spectu
748 1628 1110 1685 Cltlodovecbi
1139 1641 1242 1682 una
1294 1642 1414 1682 cum
1465 1627 1717 1682 Richario
1748 1625 1774 1664 ά
1803 1627 1968 1683 fratre
2011 1643 2107 1683 suo

2202 458 2320 496 rum
2345 442 2527 502 frater,
2559 433 2891 506 liignomeris
2924 442 2947 469 ε
2978 429 3213 495 nomine,
3245 427 3386 496 apud
3419 422 3785 481 Cenomanuis

2204 534 2491 594 civitatem,
2528 544 2594 583 ex
2620 528 2773 596 jussu
2802 520 3162 577 Cblodovecbi
3194 518 3500 573 interfectus
3526 524 3636 571 est.
3659 513 3792 581 Qui—

2203 624 2305 677 bus
2332 621 2579 688 mortuis,
2609 632 2769 672 omne
2790 629 3013 683 regnum
3039 625 3225 667 eorum
3250 621 3303 665 et
3321 608 3606 663 thesauros
3626 605 3791 661 Chlo-

2202 712 2474 768 dovechus
2502 710 2731 779 accepit.
2762 705 3166 772 lnterfectisque
3195 709 3251 756 et
3273 701 3392 755 aliis
3421 700 3607 755 multis
3649 698 3788 768 regi-

2204 804 2322 865 bus,
2352 802 2434 856 vel
2482 798 2795 867 parentibus
2836 796 2947 851 suis
2995 794 3204 863 primis,
3258 792 3324 847 de
3365 790 3559 861 quibus
3613 789 3788 843 zelum

2205 895 2454 959 habebat,
2485 909 2551 948 ne
2571 894 2621 948 ei
2647 905 2870 961 regnum
2899 887 3193 953 auferrent,
3225 898 3446 954 regnum
3477 890 3636 937 suum
3696 896 3793 948 per

2206 997 2344 1043 totas
2375 986 2576 1041 Gallias
2606 983 2869 1053 dilatavit.
2898 982 3101 1035 Tamen
3130 977 3464 1047 congregatis
3490 974 3624 1037 suis,
3652 988 3792 1041 qua-

2205 1080 2327 1136 dam
2355 1080 2469 1134 vice
2511 1076 2531 1115 ¹⁹
2562 1076 2762 1131 dixisse
2790 1073 2961 1127 fertur
2987 1071 3055 1126 de
3106 1068 3431 1138 parentibus,
3471 1066 3630 1136 100
3658 1079 3795 1134 quos

2208 1172 2320 1240 ipse
2348 1169 2651 1240 perdiderat
2680 1185 2693 1220 :
2725 1165 2822 1221 Va:
2849 1163 2977 1217 tnihi
3000 1203 3015 1229 ,
3042 1162 3131 1230 qui
3182 1170 3431 1228 tanquam
3474 1155 3795 1224 peregrinus

2207 1263 2349 1318 inter
2374 1270 2656 1318 extraneos
2677 1262 2931 1323 remansi,
2958 1265 3012 1310 et
3038 1270 3143 1310 non
3170 1254 3341 1308 habeo
3361 1252 3428 1307 de
3454 1250 3790 1320 parentibus,

2208 1358 2301 1428 qui
2327 1356 2477 1422 mibi,
2512 1355 2556 1409 si
2587 1352 2792 1408 venerit
2820 1350 3137 1414 adversitas,
3178 1344 3346 1417 possit
3392 1344 3590 1412 aliquid
3640 1344 3796 1413 adju-

2210 1463 2357 1502 vare.
2393 1446 2500 1501 Sed
2541 1446 2641 1499 hoc
2667 1460 2771 1499 non
2796 1443 2862 1497 de
2892 1450 3063 1496 morte
3090 1441 3277 1494 horum
3326 1436 3648 1500 condolens,
3697 1432 3794 1487 sed

2215 1538 2339 1593 dolo
2365 1537 2593 1599 dicebat,
2626 1537 2669 1589 si
2702 1534 2841 1589 forte
2873 1531 3133 1604 potuisset
3160 1529 3336 1585 adhuc
3364 1527 3599 1597 aliquem
3649 1540 3799 1595 repe-

2210 1630 2339 1690 rire,
2363 1636 2421 1680 ut
2451 1625 2795 1680 interﬁceret.

536 1724 862 1793 perducitur.
895 1720 991 1777 Cui
1022 1720 1111 1775 illc
1145 1738 1155 1771 :
1190 1716 1318 1787 Cur,
1368 1718 1560 1787 inquit,
1607 1717 1898 1772 humiliasti
1942 1734 2109 1790 genus
2143 1704 2189 1763 Β
2286 1717 2467 1772 XLIII.
2498 1717 2592 1770 llis
2620 1718 2690 1769 ita
2722 1714 3027 1777 transactis,
3064 1712 3201 1778 apud
3227 1707 3459 1765 Parisios
3498 1707 3665 1770 obiit;
3708 1719 3800 1760 εθ-

537 1826 775 1870 nostrum
795 1856 810 1882 ,
840 1822 899 1868 ut
925 1822 976 1866 te
1007 1811 1192 1865 vinciri
1225 1808 1594 1879 permitteres?
1623 1809 1811 1863 Melius
1841 1812 1983 1864 enim
2012 1810 2109 1866 tibi

538 1906 708 1960 fuerat
735 1903 892 1958 mori.
920 1901 991 1957 Et
1015 1901 1277 1957 elevatam
1307 1898 1542 1954 securim
1572 1900 1730 1968 capiti
1756 1899 1872 1967 ejus
1900 1900 2106 1955 defixit.

538 1996 947 2063 Conversusque
972 1992 1035 2046 ad
1064 1992 1173 2063 99
1202 1990 1418 2045 fratrem
1441 1988 1577 2059 ejus,
1622 1989 1697 2043 ait
1729 2007 1740 2042 :
1774 1990 1826 2045 Si
1870 2000 1925 2045 tu
1969 1990 2111 2045 sola-

540 2087 667 2140 tium
696 2083 802 2157 [ΑΙ.
834 2081 1109 2153 auxilium]
1142 2082 1290 2135 fratri
1320 2081 1620 2145 tribuisses,
1651 2081 1901 2151 alligatus
1932 2083 2113 2151 utique

541 2193 645 2233 non
678 2176 884 2231 luisset.
915 2173 1175 2230 Similiter
1202 2183 1255 2227 et
1284 2173 1424 2226 hunc
1461 2171 1635 2226 securi
1677 2186 1987 2241 percussum
2034 2173 2117 2229 in-

542 2269 766 2324 terfecit.
798 2268 924 2323 Post
950 2280 1175 2335 quorum
1208 2273 1469 2328 mortem,
1499 2276 1828 2333 cognoscunt
1879 2266 2118 2335 prodito-

543 2373 628 2414 res
649 2372 857 2425 eorum,
882 2370 1069 2411 aurum
1100 2355 1238 2423 quod
1262 2368 1291 2406 a
1320 2368 1444 2423 rege
1471 2365 1788 2423 acceperant
1816 2370 1937 2410 esse
1965 2355 2118 2409 adul-

545 2458 738 2503 terum.
769 2445 922 2513 Quod
951 2459 1075 2501 cum
1097 2443 1210 2513 regi
1238 2443 1521 2509 dixissent,
1544 2443 1629 2498 ille
1651 2445 1989 2513 rcSpondisse
2013 2443 2121 2499 fer-

547 2549 631 2591 tur
658 2554 671 2589 :
701 2536 908 2602 Merito,
934 2535 1128 2605 inquit,
1152 2532 1257 2588 tale
1273 2548 1461 2588 aurum
1490 2534 1705 2603 accipit,
1727 2536 1817 2605 qui
1844 2535 2119 2591 dominum

544 2642 700 2683 suum
732 2627 797 2681 ad
825 2636 1051 2682 mortem
1084 2626 1297 2695 propria
1324 2625 1596 2681 voluntate
1621 2625 1855 2681 deducit.
1886 2628 1996 2681 Hoc
2016 2627 2120 2683 illis

544 2717 683 2787 quod
716 2718 957 2774 viverent
983 2717 1180 2773 debere
1205 2716 1473 2786 sufficere,
1505 2732 1573 2773 ne
1601 2718 1738 2773 male
1765 2718 2119 2787 proditionem

545 2810 885 2865 dominorum
908 2823 1124 2865 suorum
1150 2808 1325 2864 luituri
1354 2808 1494 2863 inter
1515 2815 1781 2865 tormenta
1804 2809 2115 2865 deﬁcerent.

544 2902 696 2966 Quod
724 2902 799 2957 illi
824 2902 1120 2968 audientes,
1151 2902 1405 2972 aptabant
1433 2903 1657 2972 gratiam
1688 2903 1910 2973 adipiscl
1944 2921 1956 2955 :
1988 2903 2115 2958 illud

544 2992 643 3046 sibi
680 3002 983 3047 asserentes
1012 2991 1260 3047 sufﬁcere
1291 2991 1334 3047 si
1376 2993 1560 3047 vivere
1591 3005 1943 3049 mererentur.
1980 2996 2119 3049 Fue-
2151 2988 2199 3049 C

2215 1812 2498 1882 pultusque
2526 1808 2577 1862 in
2611 1806 2826 1861 basilica
2853 1812 3157 1859 sanctorum
3187 1801 3562 1870 Apostolorum
3586 1808 3610 1841 κ
3633 1812 3800 1867 quam

2215 1916 2338 1956 eum
2363 1897 2737 1954 Chrotecbilde
2768 1896 2951 1964 regina
2982 1895 3097 1961 ipse
3118 1900 3515 1948 construxerat.
3550 1889 3801 1959 Migravt

2217 2002 2393 2047 autem
2427 2000 2546 2061 post
2570 1989 2898 2045 Vocladense
2921 1988 3121 2042 bellum
3147 1999 3288 2039 anno
3309 1983 3513 2054 quinto.
3544 1982 3804 2035 Fuerunt-

2220 2099 2323 2154 que
2352 2096 2539 2137 omnes
2559 2081 2672 2136 dies
2695 2082 2841 2149 regni
2864 2080 2999 2149 ejus,
3025 2078 3234 2147 triginta
3256 2076 3404 2130 anni.
3433 2077 3584 2129 mtas
3606 2070 3635 2110 ιι
3662 2082 3804 2142 tota,

2222 2176 2569 2247 quadraginta
2621 2175 2860 2245 quinque
2904 2173 3049 2226 anni.
3083 2171 3128 2225 A
3176 2169 3396 2224 transitu
3449 2181 3578 2237 ergo
3627 2166 3805 2222 sancti

2222 2269 2457 2336 Martini,
2482 2282 2649 2338 usque
2686 2268 2751 2322 ad
2800 2266 3078 2321 transitum
3103 2261 3461 2319 Cltlodovccbi
3493 2262 3655 2329 regis,
3707 2259 3803 2328 qui

2222 2358 2319 2413 fuit
2366 2359 2676 2412 undecimus
2722 2372 2892 2410 annus
2932 2356 3267 2425 episcopatus
3312 2351 3497 2407 Licinii
3544 2350 3805 2404 Turonici

2221 2449 2534 2512 sacerdotis,
2552 2456 2908 2517 supputantur
2932 2445 3056 2499 anni
3080 2454 3290 2497 centum
3306 2441 3612 2497 duodecim.
3628 2440 3777 2493 Cbrn

2224 2540 2471 2596 techiltlis
2501 2549 2677 2594 autem
2708 2539 2913 2608 regina,
2950 2546 3067 2605 post
3089 2543 3314 2589 mortem
3344 2533 3443 2587 viri
3467 2533 3547 2588 sui
3572 2531 3806 2584 Turonis

2227 2633 2373 2687 venit
2398 2647 2413 2685 :
2438 2631 2618 2700 Ibique
2648 2630 2710 2684 ad
2743 2628 3015 2683 basilicam
3040 2626 3206 2680 saneti
3231 2624 3440 2679 Martini
3465 2622 3806 2687 deserviens,

2226 2738 2348 2779 cum
2377 2738 2588 2778 summa
2617 2722 2870 2792 pudicitia
2904 2730 3064 2787 atque
3107 2718 3434 2777 benignitate
3465 2715 3516 2768 in
3565 2713 3667 2767 hoc
3690 2714 3808 2766 loco

2227 2824 2553 2869 commorata
2583 2824 2665 2868 est
2692 2812 2940 2867 omnibus
2967 2811 3156 2865 diebus
3186 2809 3306 2863 vita:
3342 2822 3476 2872 suto,
3507 2820 3631 2861 raro
3661 2804 3809 2859 Pari-

2225 2908 2334 2962 sios
2366 2907 2609 2960 visitans.

2686 2995 2907 3064 Explirit
2938 2992 3063 3046 librr
3092 2992 3361 3045 secundus.

544 3106 1971 3142 ψ’
1978 3107 3798 3135 .._._..___..._—__._—___-————--————_—"-"-'I
3653 3125 3660 3136 Ι
3677 3124 3705 3135 _
3739 3122 3806 3136 --

1079 3219 1697 3303 INCIPIUNT
1771 3221 2361 3305 CAPITULA
2438 3225 2744 3307 LIBRI
2802 3224 3238 3307 TERTII.

543 3352 597 3411 I.
640 3354 715 3424 De
742 3355 865 3424 ﬁliis
892 3355 1265 3411 Chlodovecht.

543 3426 627 3483 II.
674 3423 748 3497 De
774 3425 1298 3497 episcopatuﬂiniﬁi,
1330 3423 1661 3493 Apollinaris,
1691 3436 1838 3496 atque
1871 3425 2159 3489 Quintiani.

545 3498 664 3553 III.
709 3495 861 3559 Quod
890 3495 1026 3549 ι)αηὶ
1054 3495 1254 3549 Gallias
1285 3498 1626 3563 oppetierunt.

545 3569 651 3625 IV.
698 3567 772 3619 De
800 3566 1175 3634 'I'Itoringorum
1202 3564 1425 3634 regibus.

549 3640 619 3695 V.
665 3638 817 3702 Quod
849 3636 1184 3707 Sigimundus
1211 3635 1378 3707 ﬁliuni
1407 3650 1558 3687 suum
1583 3635 1855 3690 interemit.

547 3709 654 3763 Vl.
697 3708 773 3760 De
800 3704 1011 3760 interitu
1039 3704 1411 3759 Citlodomeris.

557 3778 687 3834 VII.
732 3777 809 3830 De
839 3777 968 3830 bello
998 3786 1180 3830 contra
1212 3774 1516 3842 Thoringos,
1548 3785 1596 3829 et
1622 3792 1793 3831 eorum
1825 3784 2015 3845 strage.

550 3848 720 3903 VIII.
765 3847 842 3901 De
880 3847 1091 3901 interitu
1118 3844 1521 3912 IIermenej'rt'di.

544 3918 648 3975 IX.
695 3918 844 3985 Quod
886 3916 1240 3971 Childebertus
1269 3916 1507 3971 Arvernis
1527 3917 1673 3974 abiit.

544 3989 615 4045 Χ.
661 3991 736 4043 De
766 3988 973 4041 interitu
999 3988 1269 4041 Amalrici.

546 4059 654 4131 XI.
701 4061 851 4124 Quod
879 4057 1332 4131 Chi_ldebertus_et_
1353 4054 1787 4115 Cltlot/tacltarius
1813 4060 1865 4112 in
1900 4056 2254 4131 Burgundios,
2285 4064 2635 4121 Τιιειιάενὶεαε
2664 4067 2898 4122 Arverni,
2939 4068 3064 4120 αωξι

544 4129 684 4184 ΧΗ.
731 4131 804 4183 De
832 4129 1030 4182 excidio
1056 4128 1278 4197 regionis
1294 4125 1563 4197 ﬁrvernae.

544 4200 721 4256 XIII.
764 4200 840 4253 De
867 4195 1173 4253 Lovolautro
1198 4208 1247 4250 et
1282 4195 1643 4254 Meroliacensi
1672 4210 1861 4254 castro.

544 4270 623 4324 XI
641 4270 701 4327 V.
750 4270 824 4323 De
853 4269 1061 4323 interitu
1087 4266 1404 4321 Munderici.

546 4339 674 4395 XV.
724 4341 799 4393 De
825 4340 1111 4408 captivitate
1153 4339 1330 4392 Attali.

547 4409 591 4461 Χ
612 4409 703 4465 VI.
749 4408 823 4463 De
851 4409 1137 4474 Sigivuldo.

546 4478 591 4533 ,ἴ
610 4481 741 4533 νη.
787 4480 864 4532 De
895 4480 1146 4544 episcopis
1175 4476 1465 4529 Turonicis.

547 4548 774 4605 XVIII.
818 4549 895 4601 De
922 4549 1131 4600 interitu
1153 4549 1381 4615 ﬁliorum
1413 4548 1791 4602 Cltlodomeris.

621 4672 647 4700 α
677 4663 765 4715 Sic
790 4659 941 4731 Gulb.
971 4666 1025 4711 et
1050 4658 1272 4723 Cbesn.;
1292 4658 1379 4711 alii
1403 4658 1489 4712 ed.
1522 4669 1571 4710 et
1594 4675 1744 4725 mss.,
1769 4660 1869 4712 sire
1891 4658 2130 4712 armillis.
2165 4663 2215 4723 Ι)
2316 4659 2333 4698 ί
2368 4661 2554 4731 liegtn.
2583 4659 2726 4711 addit
2754 4659 2987 4727 ﬁdelibus
3017 4658 3143 4710 suis.

619 4731 647 4770 δ
677 4733 767 4787 Sic
797 4730 995 4783 L‘bcsn.
1020 4740 1072 4782 et
1101 4744 1228 4780 mss.
1258 4742 1467 4799 omnes,
1488 4738 1680 4795 praeter
1706 4733 1891 4799 ltegtu.
1921 4732 2009 4799 qui
2042 4731 2137 4782 ba-

553 4805 643 4858 bct
668 4799 1028 4872 lrgatis._Editi
1054 4799 1316 4872 plerique,
1334 4798 1701 4872 proditoribus.
1723 4798 2018 4872 Retinenda
2034 4813 2133 4853 vox

554 4867 833 4927 Leudibus.
867 4870 1073 4923 Leudes
1099 4882 1192 4921 seu
1224 4867 1411 4939 Ildeles
1438 4882 1563 4922 suos
1591 4869 1933 4939 appellabant
1980 4885 2135 4939 reges

553 4944 723 4998 nostri
756 4940 1020 4995 vassallns
1049 4952 1209 5002 suos,
1244 4937 1476 4992 maxime
1525 4938 1836 5002 nobiliores,
1885 4940 1973 5004 qni
2006 4937 2131 4994 nulli

551 5024 905 5083 prwterquam
940 5009 1159 5083 principi
1184 5008 1407 5083 obnoxii
1451 5019 1629 5083 erant;
1666 5024 1844 5076 postea
1897 5011 2129 5065 barones

551 5079 798 5152 appellati
830 5082 1070 5152 fuerunt.
1101 5079 1572 5152 Vitlerltignonium
1601 5081 1651 5132 in
1693 5081 1952 5152 formulas
1994 5082 2129 5133 Mar-

552 5149 673 5207 culli
707 5155 798 5208 lib.
830 5168 867 5217 ι,
896 5166 1015 5221 cap.
1047 5150 1135 5216 40,
1168 5151 1255 5219 qui
1283 5149 1391 5219 jam
1421 5158 1596 5221 antea,
1629 5164 1745 5218 cap.
1791 5151 1879 5212 18,
1914 5152 2130 5204 eosdem

556 5223 931 5276 Austrustioues
956 5219 1167 5290 quoque
1185 5226 1341 5274 t'u;sse
1361 5219 1660 5274 nominatus
1681 5221 2014 5275 observaret.
2036 5222 2135 5275 lle-

556 5293 870 5415 atttttyttssi
888 5301 979 5346 aut
1006 5292 1223 5347 Vassalli
1251 5291 1376 5346 dicti
1402 5291 1633 5345 luerunt.
1661 5290 1790 5347 Vide
1807 5292 2135 5365 Glossarium

635 5377 758 5415 nan.

635 5377 758 5429 ngn.

630 5442 652 5468 ε
685 5433 783 5484 Ed.
806 5446 1012 5498 omnes,
1038 5433 1440 5485 inimicarentur.

628 5498 656 5537 ἀ
685 5501 816 5553 Cod.
849 5500 1056 5567 Regtn.,
1080 5502 1425 5555 Iiachanario.

629 5580 654 5607 ο
687 5571 786 5622 Alii
818 5584 936 5621 cum
969 5571 1125 5641 BAeIL,
1163 5572 1490 5641 Regnomeris
1512 5580 1820 5641 ,_el._pattto
1869 5571 2005 5624 infra
2052 5588 2141 5627 C0-

560 5642 705 5697 diccs
732 5641 951 5709 aliquot,
980 5638 1326 5694 Cinomunuis.
1362 5642 1497 5694 Etliti
1530 5639 1581 5699 4.
1609 5638 2032 5695 Cenomauuium.

2314 4758 2339 4796 ε
2377 4749 2677 4827 leciuodo
2700 4756 2907 4827 satione.
2927 4746 3211 4827 Genui-cfs:
3239 4750 3560 4827 appellatur,
3586 4754 3729 4822 quod
3752 4754 3823 4812 ibt

2242 4822 2446 4885 sepulta
2471 4818 2621 4885 virgo
2641 4818 2998 4871 sacratissima
3026 4821 3203 4873 multis
3235 4822 3506 4875 miraculis
3530 4818 3784 4878 claruerit
3812 4842 3825 4877 :

2241 4902 2429 4959 estque
2482 4889 2690 4942 abbatia
2748 4888 2976 4942 celebris
3050 4891 3427 4945 cannnicorum
3480 4893 3827 4959 liegularium

2242 4961 2445 5014 ordinis
2475 4959 2533 5011 S.
2568 4961 2866 5025 Augustini,
2902 4974 3036 5027 quos
3067 4976 3131 5012 ex
3163 4960 3434 5013 V'ictortnst
3466 4962 3682 5017 abbatia
3731 4964 3804 5019 de

2242 5032 2429 5084 ductus
2458 5030 2527 5082 ibi
2561 5029 2748 5081 locavit
2784 5029 3038 5098 Sngcrius
3067 5031 3230 5084 abbas
3262 5035 3319 5086 ὃ.
3353 5032 3612 5101 Dionysii.

2311 5120 2337 5158 ιι
2374 5122 2496 5175 Haec
2527 5121 2706 5182 verba,
2739 5130 2863 5171 tetas
2894 5130 2997 5171 tota
3028 5120 3094 5171 Μ)
3125 5122 3281 5187 anni,
3313 5123 3507 5176 desunt
3565 5124 3616 5176 in
3672 5123 3830 5177 codd.

2241 5193 2402 5247 Corb.
2433 5202 2488 5245 et
2518 5192 2705 5257 Regni.
2739 5192 2879 5243 0b.it
2907 5192 3041 5243 L‘ltlo
3062 5193 3244 5245 Invetts
3274 5207 3395 5245 aeria
3426 5194 3663 5257 vulgaris
3689 5209 3833 5246 anno

2244 5265 2370 5327 5H,
2404 5262 2491 5331 qui
2523 5276 2621 5314 nec
2661 5274 2834 5311 annus
2860 5261 2961 5314 II“).
3005 5272 3121 5328 post
3168 5263 3365 5315 obitum
3395 5268 3563 5316 sancti
3622 5266 3834 5317 Martini

2247 5337 2361 5397 fuit,
2397 5333 2442 5385 si
2474 5347 2653 5385 verum
2683 5340 2755 5382 stt
2780 5331 2919 5383 hunc
2944 5349 3083 5382 anno
3112 5331 3214 5386 '51)?
3242 5333 3306 5385 ad
3336 5347 3560 5398 superos
3592 5336 3831 5395 abiisse;

2249 5421 2346 5459 nec
2377 5405 2561 5457 Licinii
2593 5401 2827 5468 episcopi
2861 5402 2946 5465 II,
2981 5415 3101 5453 cunt
3152 5404 3259 5455 Leo
3304 5404 3566 5455 diaconus
3616 5408 3835 5455 nomine

2254 5476 2370 5529 Veri
2398 5474 2654 5541 e,-iscopi.
2683 5473 2771 5537 qui
2798 5472 2980 5523 Lic.ttit
3004 5470 3254 5525 tlet-essnr
3289 5474 3400 5531 fuit.
3438 5475 3670 5527 concilio
3701 5479 3833 5541 Aga-

2255 5550 2427 5601 tltcnst
2461 5561 2600 5598 anno
2628 5542 2732 5596 ὃυϋ
2760 5541 3153 5608 subscripserit.
