3994 6194
230 301 333 355 2H

1172 302 1489 361 HISTORIA
1531 306 1976 363 FRANSORUM.
2017 310 2216 368 LIBER
2255 314 2574 373 TERTIUS.

3409 312 3517 368 2k".

250 411 402 487 _X.
425 411 516 487 ‘De
541 422 724 487 salicto
750 413 1003 487 Gregorio
1038 409 1361 487 Lingonertsi,
1390 430 1435 472 et
1464 422 1564 472 situ
1596 418 1912 475 Divionensit
1951 428 2128 481 castri.

415 482 557 556 Quod
581 481 976 556 _T_Iteudebe'rtus
1008 481 1355 553 Wisijqardent
1377 491 1714 556 desponsavil.

260 550 420 626 ξ..
448 552 590 618 Quod
620 552 1085 626 A'I'heudebertusgin
1119 550 1441 610 Provinciam
1467 550 1614 611 abiit.

483 624 629 696 Quod
657 634 837 696 postea
860 622 1193 696 peotheriam
1220 628 1433 696 accepit.

264 688 473 765 ξιξ.
512 690 588 765 De
614 688 824 765 interitu
846 693 1118 765 Sigivaldi,
1146 706 1193 749 rt
1217 688 1589 764 fuga'Gittaldi.

266 758 387 812 XXI
401 760 458 813 V.
501 762 651 826 Quod
678 758 1027 817 Cltildebe'rtas
1048 758 1451 821 Theudeb'ertum
1481 768 1785 822 muneravit.

266 826 357 883 XX
370 829 430 883 V.
470 828 543 883 De
571 831 793 885 bonitate
820 831 1181 888 Theudrberli.

265 895 356 967 ξιξ
373 898 463 952 Η.
500 900 577 955 De
601 901 811 955 interitu
835 903 958 967 ﬁlia:
983 904 1287 958 Deut/terim.

264 965 355 1023 XX
372 969 489 1023 VII.
532 973 683 1044 ραις
711 965 1087 1028 Theadebertus
1118 974 1460 1043 Wisigardem
1485 976 1699 1043 accepit.

260 1035 355 1088 XX
372 1037 525 1093 VIII.
571 1040 720 1093 Ottod
750 1041 1102 1093 Childebertus
1126 1061 1238 1093 cum
1268 1044 1615 1093 Theudeberta
1641 1062 1699 1093 ca

260 1103 459 1163 XXIX.

258 1174 436 1253 ξξξε
461 1179 537 1253 υς
567 1181 1176 1253 regibrgﬂispanorum.

253 1243 471 1321 ἐξ..
499 1248 574 1321 De
591 1243 701 1317 ﬁlia
718 1243 1031 1321 ATy/reod'oriri
1051 1255 1185 1321 regis
1211 1251 1401 1306 Italici.

252 1311 489 1382 (XXXII.
532 1311 681 1382 Quod
712 1319 752 1374 Τ
754 1320 1091 1376 heudebertus
1107 1311 1167 1376 in
1203 1321 1411 1376 Italiam
1436 1323 1580 1377 abiit.

250 1380 523 1441 XXXIII.
552 1380 637 1443 'De
657 1391 910 1445 Asteriolo
934 1400 980 1444 et
1006 1390 1320 1445 Secundino.

571 1038 720 1105 om
750 1041 1102 1097 Childebertus
1126 1038 1615 1097 rum'Theudeberto
1641 1052 1823 1098 contra
1848 1038 2297 1098 Chlothacharimn
2320 1040 2466 1095 abiit.

501 1109 645 1174 Quod
664 1111 1025 1183 _Childebertus
1055 1122 1101 1166 et
1129 1114 1555 1167 Chlothacharius
1582 1115 1637 1168 in
1666 1113 1945 1183 Hispanias
1969 1111 2219 1164 abierun'.

245 1451 435 1509 XXXI
452 1458 505 1513 V.
552 1456 627 1511 De
655 1476 860 1513 munere
883 1461 1221 1515 Theudeberti
1243 1463 1379 1515 circa
1410 1460 1765 1515 Viridunensrs
1802 1462 1951 1515 ciues.

243 1520 403 1578 XXX
416 1527 473 1581 V.
512 1527 590 1580 De
610 1530 822 1583 interitu
851 1530 1118 1585 Sirivaldi.

239 1590 399 1670 il:
414 1597 511 1670 Kl.
549 1596 623 1670 De
645 1598 791 1652 obitu
819 1599 1179 1670 Theudeberti,
1203 1609 1249 1655 et
1274 1617 1337 1656 ae
1355 1602 1561 1656 interitu
1589 1601 1877 1655 Parthenii.

234 1658 399 1719 ΧΧΧ
413 1664 533 1721 VII.
579 1668 655 1723 De
677 1672 858 1739 hyeme
883 1671 1044 1741 gravi.

1241 1968 1714 2077 LIBER
1810 1967 2115 2074 TER
2139 1966 2305 2074 TI
2317 1965 2429 2070 Π
2419 1967 2537 2072 S.

1642 2208 2104 2319 protegas.

290 2423 456 2495 103
490 2423 697 2490 Velim,
729 2421 776 2479 si
807 2422 1003 2492 placet,
1034 2434 1318 2492 parumper
1357 2421 1602 2477 conferre
1634 2462 1649 2486 ,
1694 2434 1812 2490 quae
1843 2417 1895 2477 A
1919 2417 2092 2473 stituit
2124 2437 2137 2472 :
2171 2418 2407 2477 haeretici
2458 2435 2584 2476 vero
2608 2463 2623 2487 ,
2659 2433 2756 2475 nec
2799 2418 3081 2490 acquirunt
3124 2426 3187 2484 ι,
3220 2419 3313 2475 sed
3344 2423 3484 2489 quod

202 2511 543 2570 Christianis
568 2514 787 2570 beatam
814 2512 1190 2569 conﬁtentibus
1220 2512 1536 2568 Trinitatem
1559 2526 1811 2581 prospera

208 2606 614 2671 successerint,
646 2614 702 2660 et
722 2620 845 2675 quae
883 2604 1148 2660 haereticis
1178 2605 1420 2661 eamdem
1440 2604 1804 2660 scindentibus

213 2691 436 2751 fuerint
487 2698 538 2751 in
593 2698 832 2752 ruinam.
864 2696 1180 2752 Omittamus
1202 2707 1378 2752 autem
1406 2696 1632 2766 qualiter
1662 2695 1809 2750 illam

214 2783 500 2840 Abraham
529 2796 827 2842 veneratur
852 2785 916 2839 ad
942 2786 1139 2850 ilicem,
1161 2786 1326 2842 Iacob
1354 2787 1609 2856 praedicat
1637 2786 1690 2840 in
1721 2787 1811 2842 be-

218 2872 547 2930 nedictione
571 2918 586 2941 ,
639 2876 853 2946 Moyses
882 2877 1154 2947 cognoscit
1185 2877 1237 2931 in
1266 2885 1438 2943 serite,
1468 2878 1690 2947 populus
1728 2891 1814 2932 se-

215 2964 422 3031 quitur
442 2965 492 3020 in
519 2967 684 3033 nube,
719 2967 1068 3036 eamdemque
1101 2969 1339 3037 pavescit
1387 2970 1438 3023 in
1486 2978 1704 3035 monte;
1728 2970 1811 3024 vel

219 3055 465 3120 qualiter
488 3072 605 3111 eam
638 3059 817 3111 Aaron
851 3064 1025 3125 portat
1072 3058 1127 3111 in
1173 3058 1332 3128 logio,
1367 3069 1457 3113 aut
1487 3058 1654 3113 David
1684 3060 1812 3114 vati-

220 3145 446 3200 cinatur
472 3147 522 3200 in
556 3147 789 3216 psalmo,
833 3162 991 3202 orans
1021 3148 1266 3202 innovari
1310 3163 1370 3204 se
1407 3163 1500 3217 per
1547 3149 1801 3219 Spiritum

225 3248 466 3304 rectum,
491 3254 591 3294 nec
618 3240 721 3294 sibi
752 3238 948 3294 auferri
979 3238 1231 3308 Spiritum
1261 3249 1527 3308 sanctum,
1555 3248 1712 3310 atque
1750 3256 1810 3296 se

230 3330 547 3386 conﬁrmari
580 3347 674 3401 per
703 3332 958 3400 Spiritum
991 3332 1338 3401 principalem
1373 3331 1603 3395 (Psalm.
1631 3350 1678 3399 ι,
1716 3333 1811 3387 12-

236 3419 359 3490 14).
414 3424 658 3494 Magnum
716 3432 771 3478 et.
810 3436 909 3491 ego
957 3421 1040 3477 hic
1089 3437 1253 3478 cerno
1303 3425 1637 3494 mys‘erium,
1664 3424 1809 3493 quod

236 3514 450 3570 scilicet
474 3532 632 3585 quem
659 3512 897 3569 haeretici
930 3514 1188 3569 minorem
1215 3522 1500 3581 asserunt,
1548 3516 1807 3585 principa-

246 3603 356 3659 lem
388 3622 481 3660 vox
509 3605 824 3677 prophetica
858 3605 1138 3659 nuntiavit.
1169 3604 1273 3659 Sed
1302 3605 1416 3671 his,
1450 3614 1503 3661 ut
1539 3605 1765 3660 diximus
1788 3646 1804 3674 ,

249 3695 474 3761 omissis,
504 3698 569 3752 ad
599 3706 786 3752 nostra
816 3704 1057 3765 tempora
1088 3704 1436 3754 revertamur.
1454 3696 1610 3751 Arius
1638 3697 1803 3761 enim,

1920 2512 2169 2568 videntur
2189 2511 2411 2580 habere,
2433 2513 2672 2569 aufertur
2702 2512 2768 2567 ab
2796 2512 2895 2569 eis.
2942 2511 3192 2567 Probavit
3232 2511 3334 2567 hoc
3380 2514 3484 2569 Go-

1917 2603 2161 2672 degiseli,
2184 2603 2519 2671 Gundobadi,
2564 2613 2724 2675 atque
2763 2603 3049 2659 Godomari
3085 2604 3327 2659 interitus
3353 2645 3370 2672 ,
3395 2606 3484 2675 qui

1915 2701 1970 2749 et
1996 2693 2219 2761 patriam
2248 2695 2405 2749 simul
2435 2703 2488 2749 et
2516 2696 2720 2748 animas
2744 2694 3093 2763 perdiderunt
3124 2692 3173 2749 h.
3220 2694 3326 2749 Nos
3354 2709 3483 2749 vero

1919 2799 2083 2839 unum
2108 2792 2268 2855 atque
2289 2786 2629 2853 invisibilem,
2660 2785 3002 2853 immensum,
3029 2787 3483 2855 incomprehensi‘

1916 2873 2099 2938 bilem,
2132 2875 2409 2947 inclytum,
2440 2891 2724 2946 perennem
2750 2884 2911 2945 atque
2961 2887 3271 2945 perpetuum
3306 2876 3481 2933 Domi-

1916 2979 2042 3019 num
2068 2967 2407 3029 conﬁtemur,
2430 2983 2589 3020 unum
2621 2965 2673 3021 in
2702 2965 2959 3021 Trinitate
2985 2975 3200 3036 propter
3227 2980 3481 3035 persona-

1914 3070 2029 3110 rum
2052 3071 2351 3125 numerum,
2370 3056 2421 3110 id
2446 3066 2525 3113 est
2548 3056 2717 3112 Patris
2742 3065 2794 3112 et
2816 3056 2935 3111 Filii
2956 3064 3011 3111 et
3032 3056 3263 3126 Spiritus
3278 3056 3479 3110 sancti:

1915 3148 2234 3202 conﬁtemur
2261 3156 2316 3204 et
2346 3148 2542 3204 trinum
2572 3149 2623 3204 in
2644 3150 2867 3217 unitate,
2881 3156 3099 3219 propter
3121 3150 3478 3218 aequalitatem

1914 3238 2253 3305 substantiae,
2285 3238 2519 3304 deitatis,
2550 3239 2971 3310 omnipotentiae,
2995 3240 3078 3294 vel
3102 3239 3310 3294 virtutis
3346 3241 3478 3311 :qni

1914 3336 1996 3385 est
2026 3344 2163 3385 unus
2190 3344 2429 3384 summus
2457 3338 2613 3398 atque
2660 3330 2997 3402 omnipotens
3036 3330 3176 3386 Deus
3207 3330 3261 3384 in
3290 3330 3479 3401 sempi-

1914 3428 2067 3475 terna
2096 3420 2290 3474 saecula
2321 3435 2575 3488 regnans.

1989 3511 2140 3580 105
2171 3510 2210 3565 l.
2252 3509 2508 3565 Defuncto
2547 3511 2704 3580 igitur
2726 3509 3058 3566 Clodovecho
3085 3525 3227 3579 rege,
3257 3519 3479 3580 quatuor

1913 3599 2002 3654 ﬁlii
2027 3601 2143 3670 ejus
2169 3646 2183 3670 ,
2228 3602 2277 3656 id
2310 3609 2395 3658 est
2421 3602 2805 3669 Theudericus,
2832 3601 3200 3658 Chlodomeris
3224 3643 3238 3668 ,
3269 3602 3480 3659 Childe-

1912 3692 2125 3757 bertus,
2174 3702 2331 3762 atque
2378 3691 2814 3748 Chlothacharlus
2858 3702 2880 3730 ο
2930 3706 3149 3761 regnum
3188 3694 3303 3761 ejus
3341 3694 3479 3748 acci-

253 3784 343 3855 qui
370 3787 517 3858 hujus
543 3789 742 3859 iniqua:
770 3795 935 3843 seetse
966 3787 1166 3857 primus
1196 3786 1513 3857 iniquusque
1560 3787 1807 3843 inventor
1835 3788 1884 3849 Β
1914 3783 2097 3852 piunt,
2128 3790 2183 3837 et
2218 3784 2353 3837 inter
2380 3796 2438 3836 se
2467 3796 2617 3850 :equa
2646 3782 2794 3836 lance
2817 3781 3073 3835 dividunt.
3116 3780 3347 3835 Habebat
3366 3781 3477 3848 jam

254 3873 367 3942 fuit,
396 3879 730 3934 interioribus
758 3880 811 3932 in
842 3892 1108 3933 secessum
1137 3879 1391 3948 depositis
1410 3920 1423 3941 ,
1456 3877 1804 3934 infernalibus

257 3965 447 4035 ignibus
497 3970 1048 4026 subditur:llilarius
1099 3986 1227 4024 vero
1281 3970 1467 4026 beatus
1522 3971 1808 4028 individua:

264 4056 515 4114 Trinitatis
544 4061 819 4129 defensor,
854 4072 1072 4130 propter
1107 4058 1261 4131 ι,οῶ
1285 4059 1423 4115 hanc
1467 4061 1518 4114 in
1562 4061 1806 4115 exsilium

270 4146 472 4214 deditus,
494 4160 544 4204 et
574 4155 765 4221 patriae
796 4150 1049 4219 paradiso
1092 4161 1443 4204 restauratur.
1472 4151 1616 4205 Hanc
1644 4152 1809 4206 Chlo-

274 4236 506 4296 dorechus
547 4257 641 4296 rex
693 4242 1006 4305 confessus,
1040 4241 1184 4310 ipsos
1218 4241 1497 4297 haereticos
1542 4243 1807 4311 adjutorio

278 4329 367 4396 ejus
390 4334 672 4401 oppressit,
714 4347 1045 4403 regnumque
1090 4348 1244 4387 stium
1291 4349 1386 4404 per
1432 4341 1569 4391 totas
1610 4335 1809 4390 Gallias

276 4422 481 4479 dilatavit
513 4444 527 4477 :
556 4426 803 4480 Alaricus
832 4426 969 4479 hanc
995 4425 1264 4493 denegans
1297 4467 1313 4493 ,
1358 4441 1390 4481 a
1443 4442 1608 4496 regno
1634 4435 1691 4482 et
1719 4443 1809 4496 po-

278 4514 389 4579 pulo,
412 4524 567 4585 atque
588 4517 656 4570 ab
678 4516 817 4586 ipsa,
847 4516 985 4585 quod
1034 4517 1205 4586 majus
1234 4527 1347 4582 est,
1383 4518 1493 4572 vita
1521 4519 1808 4575 mulctatur

275 4614 459 4659 eterna.
491 4606 748 4661 Dominus
774 4616 953 4661 autem
978 4622 1037 4662 se
1059 4623 1184 4663 vere
1208 4608 1571 4675 credentibus,
1600 4610 1697 4665 etsi
1722 4612 1802 4664 in-

272 4700 465 4757 sidiante
494 4701 710 4757 inimico
733 4701 908 4770 aliqua
940 4702 1183 4771 perdant,
1207 4701 1294 4756 hic
1326 4702 1683 4771 centuplicata
1717 4718 1807 4759 re-

334 4870 355 4899 ⁸
387 4859 543 4913 Corh.
578 4860 711 4927 Bel.,
755 4869 811 4915 et
850 4859 1032 4914 Casin.
1096 4858 1324 4924 habent,
1382 4874 1472 4913 nec
1536 4860 1808 4929 acquirunt

270 4931 440 4983 melius.

325 4999 348 5039 δ
376 4999 752 5066 Gundobadus,
786 5009 844 5053 ut
893 4999 1141 5052 observat
1172 4998 1439 5061 Valesius,
1486 4997 1573 5052 diu
1609 4998 1807 5052 [loreo-

272 5072 500 5125 tissimum
529 5084 749 5137 regnum
782 5069 1034 5131 obtinuit,
1069 5071 1369 5136 ipsumque,
1399 5077 1570 5121 morte
1592 5078 1809 5121 natura-

272 5144 298 5198 li
318 5141 588 5203 excedens,
614 5142 722 5194 ﬁlio
752 5154 852 5193 suo
879 5139 1221 5207 Sigismundo
1253 5138 1482 5206 reliquit.

325 5220 344 5248 ⁶
383 5212 468 5263 Sic
510 5224 723 5265 veteres
762 5225 919 5269 mss..
947 5206 1200 5275 quamvis
1227 5208 1510 5275 aliquando
1558 5206 1800 5270 varient;

272 5280 359 5343 alii,
387 5280 707 5346 Hlotharius,
738 5295 833 5334 seu
870 5279 1181 5339 Chlotarius,
1211 5279 1347 5343 quod
1380 5278 1516 5329 idem
1546 5284 1649 5329 est.
1677 5276 1808 5346 Cte-

276 5361 415 5403 terum
444 5352 529 5403 lilii
562 5350 855 5403 Cblodovei
889 5364 992 5401 non
1019 5348 1249 5413 aequales
1282 5347 1510 5399 habuere
1539 5345 1685 5412 regni
1717 5360 1808 5411 pa-

280 5420 384 5473 terni
422 5430 612 5487 partes.
664 5420 794 5473 Nam
851 5417 1169 5471 Tlreodorici
1220 5418 1390 5482 portio
1437 5416 1594 5487 longe
1639 5414 1809 5481 major

277 5484 447 5543 aleris
468 5490 583 5544 fuit.
636 5490 810 5559 Equo
860 5499 1047 5559 tamen
1071 5487 1171 5559 dici
1205 5486 1407 5559 potuit,
1441 5484 1729 5559 quodcum
1755 5486 1807 5537 in

277 5560 515 5614 dilatandis
542 5554 1197 5631 regnipaternilimitibus
1228 5558 1387 5631 natris
1412 5554 1807 5631 expeditionum

280 5630 422 5683 luisset
444 5625 655 5701 comes,
682 5625 792 5701 jam
829 5628 935 5685 sibi
979 5626 1179 5695 aliquid
1231 5626 1576 5696 acquisivisse
1603 5625 1810 5680 censeri

278 5708 455 5771 poterat.

1913 3883 2039 3931 tunc
2083 3874 2446 3929 Theodericus
2498 3874 2699 3933 ﬁlium.
2760 3873 2974 3926 nomine
3025 3870 3477 3937 Theudebertum,

1912 3968 2209 4036 elegantem
2236 3976 2392 4034 atque
2421 3964 2626 4019 utilem.
2668 3963 2907 4031 Cumque
2932 3978 3117 4032 magna
3150 3964 3346 4017 virtute
3368 3963 3478 4031 pol-

1912 4059 2121 4123 lerent,
2179 4066 2232 4111 et
2265 4057 2343 4111 eis
2382 4057 2448 4110 de
2485 4055 2720 4110 exercitu
2767 4054 2930 4107 robur
2958 4055 3227 4121 copim-um
3258 4053 3474 4120 inesset,

1912 4149 2244 4206 Amalaricus
2269 4147 2406 4201 ﬁlius
2431 4146 2647 4210 Alarici,
2678 4160 2774 4199 rex
2803 4143 3087 4213 Hispania,
3118 4158 3356 4199 sororem
3382 4159 3477 4199 eo-

1911 4256 2030 4296 rum
2062 4242 2112 4294 in
2154 4237 2548 4293 matrimonium
2585 4236 2858 4306 postulat:
2888 4234 3028 4304 quod
3076 4233 3152 4288 illi
3192 4235 3476 4290 clementer

1914 4331 2231 4401 indulgent,
2262 4338 2319 4384 et
2358 4342 2477 4383 eam
2524 4325 2626 4395 ipsi
2664 4327 2717 4380 in
2766 4325 3036 4395 regionem
3064 4324 3329 4393 Hispaniae
3355 4337 3475 4382 cum

1912 4436 2226 4492 magnorum
2252 4427 2683 4475 ornamentorum
2705 4416 2845 4471 mole
2873 4417 3237 4470 transmittunt
3255 4412 3307 4468 ἀ.

1985 4513 2048 4568 ll.
2090 4512 2295 4567 Licinio
2324 4518 2347 4548 ο
2377 4519 2552 4563 autem
2575 4508 2720 4562 urbis
2758 4507 3037 4562 Turonica:
3073 4505 3325 4562 defuncto
3362 4506 3476 4573 epi~

1912 4618 2093 4672 scopo,
2117 4601 2337 4656 Dinilius
2349 4599 2649 4654 cathedram
2675 4596 3027 4667 pontiﬁcalem
3042 4596 3301 4651 ascendit.
3318 4596 3475 4664 Apud

1913 4693 2164 4752 Arvernis
2185 4707 2312 4749 vero
2335 4701 2456 4761 post
2483 4690 2683 4744 obitum
2703 4686 2844 4744 beati
2868 4686 3154 4757 Aprunculi
3186 4686 3206 4726 ί
3216 4726 3232 4753 ,
3257 4696 3475 4745 sanctus

1985 4860 2012 4899 τι
2055 4860 2129 4912 De
2156 4857 2256 4911 hac
2277 4856 2397 4911 vide
2424 4852 2647 4910 inferius
2672 4869 2794 4921 cap.
2822 4853 2911 4908 IO.

1987 4939 2011 4968 ο
2052 4929 2211 4981 Deest
2236 4929 2337 4981 hoc
2377 4932 2534 4993 caput
2570 4923 2623 4978 in
2652 4920 2838 4993 Regio.
2896 4923 3079 4993 Porro_
3103 4935 3224 4993 ipse
3277 4920 3482 4993 Gregq,

1913 5003 2026 5055 rius
2057 4998 2151 5051 lib.
2178 5012 2232 5060 ι,
2261 5011 2312 5050 c.
2363 4991 2454 5059 δη
2503 4994 2642 5048 inter
2684 4991 2942 5047 Licinium
2972 5000 3025 5045 et
3056 4991 3304 5060 Dinilium
3337 4991 3475 5043 locat

1913 5058 2251 5139 Theodorum
2275 5074 2329 5139 et
2358 5064 2635 5139 Proculum
2665 5063 2943 5139 episcopos
2965 5075 2996 5139 ρ
3024 5058 3473 5139 Burgundia...qni

1832 5152 1879 5214 ο
1910 5155 1941 5214 e
1969 5138 2099 5214 sede
2143 5150 2263 5214 sua_
2283 5127 2715 5214 ejectinjubente
2752 5129 3017 5187 Chlotilde
3038 5129 3238 5196 regina,
3271 5127 3476 5183 Licinio

1908 5209 2158 5265 defuncto
2185 5203 2451 5271 subrngati
2478 5202 2707 5271 luerunt.

1985 5277 2003 5316 ί
2045 5275 2230 5339 Corb.,
2277 5265 2567 5326 Abroncoli.
2607 5269 2737 5324 Bell.
2762 5309 2777 5331 ,
2808 5265 3320 5339 Abrunculi._Co_lb..
3369 5266 3476 5321 Pa-

1911 5345 2152 5402 trunculi.
2209 5335 2280 5397 De
2330 5342 2430 5394 hoc
2477 5341 2608 5394 libro
2639 5354 2711 5404 ιι,
2744 5353 2863 5403 cap.
2892 5336 2963 5391 25
2993 5345 3048 5389 et
3074 5335 3162 5391 56.
3198 5336 3472 5392 Eulrasius

1911 5428 2086 5471 antem
2128 5411 2441 5480 subscripsit
2466 5409 2706 5480 concilio
2731 5423 2744 5461 l
2774 5407 3055 5480 Aurelian;
3082 5422 3150 5480 ac
3180 5406 3345 5473 ipsius
3377 5423 3474 5480 no-

1913 5490 2056 5542 mine
2085 5483 2314 5538 concilio
2342 5477 2648 5550 'Agatheosi
2696 5477 2930 5550 interluit
2967 5477 3220 5550 Paulinus
3252 5477 3473 5550 presby-

1916 5567 2014 5612 ter.
2063 5554 2265 5608 Colitnr
2306 5546 2507 5605 die'll
2553 5548 2809 5604 Januarii.
2863 5548 2939 5602 De
2968 5554 3153 5601 sancto
3182 5546 3474 5613 Quintiano

1912 5626 2108 5697 sacpius
2135 5622 2241 5695 agit
2270 5622 2571 5691 Gregorius.
2599 5618 2731 5676 Vide
2759 5618 2902 5675 Vitas
2931 5618 3169 5683 Patrum,
3197 5631 3318 5687 cap.
3346 5613 3401 5670 4.
