3994 6194
579 292 684 348 2ιό

1595 295 1654 354 S.
1695 292 2028 351 GREGORII
2068 292 2381 350 EPISCOPI
2420 294 2855 353 TURONENSIS

3768 300 3875 355 ΞΗ

580 432 857 489 Eufrasius
924 432 1275 488 duodecimus
1335 433 1620 502 episcopus
1673 431 1991 487 habebatur.
2066 432 2157 487 llic

2271 406 2455 475 praelia
2485 419 2764 477 superatos
2787 409 3076 479 opprimit,
3112 426 3439 484 omnemque
3479 413 3719 483 rapinam
3757 424 3865 469 ter-

577 533 807 594 quatuor
833 539 1004 579 annos
1035 533 1158 593 post
1200 524 1563 581 Chlodovechi
1594 524 1797 579 obitum
1829 525 1996 589 vixit,
2022 526 2163 578 vice-

580 615 720 668 simo
744 614 931 684 quinto
958 615 1307 684 episcopatus
1355 617 1437 669 sui
1489 630 1631 669 anno
1670 616 1956 670 transiens.
1995 615 2163 669 Cuni-

583 722 687 772 que.
719 708 944 775 populus
992 719 1236 761 sanctum
1274 708 1621 775 Quintianum
1651 750 1665 774 ,
1694 710 1784 778 qui
1823 709 1892 763 de
1919 708 2165 764 Rutheno

583 797 790 867 ejectus
813 796 1006 864 fuerat,
1041 798 1335 868 elegisset,
1408 799 1650 853 Alchima
1710 809 1764 853 et
1813 799 2081 853 Placidina
2115 808 2161 863 η,

582 906 716 945 uxor
741 904 1001 961 sororque
1030 891 1388 960 Apollinaris,
1419 890 1486 944 ad
1531 898 1774 946 sanctum
1820 891 2163 956 Quintianum

579 981 888 1049 venientes,
934 981 1160 1038 dicunt:
1209 980 1471 1046 Sufﬁciat,
1515 980 1734 1036 domine
1776 988 1982 1049 sancte,
2011 996 2166 1035 sene-

577 1073 709 1126 ctuti
742 1080 847 1127 tute
870 1112 885 1139 ,
929 1072 1073 1142 quod
1115 1086 1176 1127 es
1215 1073 1501 1142 episcOpus
1524 1071 1823 1127 ordinatus.
1866 1070 2163 1136 Permittit,

580 1162 853 1233 inquiunt,
874 1164 1047 1234 pietas
1069 1172 1156 1218 tua
1178 1177 1337 1218 servo
1369 1173 1460 1218 tuo
1490 1163 1781 1231 Apollinari
1807 1163 1981 1218 locum
2010 1162 2166 1232 hujus

579 1256 803 1311 honoris
848 1256 1091 1326 adipisci.
1146 1255 1239 1311 llle
1289 1270 1420 1309 vero
1475 1270 1597 1310 cum
1642 1254 1708 1309 ad
1766 1254 1908 1308 hunc
1958 1254 2164 1323 apicem

581 1345 887 1401 ascenderit
913 1388 929 1413 ,
960 1345 1100 1401 sicut
1145 1345 1239 1400 tibi
1290 1345 1543 1415 placitum
1591 1344 1770 1410 fuerit,
1800 1345 2162 1413 obsequetur:

577 1446 634 1491 tu
664 1452 877 1507 quoque
905 1436 1194 1506 imperabis
1218 1478 1234 1503 ,
1265 1447 1320 1493 et
1342 1436 1432 1492 ille
1460 1447 1566 1491 tuae
1598 1436 1805 1507 parebit
1842 1437 1892 1490 in
1918 1435 2167 1490 omnibus

576 1527 842 1596 iussioni:
877 1535 1083 1582 tantum
1133 1536 1191 1581 ut
1238 1527 1427 1581 humili
1474 1524 1799 1597 suggestioni
1850 1534 2047 1580 nostra:
2073 1542 2166 1580 au-

578 1633 692 1672 rem
754 1627 861 1673 tua;
915 1618 1263 1687 benignitatis
1314 1619 1711 1673 accommodes.
1771 1618 1977 1684 Quibus
2032 1616 2165 1674 illei

576 1707 716 1773 Quid
741 1722 862 1778 ego,
906 1708 1108 1777 inquit,
1135 1708 1434 1778 praestabo,
1464 1705 1617 1776 cujus
1648 1707 1895 1776 potestati
1919 1706 2053 1761 nihil
2083 1714 2166 1761 est

2270 513 2343 552 rae
2363 499 2610 554 restituit.

2345 588 2431 643 IV.
2474 589 2643 643 Porro
2668 601 2792 643 tunc
2831 590 2972 659 apud
3003 591 3333 661 Thoringos,
3375 603 3485 649 tres
3512 594 3709 653 fratres
3736 613 3863 669 reg-

2270 696 2394 734 num
2425 683 2598 751 gcntis
2626 681 2768 735 illius
2798 684 3136 739 retinebant:
3179 683 3230 739 id
3257 696 3342 741 est
3365 687 3655 744 Baderieus
3675 732 3690 753 ,
3723 691 3861 745 Iler-

2269 771 2603 828 menefridus
2633 772 2682 840 ά,
2711 783 2869 842 atque
2912 775 3244 832 Bertharius.
3292 778 3532 852 Denique
3562 783 3864 841 llertnene-

2269 862 2437 916 fridus
2495 864 2833 921 Berthariutu
2898 867 3118 922 fratrem
3189 886 3347 927 suum
3404 874 3455 929 vi
3508 878 3858 945 npprimens,

2275 953 2566 1010 interfecit.
2609 957 2656 1010 Is
2688 959 2925 1015 moriens
2949 961 3331 1033 Radegundent
3361 965 3526 1021 ﬁliani
3558 968 3859 1037 orplianaiu

2268 1045 2556 1115 dereliquit
2580 1065 2592 1101 :
2623 1050 2837 1119 reliquit
2859 1063 3036 1107 autem
3068 1064 3122 1108 et
3146 1055 3278 1111 alios
3302 1055 3461 1125 ﬁlios,
3489 1058 3559 1114 de
3584 1059 3780 1128 quibus
3807 1062 3861 1115 in

2267 1138 2616 1206 sequentibus
2686 1141 3008 1198 scribemus.
3074 1145 3228 1216 107
3283 1146 3677 1205 llermenefridi
3732 1168 3861 1208 vero

2270 1241 2404 1281 uxor
2434 1227 2613 1297 iniqua
2654 1240 2817 1301 atque
2862 1234 3096 1291 crudelis
3119 1277 3135 1300 ,
3171 1239 3523 1310 Amalaberga
3558 1251 3583 1278 ο
3614 1244 3859 1313 nomine,

2268 1318 2411 1373 inter
2439 1320 2538 1375 hos
2565 1322 2756 1378 fratres
2784 1324 2983 1381 bellum
3011 1329 3169 1384 civile
3195 1330 3531 1389 disseminat.
3583 1334 3718 1391 Nam
3764 1354 3859 1392 ve-

2270 1409 2426 1466 niens
2454 1412 2681 1481 quadam
2730 1415 2818 1473 die
2863 1418 2931 1472 ad
2967 1420 3276 1477 convivium
3306 1424 3386 1478 vir
3414 1424 3564 1493 ejus,
3615 1443 3860 1483 mensam

2274 1503 2507 1559 mediam
2536 1518 2779 1576 opertam
2814 1512 3037 1579 reperit.
3077 1512 3320 1584 Cumque
3353 1532 3575 1572 uxorem
3598 1520 3728 1589 quid
3758 1521 3862 1576 sibi

2271 1593 2374 1648 hoc
2404 1596 2531 1649 velit
2553 1598 2927 1669 interrogaret,
2954 1605 3233 1673 respondit
3258 1624 3270 1658 :
3303 1608 3435 1674 Qui,
3466 1610 3661 1678 inquit,
3694 1626 3725 1664 a
3749 1628 3861 1666 me-

2269 1684 2359 1740 dio
2390 1701 2555 1756 regno
2578 1690 2858 1761 spoliatur,
2890 1692 3047 1758 decet
3089 1712 3210 1750 eum
3254 1712 3454 1753 mensae
3496 1702 3733 1756 medium
3767 1704 3864 1757 ha-

577 1777 890 1856 ωδιιεηίηιε)
918 1777 1307 1857 ευτηεηεηειη
1339 1809 1393 1855 ιη
1424 1801 1652 1855 orationi
1682 1813 1878 1853 vacans
1899 1797 2165 1868 αυοιεάίθ,
2197 1786 2244 1845 Β
2274 1777 2403 1833 bere
2427 1779 2703 1836 nudatum.
2726 1782 2942 1840 Talibus
2963 1797 3018 1841 et
3044 1788 3127 1842 his
3152 1790 3416 1845 similibus
3439 1791 3529 1846 ille
3559 1806 3861 1861 permotos.

577 1910 703 1948 num
736 1880 867 1948 mihi
897 1894 1096 1949 victum
1146 1902 1365 1963 praestet
1408 1893 1670 1948 Ecclesia.
1713 1892 1820 1948 Illa:
1846 1901 2021 1971 autem
2054 1893 2168 1949 haec

577 1984 899 2051 audientes,
943 1983 1310 2053 Apollinarem
1358 1984 1516 2055 106
1569 1986 1634 2038 ad
1681 1994 1860 2055 regem
1909 1986 2165 2056 dirigunt.

578 2076 681 2142 Qui
713 2075 902 2130 abiens
922 2120 938 2145 ,
967 2076 1163 2131 oblatis
1192 2076 1374 2131 multis
1400 2077 1744 2143 muneribus,
1773 2079 1827 2131 in
1854 2078 2165 2146 epismpatn

577 2170 837 2225 successit
863 2188 878 2225 :
908 2183 1013 2240 quo
1035 2177 1261 2238 quatuor
1280 2169 1506 2222 abutens
1537 2169 1835 2234 mensibus,
1865 2170 2111 2236 migravit
2135 2186 2166 2225 a

580 2262 804 2314 swculo.
821 2260 952 2314 Cum
972 2268 1152 2314 autem
1168 2259 1283 2313 haec
1302 2259 1641 2314 Tltenderico
1655 2262 1894 2315 nuntiata
1917 2261 2162 2327 fuissent,

574 2350 733 2421 jussit
777 2350 907 2403 inibi
934 2357 1179 2404 sanctum
1230 2349 1571 2417 Quintianum
1618 2351 1909 2415 constitui,
1954 2360 2010 2406 et
2050 2367 2163 2405 om-

575 2458 698 2496 nem
726 2441 776 2496 ei
807 2448 1125 2509 potestatem
1176 2441 1314 2495 tradi
1369 2440 1625 2495 Ecclesiae
1648 2482 1663 2507 ,
1704 2441 1929 2497 dicens:
1972 2444 2068 2498 llic
2094 2444 2164 2499 ob

578 2534 745 2588 nostri
773 2533 975 2587 amoris
1000 2532 1172 2588 zelum
1202 2535 1269 2588 ab
1292 2533 1426 2587 urbe
1456 2548 1549 2587 sua
1580 2534 1783 2602 ejertus
1810 2546 1913 2589 est.
1958 2536 2021 2588 Et
2049 2547 2161 2590 sta-

573 2628 668 2682 tim
700 2625 892 2680 directi
915 2624 1109 2689 nuntii,
1140 2625 1455 2680 convocatis
1494 2625 1831 2693 pontificibus
1861 2636 1914 2680 et
1944 2628 2159 2695 p0pnlo,

576 2730 701 2770 eum
731 2716 783 2770 in
807 2715 1120 2770 cathedram
1144 2716 1399 2769 Arvernae
1431 2715 1685 2770 Ecclesia:
1712 2718 2041 2783 locaverunt,
2073 2720 2160 2788 qtti

574 2816 797 2877 quartus
838 2806 1079 2866 decimus
1110 2806 1185 2861 illi
1220 2806 1475 2861 Ecclesia:
1518 2807 1835 2876 praepositus
1867 2818 1968 2863 est.
2011 2808 2159 2865 Reli-

573 2915 677 2971 qua
730 2914 859 2954 vero
903 2915 1025 2969 quae
1070 2900 1275 2970 gessit,
1331 2909 1437 2954 tam
1488 2899 1716 2954 vittntes
1756 2916 1914 2968 quam
1948 2911 2158 2971 tempus

573 2994 911 3065 tnigratiouis
930 2994 1046 3062 ejus
1072 3033 1089 3059 ,
1121 2992 1320 3060 scripta
1351 3002 1476 3049 sunt
1504 2994 1555 3047 iu
1586 2993 1724 3049 libro
1752 3010 1909 3065 quem
1940 2995 2007 3051 de
2042 2996 2158 3066 ejus

575 3084 692 3138 Vita
716 3082 743 3122 δ
773 3084 1191 3153 composuimus.

646 3173 732 3228 lll.
777 3175 869 3229 llis
898 3175 968 3228 ita
1014 3176 1220 3245 gestis,
1254 3175 1386 3230 Dani
1434 3192 1553 3232 cum
1602 3192 1727 3247 rege
1769 3194 1889 3243 suo,
1943 3179 2158 3233 nomine

575 3265 978 3321 Cllllicllilaitﬁho
1012 3276 1033 3303 ε
1054 3309 1069 3332 ,
1101 3276 1295 3320 evectu
1331 3267 1501 3320 navali
1537 3282 1630 3336 per
1669 3284 1815 3322 mare
1842 3268 2039 3322 Gallias
2063 3284 2158 3337 ap-

572 3366 783 3426 petunt.
826 3356 1147 3426 Egressique
1176 3357 1243 3410 ad
1273 3370 1463 3422 terras,
1494 3374 1683 3427 pagum
1715 3374 1876 3413 unutn
1900 3359 1967 3414 de
1992 3376 2157 3430 regno

571 3450 891 3508 Theoderici
935 3450 1218 3505 devastaut
1267 3459 1426 3518 atque
1467 3453 1776 3519 captivaot,
1819 3454 2158 3521 oneratisque

571 3542 798 3599 navibus
844 3549 951 3594 tam
994 3539 1061 3597 de
1111 3540 1339 3608 captivis
1378 3555 1535 3610 quain
1576 3540 1644 3597 de
1684 3541 1907 3611 reliquis
1948 3544 2154 3612 spoliis,

569 3634 766 3691 reverti
797 3634 860 3689 ad
895 3634 1117 3704 patriam
1146 3632 1386 3701 cupiunt.
1439 3634 1544 3689 Sed
1575 3650 1665 3687 rex
1697 3649 1882 3689 eorum
1926 3636 1980 3690 iu
2013 3638 2158 3691 littus

568 3724 860 3788 residebat,
891 3725 1060 3778 donec
1113 3738 1276 3779 naves
1320 3724 1482 3777 altum
1533 3739 1681 3779 mare
1730 3728 2157 3793 comprehende~

568 3831 713 3883 rent,
744 3819 859 3887 ipse
881 3817 1134 3885 deinceps
1160 3827 1459 3872 secuturus.
1492 3817 1642 3884 Quod
1673 3832 1793 3871 cum
1821 3817 2159 3874 Theuderieo

569 3911 869 3967 nuntiatum
900 3909 1126 3975 fuisset,
1158 3909 1300 3979 quod
1344 3909 1551 3964 scilicet
1595 3910 1742 3979 regio
1764 3910 1881 3979 ejus
1911 3911 2069 3966 fuerit
2093 3912 2160 3967 ab

573 4005 846 4059 extraneis
889 4005 1207 4065 devastata,
1252 4002 1688 4058 Theudebertum
1724 4004 1887 4058 ﬁlium
1916 4018 2070 4060 suum
2105 4006 2157 4059 in

573 4093 694 4149 illas
751 4106 930 4162 partes
957 4109 1079 4150 cum
1109 4094 1287 4148 valido
1312 4095 1547 4149 exercitu
1575 4110 1637 4148 ac
1666 4110 1859 4166 magno
1887 4113 2158 4151 armorum

576 4193 833 4255 apparatu
861 4185 1081 4242 direxit.
1122 4184 1221 4251 Qui
1270 4185 1551 4241 interfecto
1593 4200 1741 4255 rege,
1782 4186 1965 4243 hostes
1986 4187 2159 4242 navali

649 4415 676 4445 ι·
718 4405 932 4471 Regm.,
966 4405 1212 4460 Althima.
1238 4404 1400 4460 Corh.
1431 4414 1485 4458 et
1516 4405 1677 4468 Bell.,
1726 4404 2030 4459 Placidam.
2084 4407 2158 4462 De

576 4476 662 4530 his
707 4478 841 4528 infra
890 4490 1009 4539 cap.
1055 4477 1142 4529 l2.
1189 4476 1376 4540 Cori»,
1427 4476 1779 4539 Apollonaris.
1848 4476 1888 4529 ll
1916 4490 1947 4529 ο
1983 4479 2153 4531 sancti

2271 1883 2458 1927 contra
2520 1874 2737 1931 fratrem
2794 1878 3058 1949 insurgit,
3105 1896 3171 1936 ac
3220 1898 3315 1952 per
3351 1885 3595 1939 occultos
3640 1888 3864 1942 nuntios

2271 1964 2664 2021 Theuderieum
2697 1983 2877 2039 regem
2917 1971 2984 2026 ad
3013 1986 3135 2027 eum
3176 1976 3603 2045 persequendum
3645 1976 3859 2044 invitat,

2269 2055 2492 2111 dicens:
2526 2058 2583 2113 Si
2611 2059 2751 2114 hunc
2782 2060 3061 2130 interficis,
3090 2065 3365 2134 regionem
3398 2066 3534 2121 hanc
3565 2068 3680 2136 pari
3712 2081 3862 2123 sorte

2267 2150 2590 2208 dividemus.
2634 2154 2728 2210 llle
2774 2165 2949 2210 autem
2995 2158 3248 2227 gavisus,
3296 2159 3413 2215 hzec
3439 2160 3666 2215 audiens
3694 2203 3709 2218 .
3736 2178 3860 2215 cum

2267 2246 2507 2299 exercitu
2539 2248 2605 2301 ad
2648 2263 2770 2302 eum
2817 2249 3016 2319 dirigit.
3058 2250 3451 2321 Conjunctique
3489 2254 3652 2307 simul
3695 2254 3855 2309 ﬁdem

2267 2336 2366 2390 sibi
2396 2336 2624 2391 invicem
2654 2340 2866 2406 dantes,
2900 2342 3101 2408 egressi
3135 2353 3259 2396 sunt
3297 2344 3364 2397 ad
3397 2343 3623 2398 bellum.
3656 2345 3857 2398 Confli-

2266 2438 2561 2499 gentesque
2606 2447 2727 2486 cum
2758 2432 3045 2501 Baderico,
3092 2436 3388 2490 exercitum
3438 2437 3556 2506 ejus
3596 2447 3856 2504 atterunt,

2268 2521 2549 2590 ipsumque
2600 2523 2924 2579 obtruncant
2984 2526 3197 2595 gladio:
3248 2538 3303 2582 et
3344 2528 3563 2583 obtenta
3610 2530 3856 2596 victoria,

2264 2612 2631 2667 Theudericus
2662 2615 2728 2668 ad
2776 2616 2987 2684 pr0pria
3019 2628 3101 2671 est
3129 2632 3401 2674 reversus.
3442 2618 3696 2673 Protinus
3725 2620 3857 2676 Her-

2268 2701 2603 2756 utenefridus
2627 2704 2827 2759 oblitus
2854 2705 2977 2761 ﬁdei
3005 2723 3117 2761 sua:
3140 2750 3155 2774 ,
3208 2708 3347 2777 quod
3375 2709 3487 2779 regi
3514 2709 3855 2767 Theuderico

2268 2794 2549 2864 indulgete
2581 2795 2850 2864 pollicitus
2891 2808 3013 2867 est,
3042 2797 3266 2868 implere
3316 2799 3599 2870 despexit,
3630 2813 3856 2873 ortaque

2262 2896 2344 2941 est
2380 2887 2519 2942 inter
2551 2904 2642 2943 eos
2662 2889 2877 2958 grandis
2907 2890 3204 2945 inimicitia.

2337 2979 2402 3033 V.
2442 2979 2608 3049 Igitur
2639 2988 2850 3036 mortuo
2892 2982 3227 3039 Gnndobado
3259 2982 3304 3049 τ,
3353 2997 3577 3053 regnum
3618 2986 3739 3056 ejus
3766 2987 3853 3044 Si-

2270 3070 2555 3139 gimundus
2588 3072 2725 3127 ﬁlius
2752 3073 2867 3143 ejus
2894 3073 3140 3140 obtinuit,
3162 3077 3650 3147 monasteriumqne
3678 3081 3852 3147 Agau-

2186 3164 2232 3224 C
2267 3180 2431 3219 nense
2453 3165 2636 3221 solerti
2666 3182 2791 3222 cura
2841 3182 2961 3222 cum
3005 3169 3251 3224 domibus
3293 3170 3635 3242 basilicisque
3682 3173 3851 3229 aediﬁ-

2262 3258 2409 3311 cavit
2437 3266 2461 3303 8
2484 3274 2497 3311 :
2522 3259 2609 3327 qui
2640 3259 2843 3328 perdita
2878 3261 3038 3326 priori
3068 3261 3295 3332 conjuge
3326 3261 3374 3328 1³,
3401 3264 3504 3317 ﬁlia
3529 3264 3850 3321 Theodorici

2264 3348 2405 3415 regis
2433 3347 2619 3414 Italici,
2641 3349 2708 3404 de
2727 3365 2827 3419 qua
2854 3350 3017 3404 ﬁlium
3045 3352 3270 3407 habebat
3296 3355 3510 3409 nomine
3534 3356 3848 3425 Sigiricnm,

2261 3440 2418 3493 aliam
2447 3439 2600 3493 duxit
2622 3455 2878 3507 uxorem;
2910 3458 3027 3511 qua:
3059 3443 3229 3497 valide
3271 3454 3459 3497 contra
3507 3446 3677 3499 ﬁliutn
3710 3448 3848 3513 ejus,

2261 3536 2401 3587 sicut
2431 3550 2781 3590 novercarum
2815 3550 2932 3590 mos
2954 3546 3059 3603 est,
3085 3536 3363 3606 mallgnari
3393 3552 3455 3591 ac
3478 3539 3848 3595 scandalizare

2261 3630 2442 3697 cmpit.
2474 3628 2624 3684 Unde
2662 3628 2858 3683 factum
2908 3639 3030 3697 est,
3079 3640 3138 3683 ut
3177 3646 3278 3683 una
3306 3631 3707 3686 solemnitatum
3737 3632 3847 3700 die,

2261 3738 2382 3778 cum
2430 3739 2560 3792 puer
2586 3738 2748 3792 super
2783 3738 2902 3778 eam
2946 3723 3258 3778 vestimenta
3290 3724 3479 3777 matris
3506 3738 3849 3793 agnosceret,

2260 3824 2558 3893 commotus
2590 3814 2714 3870 felle
2750 3814 2951 3869 diceret
2980 3814 3047 3869 ad
3069 3830 3185 3869 eam
3212 3832 3225 3867 :
3278 3815 3389 3869 Non
3420 3815 3564 3869 enim
3609 3829 3735 3869 eras
3775 3816 3831 3869 di

2260 3923 2384 3977 gna,
2414 3916 2473 3961 ut
2520 3906 2639 3962 haec
2684 3907 2993 3963 indumenta
3043 3918 3128 3962 tua
3180 3916 3324 3977 terga
3375 3910 3750 3979 contingerent
3802 3907 3849 3974 ⁸,

2268 3999 2427 4069 108
2454 4014 2574 4065 quae
2605 3996 2839 4052 domina:
2884 4005 2987 4051 tuae
3013 4038 3027 4061 ,
3059 3998 3109 4051 id
3150 4004 3233 4052 est
3262 3997 3447 4052 matris
3480 4013 3611 4053 mete
3632 4040 3650 4066 ,
3685 3998 3850 4054 fuisse

2261 4101 2573 4144 noscuntur.
2614 4090 2683 4144 At
2724 4091 2813 4143 illa
2863 4089 3045 4145 furore
3091 4106 3345 4146 succensa
3374 4135 3389 4160 ,
3419 4092 3638 4161 instigat
3666 4093 3850 4147 verbis

2259 4182 2463 4238 dolosis
2508 4183 2678 4237 virum
2724 4197 2910 4251 suum,
2963 4183 3186 4238 dicens:
3230 4182 3326 4238 llic
3370 4185 3582 4254 iniquus
3621 4200 3849 4256 regnum

2257 4421 2423 4476 quam,
2449 4404 2608 4471 paulo
2637 4402 2855 4476 inferius
2883 4405 3143 4457 'l‘heudati
3167 4406 3307 4474 regis
3327 4421 3567 4461 sororem
3587 4411 3846 4476 appellat,

2336 4475 2354 4513 ι
2400 4475 2550 4530 Petro
2570 4476 2801 4542 consule,
2831 4475 2884 4530 id
2912 4486 2997 4532 est
3032 4490 3173 4529 anno
3201 4477 3341 4543 516-,
3372 4494 3438 4534 ex
3470 4480 3631 4534 Mario
3661 4475 3848 4537 Aven-

572 4544 897 4613 Apollinaris
942 4545 1146 4599 SidOnii
1200 4545 1337 4599 filius
1367 4546 1495 4609 fuit,
1527 4546 1617 4613 qui
1650 4548 2012 4599 Arvernorum
2041 4548 2145 4601 dux
2187 4544 2235 4601 D
2264 4547 2473 4601 ticenei.

571 4616 746 4670 fuerat
768 4616 817 4667 in
848 4615 1030 4681 praelio
1070 4614 1416 4683 Vogladcnsi,
1449 4626 1598 4683 pater
1628 4617 1911 4675 Arehadii.
1949 4616 2015 4669 de
2043 4634 2149 4682 quo

574 4684 712 4739 infra
745 4699 865 4746 cap.
900 4683 987 4751 1‘2,
1021 4693 1125 4738 etc.
1186 4685 1395 4739 Etenim
1443 4685 1497 4739 S.
1549 4684 1873 4753 Apollinaris
1898 4685 2148 4742 Sidonius

570 4772 637 4811 ex
691 4754 982 4822 Papianilla
1032 4754 1173 4809 Aviti
1225 4756 1353 4821 itnp.
1404 4755 1509 4807 filia
1556 4756 1739 4821 genuit
1788 4758 2043 4809 Alcitnam
2094 4769 2148 4812 et

571 4826 966 4895 Apollinarem;
994 4824 1099 4895 ibic
1138 4840 1203 4878 ex
1247 4824 1513 4879 Placidina
1548 4827 1857 4889 Arcadium,
1890 4827 2148 4883 Arcadius

571 4894 699 4952 vero
726 4896 950 4950 alteram
981 4894 1303 4967 Placidinam
1325 4936 1342 4960 ,
1399 4911 1517 4967 qua:
1547 4897 1770 4967 Leontio
1793 4897 2015 4965 juniori,
2052 4914 2149 4967 po-

572 4978 685 5024 stea
714 4968 968 5037 episcopo
1021 4965 1334 5037 Burdigalae,
1364 4966 1560 5034 nupsit.
1598 4966 1669 5019 De
1698 4984 1796 5034 qua
1822 4965 2144 5022 Fortunatus

570 5038 665 5095 lib.
700 5035 932 5101 t,7carut.
961 5038 1048 5091 11.
1083 5035 1214 5091 Vide
1246 5035 1425 5089 Vales.
1464 5037 1557 5090 lib.
1591 5053 1658 5090 vtt
1692 5038 1887 5092 iterum
1933 5040 2150 5103 Franc.,

572 5124 693 5233 lng.
725 5110 829 5163 3‘24
852 5147 869 5175 ,
918 5116 973 5163 et
1019 5107 1291 5163 Sirmondi
1338 5118 1496 5163 notas
1544 5109 1596 5162 in
1635 5109 1841 5164 Sidonii
1869 5109 2027 5179 epist.
2059 5111 2148 5178 15,

590 5195 602 5231 ι
648 5220 659 5230 .
691 5194 769 5232 ιιι.

569 5181 659 5232 lib.
691 5194 769 5232 ιιι.

643 5246 669 5285 b
708 5249 837 5315 Cap.
868 5247 901 5300 4
928 5248 995 5305 de
1021 5248 1155 5303 Vitis
1182 5247 1415 5304 Patrum.

646 5327 668 5354 ο
709 5316 884 5380 Colb.,
918 5318 1255 5373 Hrodolaico.
1289 5322 1409 5374 Bec.
1443 5334 1584 5374 cum.
1612 5320 1695 5375 ed.
1717 5360 1733 5383 ,
1766 5319 2112 5374 Chocltilaico.

642 5384 681 5458 ιιγ
708 5387 800 5441 Sic
823 5387 987 5458 porb.
1021 5402 1075 5443 et
1101 5390 1301 5444 Bellov.
1326 5408 1340 5453 ;
1370 5392 1457 5444 alii
1496 5395 1651 5458 paulo
1684 5391 1840 5445 aliter
1878 5391 2150 5445 Hemone-

571 5457 768 5525 [τράπε.
807 5456 955 5510 Colb.
1006 5458 1394 5526 Ermenfredus.
1445 5456 1510 5515 Et
1559 5460 1866 5517 Bertl'tttrius
1894 5462 2060 5517 semel
2092 5464 2145 5515 in

568 5529 693 5584 cod.
720 5526 879 5581 Corb.
916 5526 1109 5581 dicitur
1132 5528 1474 5584 Bcrtecart'us.

645 5604 669 5631 °
706 5598 797 5652 Sic
825 5598 1145 5669 vet_ustiores
1174 5599 1331 5653 codd.
1359 5608 1391 5665 ς’
1433 5601 1525 5655 alii
1568 5600 1871 5669 Amolberga
1891 5640 1907 5662 ,
1932 5610 2022 5654 aut
2053 5601 2146 5653 Al-

570 5669 862 5739 utuberga,
898 5666 976 5739 Ea
1014 5676 1131 5721 erat
1179 5669 1522 5739 Amalafridaa
1578 5671 1779 5723 sororis
1808 5666 2143 5724 Theudorici

570 5736 894 5810 italia-tegis
924 5736 1055 5807 filia,
1081 5752 1147 5793 ex
1177 5738 1437 5809 Procopio
1466 5739 1555 5795 lib.
1585 5756 1599 5794 ι
1630 5740 1831 5797 llistor.
1861 5741 2145 5807 Uotthicae,

2329 4627 2355 4664 ις
2396 4618 2713 4674 Agaunense
2761 4616 3141 4669 monasterium
3180 4614 3444 4671 Florentio
3483 4628 3531 4672 et
3574 4620 3849 4676 Anthemio
3910 4628 3917 4633 '

2256 4687 2570 4749 consulibus,
2598 4687 2757 4757 idest
2782 4701 2923 4757 anno
2965 4687 3071 4740 515
3090 4729 3104 4750 ,
3136 4702 3165 4739 a
3194 4687 3537 4757 Sigismundo
3563 4703 3849 4746 construc-

2257 4768 2365 4811 tum
2400 4757 2561 4809 fttisse
2593 4755 2756 4827 refert
2785 4756 2977 4810 Marius
3010 4755 3407 4822 Aventiceitsis,
3458 4762 3597 4826 qttod
3630 4762 3697 4814 de
3726 4764 3847 4827 ejus

2258 4828 2591 4895 reparatione
2618 4826 3016 4895 intelligendum
3048 4842 3169 4879 esse
3210 4829 3398 4882 suadet
3423 4830 3561 4883 Aviti
3596 4826 3847 4897 homil’ia,

2257 4914 2374 4966 qua:
2401 4898 2536 4950 dicta
2561 4897 2657 4949 fuit
2692 4897 2745 4949 in
2768 4898 3098 4950 innovatione
3125 4900 3415 4951 monasterii
3441 4900 3623 4964 ipsius.
3669 4901 3846 4958 Sittntt

2258 4977 2343 5022 est
2370 4969 2419 5021 in
2448 4966 2666 5021 dimcesi
2714 4966 3011 5021 Sednuensi
3040 4967 3107 5020 ad
3153 4968 3359 5022 radices
3389 4971 3584 5024 montis
3613 4970 3674 5027 S.
3713 4973 3846 5027 Ber-

2262 5039 2447 5103 nardi;
2500 5037 2725 5103 primum
2774 5038 2873 5089 sub
2916 5039 3094 5105 regula
3139 5038 3362 5104 privata,
3395 5048 3506 5092 tum
3538 5044 3637 5093 sub
3672 5044 3841 5099 Bene-

2264 5108 2461 5164 dictina
2493 5108 2579 5161 diu
2629 5106 2844 5179 floruit,
2876 5107 3088 5179 demum
3132 5108 3195 5159 ad
3237 5110 3522 5179 canonicos
3546 5110 3846 5179 Regulares

2265 5179 2571 5233 devolutum
2604 5185 2702 5231 est.
2759 5178 2831 5230 lle
2877 5177 2975 5231 hoc
3005 5177 3233 5231 diximus
3282 5177 3333 5230 in
3364 5177 3745 5237 Admonitioue
3778 5188 3843 5238 ad

2268 5250 2565 5318 passionem
2614 5247 2713 5318 SS.
2742 5247 2979 5300 Mauricii
3011 5255 3066 5302 et
3089 5246 3398 5313 Sociorum,
3429 5251 3479 5303 in
3514 5253 3662 5306 Actis
3694 5269 3844 5310 mar-

2266 5316 2463 5392 tyrum,
2493 5334 2618 5392 pag.
2644 5316 2776 5392 288.
2823 5318 3354 5392 lli_vulgo_martyres
3381 5319 3712 5392 Agounenaes
3742 5342 3844 5392 ap-

2265 5386 2656 5513 pellantsur
2672 5388 2861 5456 quibus
2882 5386 3170 5457 Gregorius
3200 5386 3293 5444 lib.
3322 5404 3337 5442 ι
3360 5386 3632 5448 άεΌιοτίει
3655 5386 3841 5463 Iart.,

2265 5475 2378 5513 can.
2420 5476 2435 5510 ι
2500 5475 2531 5512 e
2650 5498 2663 5511 .

2258 5475 2378 5515 catt.
2412 5460 2479 5513 '75
2500 5470 2553 5512 et
2575 5458 2663 5512 76.

2327 5476 2378 5566 Β.
2398 5476 2978 5597 illlztﬁitieobstrogotha.
3035 5528 3243 5583 Titulus
3273 5528 3506 5586 humilia:
3545 5531 3579 5584 8
3607 5535 3668 5588 S.
3697 5534 3845 5594 Aviti

2252 5615 2316 5673 ex
2347 5600 2566 5666 perditis
2592 5609 2672 5653 est
2706 5599 3109 5673 inconvertione
3131 5600 3325 5673 domini
3352 5602 3617 5669 Sigisrici,
3645 5608 3843 5673 postri-

2254 5672 2343 5748 die_
2387 5686 2541 5748 qnam
2572 5684 2717 5748 soror
2758 5669 2922 5734 ipsius
2952 5686 3015 5722 ex
3053 5670 3247 5723 At‘iana
3282 5672 3463 5726 ha’rest'
3492 5682 3567 5728 est
3607 5669 3841 5748 recepta.

2331 5740 2347 5777 ι
2391 5740 2633 5809 Bochel.,
2659 5748 2994 5810 contegerent.
