3994 6194
501 241 601 298 247

1528 224 1586 280 S.
1630 216 1965 278 GltEGORll
2009 214 2315 270 EPISCOPI
2355 215 2783 272 TURONENSIS

3686 225 3790 280 E48

501 349 1226 415 fuissent.cumGodomaro
1265 327 1577 412 conﬂigunt.
1630 339 1870 406 Cumque
1899 333 2077 390 Godo-
2110 338 2327 392 Arium
2383 337 2600 390 fratrem
2649 355 2843 403 suum,
2901 352 2956 396 et
3014 343 3452 399 Theudebertum
3505 345 3676 401 tilium
3731 362 3784 402 in

501 468 680 507 marus
707 464 826 504 cum
857 443 1102 502 exercitu
1137 450 1280 510 terga
1305 439 1589 499 vertisset,
1618 444 1672 488 et
1717 430 2087 488 Chlodomeris

502 549 896 614 insequeretur,
928 553 990 593 ac
1015 538 1082 591 de
1103 537 1216 589 suis
1245 549 1349 586 non
1391 530 1604 585 modico
1649 528 1822 596 spatio
1871 527 2088 593 elonga-

500 649 586 692 tus
621 646 783 700 esset,
821 631 1179 688 assimilantes
1209 629 1283 682 illi
1311 627 1519 695 signum
1548 625 1685 693 ejus,
1711 621 1840 674 dant
1867 620 1930 672 ad
1961 632 2083 672 eum

504 743 688 791 voces,
713 727 953 778 dicentes
981 740 995 776 :
1049 722 1164 775 Huc
1193 720 1294 772 huc
1333 723 1681 780 convertere,
1717 713 1789 764 tui
1820 711 1961 765 enim
1994 723 2084 763 su-

503 833 640 871 mus.
682 816 748 869 At
799 816 888 869 ille
932 812 1194 875 credens,
1226 808 1395 872 abiit,
1446 805 1703 873 irruitque
1747 805 1798 857 in
1850 800 2084 855 medium

504 911 843 964 inimicorum
871 922 1122 970 suorum,
1152 903 1301 974 cujus
1322 907 1648 969 amputatum
1677 905 1854 963 caput,
1878 903 1933 950 et
1955 907 2083 947 cono

507 1016 560 1059 to
589 1003 842 1067 defixum,
870 1001 1083 1056 elevant
1104 998 1154 1050 in
1181 995 1438 1059 sublime;
1465 993 1604 1062 quod
1640 989 1827 1044 Franci
1858 1000 2083 1041 cernen-

508 1107 612 1159 tes,
645 1104 806 1162 atque
841 1098 1223 1161 cognoscentes
1262 1086 1668 1142 Chlodomerem
1714 1078 2077 1141 interfectum,

498 1189 764 1256 reparatis
790 1184 991 1239 viribus
1023 1182 1385 1238 Godomarum
1414 1177 1640 1249 fugant,
1676 1171 2080 1241 Burgundiones

498 1280 838 1350 opprimunt,
875 1276 1206 1346 patriamque
1254 1273 1308 1326 in
1353 1284 1501 1324 suam
1552 1266 1800 1335 redigunt
1844 1270 2079 1331 potesta-

499 1382 628 1428 tem.
673 1370 780 1424 Nec
809 1383 955 1424 mora
984 1363 1432 1421 Chlothacharius
1464 1374 1682 1414 uxorem
1716 1355 1950 1425 germani
1975 1354 2076 1418 sui,

500 1463 870 1518 Guntheucam
903 1459 1139 1519 nomine,
1171 1457 1270 1509 sibi
1299 1453 1351 1508 in
1383 1452 1782 1507 matrimonium
1814 1448 2075 1503 sociavit:

498 1555 635 1609 filios
667 1568 878 1624 quoque
905 1550 1022 1620 ejus
1061 1547 1450 1604 Chrntechildis
1493 1546 1673 1613 regina
1698 1587 1713 1605 ,
1743 1541 1942 1597 exactis
1964 1541 2078 1594 die-

497 1647 594 1702 hus
640 1647 844 1710 luctus,
903 1659 1082 1697 secum
1126 1640 1330 1708 recepit
1366 1653 1428 1692 ac
1456 1640 1627 1692 tenuit
1651 1655 1662 1688 :
1689 1649 1910 1704 quorum
1941 1645 2075 1686 unus

2193 427 2442 481 solatium
2491 444 2810 495 assumens,
2872 448 2996 487 cum
3035 435 3277 491 exercitu
3323 437 3475 492 abiit.
3521 437 3785 507 Thoriugi

2192 533 2323 572 vero
2349 521 2688 578 venientibus
2717 525 2939 580 Francis
2969 527 3122 581 dolos
3151 539 3474 598 prmparant.
3508 531 3566 585 In
3597 547 3787 600 campo

2191 608 2357 674 enim,
2387 611 2439 664 in
2467 627 2573 680 quo
2601 623 2871 670 certamen
2899 617 2982 684 agi
3012 617 3262 684 debebat,
3281 619 3454 675 fossas
3483 621 3782 677 effodiunt:

2190 713 2412 767 quarum
2445 715 2562 767 ora,
2596 717 2782 771 operta
2821 706 2988 761 denso
3023 710 3258 777 cespite,
3309 711 3526 779 planum
3553 714 3783 767 assimu-

2190 787 2301 842 laut
2331 805 2599 861 campum.
2641 793 2696 847 In
2729 794 2824 849 has
2850 811 2980 864 ergo
3022 798 3208 854 foveas
3249 813 3368 854 cum
3402 817 3644 870 pugnare
3669 818 3781 857 co:-

2191 881 2425 948 pissent,
2459 885 2610 937 multi
2645 884 2974 942 Francorum
3002 892 3210 960 equites
3235 903 3578 958 corruerunt,
3602 909 3652 948 et
3688 896 3782 948 fuit

2189 974 2269 1027 eis
2312 974 2464 1029 valde
2509 976 2997 1042 impedimentum:
3043 984 3136 1037 sed
3185 995 3304 1051 post
3342 985 3614 1054 cognitum
3645 985 3782 1040 hunc

2187 1065 2367 1121 dolum
2419 1070 2716 1125 observare
2765 1085 3067 1140 cmpcruut.
3118 1075 3358 1143 Denique
3401 1093 3526 1130 cum
3558 1093 3618 1132 se
3641 1079 3782 1132 Thu-

2188 1157 2324 1224 ringi
2351 1159 2484 1213 czedi
2515 1161 2865 1216 vehementer
2891 1163 3173 1228 viderent,
3210 1167 3386 1234 fugato
3416 1164 3433 1204 τ
3477 1167 3778 1221 llermeue-

2189 1249 2324 1303 frido
2351 1266 2476 1318 rege
2520 1253 2759 1319 ipsorum
2790 1291 2805 1316 ,
2856 1263 2999 1323 terga
3052 1266 3265 1310 vertunt
3291 1295 3306 1318 ,
3341 1267 3396 1312 et
3420 1257 3488 1311 ad
3520 1259 3780 1313 Onestru-

2186 1341 2306 1396 dem
2341 1351 2365 1388 Β
2392 1343 2610 1396 fluvium
2635 1359 2804 1411 usque
2839 1348 3178 1413 perveniunt.
3224 1347 3402 1415 Ibique
3433 1358 3576 1401 tanta
3601 1350 3778 1403 caedes

2186 1450 2248 1488 ex
2279 1435 2566 1504 Thoringis
2600 1437 2738 1490 facta
2767 1447 2870 1502 est,
2898 1448 2952 1491 ut
2975 1439 3160 1493 alveus
3186 1439 3421 1494 fluminis
3448 1441 3776 1495 cadaverum

2185 1526 2434 1596 congerie
2460 1529 2780 1596 repleretur,
2813 1541 2867 1585 et
2895 1530 3108 1596 Franci,
3145 1540 3393 1601 tanquam
3429 1547 3525 1602 per
3554 1545 3774 1602 pontem

2185 1618 2438 1688 aliquem,
2472 1634 2634 1688 super
2663 1635 2759 1676 eos
2789 1622 2839 1674 in
2877 1622 3028 1676 littus
3058 1623 3288 1678 ulterius
3313 1626 3626 1679 transirent.
3681 1627 3776 1681 Pu-

498 1736 975 1801 Theodoualdus',
1009 1734 1140 1787 alter
1167 1731 1516 1795 Guntharitts,
1544 1730 1729 1782 tertius
1754 1726 2071 1780 Chloduual-

2187 1722 2320 1766 trata
2335 1728 2462 1782 ergo
2479 1713 2702 1768 victoria
2726 1715 2999 1784 regionem
3030 1716 3173 1769 illam
3203 1727 3510 1785 capessunt,
3536 1721 3694 1790 112
3721 1720 3773 1772 in

501 1831 601 1884 dus
630 1829 936 1882 vocabatur.
968 1824 1301 1879 Godomarus
1331 1822 1521 1876 iterum
1555 1835 1774 1888 regnum
1806 1819 2027 1884 recepit.

574 1919 685 1974 Vll.
745 1919 870 1973 Post
920 1915 1295 1971 Theuderieus
1353 1927 1459 1965 non
1527 1912 1812 1964 immemor
1861 1906 2078 1976 perjurii

502 2008 894 2066 flermenefridi
937 2007 1078 2076 regis
1128 2005 1557 2073 Thoringorum.
1604 2001 2076 2056 Chluthachariutn

504 2105 725 2158 fratrem
749 2116 902 2155 suum
933 2099 986 2152 in
1017 2098 1262 2152 solatium
1290 2110 1444 2148 suum
1476 2103 1692 2158 evocat,
1720 2102 1775 2144 et
1797 2092 2076 2144 adversum

505 2210 626 2248 eum
671 2194 750 2247 ire
797 2191 1070 2258 disponit,
1137 2187 1454 2256 promittens
1504 2183 1613 2252 regi
1663 2181 2078 2236 Chlothachario

498 2295 702 2354 partem
749 2283 979 2352 pra-dre,
1031 2282 1074 2334 si
1122 2282 1200 2333 eis
1264 2292 1457 2330 munus
1518 2273 1751 2328 victoria:
1819 2273 2077 2325 divinitus

499 2375 850 2428 conferretur.
883 2368 1205 2424 Convocatis
1234 2366 1393 2435 igitur
1423 2364 1662 2427 Francis,
1691 2363 1817 2417 dicit
1843 2363 1908 2416 ad
1939 2377 2032 2416 eos
2061 2380 2076 2417 :

495 2461 848 2534 lndignamini
874 2500 890 2525 ,
934 2473 1116 2528 qumso
1142 2498 1159 2524 ,
1217 2465 1322 2509 tam
1390 2458 1542 2526 ιιι
1585 2468 1755 2506 meam
1799 2451 2072 2520 injuriam,

493 2568 649 2624 quam
699 2551 965 2605 interitutn
1015 2557 1293 2617 parentum
1341 2554 1640 2599 vestrorum
1669 2541 1721 2603 ιι.
1751 2557 1814 2597 ac
1853 2542 2072 2597 recolite

492 2644 796 2713 Thoringos
839 2645 1108 2712 quondam
1155 2653 1317 2707 super
1344 2647 1593 2707 parentes
1624 2643 1836 2690 nostros
1867 2635 2073 2688 violen-

493 2749 576 2793 ter
595 2737 900 2800 advenisse,
925 2750 989 2788 ac
1012 2733 1171 2786 multa
1202 2731 1307 2785 illis
1337 2729 1580 2784 intulisse
1623 2728 1783 2792 mala,
1809 2728 1898 2796 qui
1932 2727 2073 2778 datis

493 2829 792 2892 obsidibus,
825 2840 1009 2897 pacem
1057 2837 1178 2877 cum
1227 2821 1308 2875 his
1360 2821 1496 2874 inire
1516 2819 1802 2874 voluerunt
1846 2827 1867 2854 ο
1912 2833 1926 2868 :
1980 2815 2072 2869 sed

492 2920 569 2974 illi
598 2918 816 2973 obsides
865 2917 1013 2985 ipsos
1041 2911 1266 2968 diversis
1296 2910 1558 2964 mortibus
1606 2915 1947 2976 peremerunt
1974 2949 1987 2971 ,
2021 2917 2074 2960 et

493 3013 754 3066 irruentes
802 3023 963 3079 super
1012 3015 1261 3076 parentes
1308 3011 1542 3068 nostros,
1576 3014 1791 3054 onmem
1818 2999 2072 3052 substan-

2183 1817 2335 1857 suam
2389 1804 2634 1873 redigunt
2704 1814 3053 1874 potestatem.
3138 1807 3587 1861 Chlothaeharius
3645 1825 3775 1862 vero

2181 1897 2395 1952 rediens
2419 1938 2435 1962 ,
2471 1898 2851 1967 Badeguudem
2886 1901 3046 1954 tiliam
3078 1901 3338 1955 Bertharii
3366 1902 3504 1968 regis
3530 1901 3556 1935 ιλ
3584 1917 3770 1956 secum

2181 1991 2445 2058 captivam
2474 1991 2733 2057 abduxit,
2765 1992 2973 2060 sibique
3003 2007 3118 2045 eam
3153 1993 3206 2045 in
3248 1993 3646 2046 matrimonium
3679 2009 3772 2047 so-

2181 2082 2359 2136 ciavit.
2403 2082 2565 2152 Cujus
2617 2083 2832 2138 fratrem
2886 2093 3067 2152 postea
3126 2084 3324 2153 injuste
3380 2100 3473 2151 per
3521 2087 3774 2140 homines

2182 2177 2392 2244 iniquos
2418 2175 2636 2230 occidit.
2677 2177 2768 2229 llla
2799 2192 3013 2245 quoque
3041 2176 3106 2230 ad
3139 2177 3304 2231 Deum
3337 2193 3620 2241 conversa,
3656 2195 3768 2233 mu-

2182 2278 2288 2320 tata
2323 2277 2470 2321 veste
2511 2268 2892 2322 monasterium
2945 2268 3047 2321 sibi
3097 2269 3234 2321 infra
3269 2269 3641 2323 Pictavensetn
3686 2284 3773 2321 ur-

2182 2360 2300 2413 bem
2355 2359 2692 2424 construxit,
2742 2374 2861 2428 quae
2909 2361 3264 2424 orationibus,
3303 2360 3546 2430 jt-juuiis,
3576 2362 3772 2430 vigiliis

2178 2465 2342 2523 atque
2364 2453 2720 2522 eleemosynis
2745 2455 2966 2521 prmdita
2998 2455 3049 2508 in
3075 2463 3277 2508 tantum
3309 2454 3545 2517 emicuit,
3572 2463 3626 2506 ut
3658 2469 3771 2506 ma-

2178 2559 2277 2610 gna
2313 2544 2364 2597 in
2394 2543 2602 2611 populis
2632 2543 2941 2596 haberetur.
2983 2542 3116 2596 Cum
3156 2552 3332 2595 autem
3372 2541 3545 2595 adhuc
3575 2555 3773 2608 supra-

2177 2635 2305 2689 όιριί
2339 2649 2490 2704 rcges
2517 2637 2568 2688 in
2603 2634 2890 2704 Thoringia
2923 2644 3122 2699 essent,
3148 2634 3515 2688 'l‘heudericus
3546 2632 3773 2686 Clotha-

2177 2727 2418 2780 eharium
2440 2725 2660 2781 fratrem
2693 2741 2846 2780 suum
2871 2727 3118 2780 occidere
3147 2727 3330 2780 voluit.
3365 2725 3428 2779 Et
3457 2726 3771 2794 pneparatis

2177 2819 2386 2874 occulte
2416 2833 2537 2874 cum
2586 2821 2749 2874 armis
2802 2820 2952 2884 viris,
2998 2834 3122 2874 eum
3171 2819 3234 2873 ad
3280 2833 3339 2873 se
3389 2827 3582 2884 vocat,
3614 2818 3770 2886 quasi

2176 2913 2434 2967 secretius
2459 2928 2580 2966 cum
2611 2927 2677 2967 eo
2703 2911 2902 2982 aliquid
2937 2921 3258 2969 tractaturus
3281 2953 3295 2977 ,
3329 2926 3680 2982 expansoque
3710 2911 3767 2965 in

2181 3012 2330 3072 parte
2356 3005 2546 3056 domus
2578 3004 2720 3057 illius
2762 3002 3023 3066 tentorio,
3056 3003 3122 3057 de
3169 3018 3274 3056 uno
3317 3003 3512 3069 pariete
3544 3001 3594 3053 in
3624 3001 3766 3055 alte-

493 3103 619 3157 tiam
664 3102 1038 3163 abstulerunt,
1092 3110 1288 3167 pueros
1333 3111 1428 3164 per
1481 3109 1700 3148 nervum
1757 3090 1978 3147 femoris
2005 3091 2069 3144 ad
2101 3090 2146 3152 C
2179 3111 2318 3160 rum,
2352 3105 2586 3148 armatos
2616 3104 2737 3164 post
2776 3109 2896 3148 eum
2931 3105 3076 3148 stare
3101 3095 3274 3163 jubet.
3315 3092 3556 3161 Cumque
3583 3100 3765 3146 tento-

491 3195 714 3248 arbores
743 3191 1130 3262 appendentes,
1165 3188 1372 3257 puellas
1402 3186 1631 3254 amplius
1661 3185 1922 3239 ducentas
1949 3199 2071 3236 cru-

492 3282 598 3338 deli
629 3297 759 3336 nece
789 3279 1174 3334 intetfecerunt
1200 3295 1213 3331 :
1246 3277 1318 3330 ita
1349 3286 1406 3329 ut
1448 3275 1622 3345 ligatis
1651 3273 1885 3330 brachiis
1913 3288 2074 3340 super

491 3391 748 3446 equorum
776 3372 1071 3428 cervicibus
1093 3409 1110 3436 ,
1149 3371 1358 3439 ipsique
1384 3369 1648 3424 acerrimo
1678 3368 1808 3422 moti
1857 3366 2074 3420 stimu'o

491 3481 586 3537 per
614 3466 822 3520 diversa
877 3471 1158 3531 petentes,
1220 3460 1459 3514 diversas
1511 3459 1562 3512 in
1620 3469 1799 3526 partes
1849 3456 2072 3511 feminas

490 3557 812 3612 diviserunt.
857 3553 990 3609 Aliis
1019 3568 1146 3608 vero
1184 3566 1346 3619 super
1370 3551 1571 3606 orbitas
1598 3549 1622 3585 ι¹
1660 3550 1860 3603 viarum
1890 3560 2073 3605 exten-

493 3648 592 3714 sis,
623 3645 950 3712 sudibusque
974 3645 1025 3698 in
1059 3653 1256 3698 terram
1278 3641 1539 3706 conlisis,
1567 3641 1802 3709 plaustra
1842 3644 2074 3711 desuper

490 3747 710 3792 onerata
740 3736 966 3790 transire
989 3733 1264 3797 fecerunt,
1297 3731 1692 3800 Confractisque
1721 3733 1952 3798 ossibus,
1983 3747 2072 3787 ca-

493 3827 648 3882 nibus
675 3826 970 3894 avibusque
1003 3837 1094 3878 eas
1127 3823 1180 3877 in
1229 3822 1428 3878 cibaria
1471 3823 1754 3876 dederunt.
1804 3822 1955 3878 Nunc
1980 3839 2071 3878 au-

492 3927 598 3971 tem
631 3915 1068 3972 llcrmenefridus
1095 3914 1236 3984 quod
1270 3915 1398 3968 mihi
1435 3915 1701 3984 pollicitus
1729 3925 1812 3969 est
1859 3917 2068 3984 fefellit,

490 4019 547 4062 et
573 4008 791 4061 omnino
825 4006 939 4061 ha-c
989 4007 1286 4075 adimplere
1316 4007 1636 4061 dissimulat.
1679 4006 1818 4062 Ecce
1847 4010 2068 4064 verbum

487 4099 745 4153 directum
773 4099 1032 4154 habemus
1049 4108 1100 4149 σε
1124 4112 1309 4152 eamus
1335 4114 1452 4150 eum
1484 4097 1576 4152 Dei
1601 4098 1864 4166 adjuturio
1884 4113 2070 4154 contra

485 4206 602 4245 eos.
643 4191 793 4259 Quod
840 4192 914 4245 illi
964 4193 1270 4256 audientes,
1314 4200 1370 4246 et
1423 4193 1489 4247 de
1520 4204 1665 4248 tanto
1695 4193 1897 4248 scelere
1927 4193 2068 4247 indi-

489 4293 755 4351 gnantes,
797 4298 904 4336 uno
938 4284 1121 4336 animo
1167 4283 1462 4353 eademque
1509 4285 1794 4344 sententia,
1841 4286 2071 4340 Thoriu-

483 4373 624 4443 giatn
676 4375 1002 4445 petiverunt.
1061 4375 1423 4430 Theodericus
1478 4382 1654 4429 autem
1712 4374 2069 4429 Chlotltacha-

2177 3188 2314 3242 rium
2365 3187 2493 3242 illud
2540 3198 2685 3242 esset
2730 3187 2978 3251 brevius,
3031 3187 3194 3255 pedes
3240 3196 3566 3240 armatorum
3596 3199 3768 3254 appa-

2176 3297 2333 3337 ruere
2364 3282 2583 3336 detecti.
2624 3281 2774 3348 Quod
2810 3295 3140 3348 cognoscens
3171 3281 3768 3343 Chlothacharius,cum

2176 3372 2285 3426 suis
2313 3380 2550 3425 armatus
2575 3373 2844 3440 ingressus
2867 3380 2952 3426 est
2973 3372 3211 3426 domum.
3242 3373 3608 3425 'l‘heudericus
3633 3387 3764 3426 vero

2177 3462 2480 3530 intelligens
2528 3461 2669 3516 hunc
2697 3463 2810 3515 haec
2847 3463 3164 3531 cognovisse
3188 3501 3202 3522 .
3248 3462 3477 3515 fabulam
3507 3461 3679 3530 ﬁngit.
3712 3473 3767 3516 et

2175 3551 2277 3605 alia
2308 3566 2371 3605 ex
2404 3552 2522 3605 aliis
2552 3552 2806 3618 loquitur.
2854 3551 3091 3620 Denique
3129 3553 3376 3606 nesciens
3407 3553 3636 3621 qualiter
3664 3553 3766 3606 do-

2175 3643 2283 3698 lum
2314 3657 2468 3698 suum
2501 3643 2779 3707 deliniret,
2837 3643 3042 3697 discum
3089 3645 3137 3699 ei
3169 3659 3417 3713 magnum
3449 3653 3766 3714 argentemn

2176 3751 2273 3805 pro
2299 3737 2470 3807 gratia
2493 3735 2660 3790 dedit.
2703 3734 3111 3790 Clothacharius
3157 3751 3285 3790 vero
3337 3736 3663 3799 valedicens,
3713 3746 3766 3790 et

2177 3843 2273 3898 pro
2322 3843 2546 3882 munere
2589 3829 2787 3896 gratias
2832 3843 2996 3897 agens
3022 3868 3036 3890 ,
3079 3827 3146 3880 ad
3186 3836 3438 3882 metatum
3487 3842 3766 3896 regressus

2173 3929 2277 3975 est.
2317 3917 2684 3973 Theudericus
2726 3932 2854 3971 vero
2903 3916 3149 3987 queritur
3193 3918 3258 3971 ad
3307 3931 3469 3981 suos,
3499 3917 3642 3970 nulla
3670 3931 3764 3971 et-

2174 4009 2335 4066 stanti
2363 4025 2524 4064 causa
2559 4025 2714 4064 suum
2747 4007 3044 4076 perdidisse
3089 4009 3362 4062 catinum:
3396 4018 3448 4060 et
3490 4008 3558 4060 ad
3588 4007 3758 4062 lilium

2173 4116 2326 4156 suum
2351 4099 2783 4154 Theudebertum
2813 4099 2927 4151 ait:
2963 4097 3107 4152 Vade
3134 4100 3203 4150 ad
3243 4107 3488 4166 patruum
3527 4095 3541 4133 ί
3580 4106 3754 4156 tuum.

2172 4203 2226 4247 et
2271 4207 2398 4261 roga
2447 4200 2503 4244 ut
2547 4204 2736 4243 munus
2778 4189 2918 4258 quod
2959 4190 3006 4243 ei
3035 4189 3177 4252 dedi,
3211 4189 3303 4242 tibi
3343 4203 3436 4242 sua
3471 4190 3750 4243 voluntate

2171 4282 2454 4339 concedat.
2497 4281 2597 4346 Qui
2625 4280 2832 4348 abiens,
2856 4282 2992 4350 quod
3025 4280 3177 4350 petiit
3206 4281 3526 4349 impetravit.
3572 4281 3626 4333 lu
3671 4289 3755 4332 ta-

2174 4376 2310 4430 libus
2337 4373 2478 4430 enim
2506 4371 2643 4426 dolis
2683 4371 3049 4427 Theodericus
3097 4372 3322 4426 multum
3361 4371 3586 4426 callidus
3608 4382 3746 4428 erat.

484 4559 582 4626 Qui
614 4557 760 4610 locus
790 4555 855 4608 ad
905 4555 1219 4608 Rhodanum
1264 4555 1398 4608 situs
1445 4563 1526 4607 est
1568 4554 1705 4608 inter
1734 4553 1990 4608 Viennam
2013 4566 2066 4610 et
2098 4557 2146 4615 D
2172 4550 2585 4626 d'entreprendre
2603 4565 2704 4626 uite
2731 4548 2900 4626 chose.
2930 4546 3060 4601 Vide
3087 4547 3178 4601 lih.
3210 4563 3278 4610 tv,
3310 4563 3426 4616 cap.
3468 4550 3552 4602 Η.

484 4629 717 4684 lielicatn
749 4627 926 4679 urbes.

559 4707 586 4736 ι
620 4697 721 4750 Alii
772 4694 1137 4748 Theotbaldus.
1171 4693 1390 4747 Fallitur
1423 4694 1598 4761 itaque
1628 4691 1879 4760 Agatltias
1906 4735 1922 4758 ,
1965 4697 2054 4762 qui

491 4769 589 4824 lib.
616 4783 631 4820 ι
654 4766 1062 4820 Chlodomerem
1085 4766 1287 4826 absque
1319 4764 1497 4815 liberis
1529 4764 1774 4831 periisse,
1805 4777 1857 4816 et
1883 4764 2056 4818 Fran-

484 4854 577 4893 cos
623 4838 738 4904 ipso
785 4834 966 4889 occiso
998 4875 1012 4897 ,
1065 4837 1244 4886 animo
1277 4832 1500 4904 ahjectn
1530 4850 1556 4882 a
1593 4833 2058 4902 Burgundionibus

487 4902 660 4978 legem
693 4907 966 4974 accepisse
1009 4904 1214 4978 scribit.
1261 4902 2057 4978 Obiit__(§l_tlodottterisdustino

487 4996 522 5033 tt
544 4973 610 5034 'et
635 4973 884 5048 Opilione
911 4990 1082 5041 coss.,
1116 4973 1169 5028 id
1194 4985 1276 5028 est
1305 4990 1394 5026 an.
1422 4973 1527 5029 524
1551 5013 1566 5040 ,
1599 4989 1664 5030 ex
1709 4974 1860 5029 Marii
1887 4976 2056 5032 Chro-

489 5065 636 5102 111130.

557 5119 584 5157 δ
611 5119 744 5172 Cod.
777 5118 990 5188 Begm.,
1019 5131 1281 5188 meorum.
1301 5114 1435 5169 Vide
1465 5129 1623 5184 supra
1654 5129 1772 5184 cap.
1805 5113 1860 5166 4.

559 5199 583 5257 ς
625 5191 765 5242 Idem
797 5187 918 5244 cod.
955 5189 1169 5257 Begm.,
1199 5187 1491 5257 noluerunt.

561 5255 588 5294 ά
619 5258 832 5312 Orbitas
860 5255 1056 5313 vetera‘
1083 5256 1336 5324 glossaria
1381 5258 1635 5324 ipsasmet
1667 5257 1778 5309 vias
1820 5257 2056 5323 publicis

490 5328 784 5398 appellant.
809 5330 989 5382 Orbita
1028 5330 1226 5397 quippe
1263 5338 1345 5398 est
1398 5328 1575 5381 sulcus
1619 5343 1774 5393 quem
1807 5343 2053 5398 curruum

492 5397 628 5451 rutae
671 5412 766 5451 seu
796 5399 955 5452 orbes
1003 5399 1058 5452 in
1100 5413 1200 5452 vus
1243 5397 1545 5454 elformant.
1593 5398 1800 5454 Gallice
1833 5397 2058 5451 dicimus

491 5469 580 5522 des
613 5466 864 5521 orniéres.

566 5547 592 5576 ο
624 5538 721 5591 lltc
749 5536 1000 5604 loquendi
1029 5538 1217 5591 modus
1241 5540 1435 5605 passim
1460 5539 1597 5607 apud
1626 5537 1938 5602 Gregorium
1971 5551 2060 5590 oc-

493 5609 661 5662 currit
690 5607 757 5661 atl
794 5608 1206 5674 exprimendum
1246 5610 1440 5674 aliquid
1464 5610 1584 5677 jure
1623 5619 1821 5661 etcum
1856 5608 2059 5661 ratione

497 5679 705 5749 suscipi
738 5692 915 5747 posse.
952 5677 1223 5744 Hodieque
1251 5678 1452 5734 Gallice
1482 5678 1724 5738 dicimus,
1757 5678 1896 5729 avoir
1927 5677 2059 5732 droit

2249 4623 2264 4659 ί
2311 4621 2522 4674 Addunt
2550 4619 2701 4682 editi,
2737 4634 2842 4682 pra:
2865 4619 3059 4672 timore.

2237 4701 2261 4739 ε
2301 4691 2433 4747 Cod.
2465 4689 2656 4754 C0lb.,
2689 4687 3048 4741 Unstrondem.
3103 4688 3316 4742 Fluvius
3359 4699 3442 4743 est
3488 4689 3753 4745 Eichslel-

2162 4764 2299 4827 dite,
2333 4761 2489 4828 vulgo
2538 4761 2605 4812 ab
2652 4759 2861 4828 incolis
2891 4757 3139 4812 Umtrndt
3178 4759 3352 4812 dictus
3378 4800 3391 4821 ,
3423 4769 3479 4813 ut
3502 4761 3754 4818 obServat

2164 4827 2452 4888 Browerus
2480 4831 2531 4882 in
2561 4829 2700 4882 notis
2729 4829 2794 4880 ad
2830 4827 3206 4881 Fortunatttm.

2239 4901 2265 4940 ιι
2308 4903 2354 4955 Is
2383 4910 2504 4955 erat
2530 4897 3116 4970 frater,lli-rmenfredi.
3169 4898 3299 4970 Vide
3344 4915 3503 4968 supra
3543 4916 3665 4970 cap.
3701 4903 3755 4956 4.

2165 4972 2444 5027 Excidium
2476 4985 2604 5023 vero
2647 4968 2953 5040 Thuringize
3002 4969 3296 5033 describit,
3323 4978 3378 5022 et
3406 4968 3758 5040 Badcgundis

2162 5045 2379 5098 nomine
2409 5041 2650 5108 deplorat
2701 5039 3025 5092 Fortunatus
3073 5040 3122 5092 iu
3170 5041 3540 5108 Supplemeuti
3575 5039 3750 5096 carm.

2161 5130 2198 5174 ι,
2233 5114 2317 5165 ubi
2341 5112 2505 5165 etiam
2529 5111 2594 5162 de
2621 5109 2857 5176 ejusdem
2893 5109 3054 5162 fratre
3093 5112 3288 5177 injuste
3344 5114 3544 5166 occisu.
3605 5113 3754 5166 Idem

2161 5184 2484 5238 Fortunatus
2527 5181 2716 5233 librttm
2748 5182 2975 5243 primum
3019 5179 3138 5232 vita:
3177 5181 3234 5234 S.
3274 5181 3639 5249 “alleglllldis,
3676 5188 3756 5236 ai-

2164 5265 2334 5308 tertltn
2379 5267 2510 5304 Vero
2558 5249 2877 5320 Batttlnttivia
2913 5250 3158 5320 tttottialis
3183 5251 3479 5316 scripsere,
3528 5255 3619 5320 qui
3655 5259 3721 5306 ha

2163 5325 2361 5392 bentur
2397 5322 2446 5374 in
2479 5321 2624 5374 Actis
2680 5319 2775 5371 SS.
2821 5319 2947 5372 Urtl.
2977 5320 3053 5392 _S.
3092 5322 3355 5392 Benedicti
3389 5323 3524 5376 Saec.
3551 5319 3597 5383 ι,
3634 5341 3755 5392 pag.

2163 5394 2286 5446 Sltl.
2317 5391 2694 5445 Monasterium
2729 5404 2856 5444 vero
2879 5392 2945 5441 ab
2974 5389 3086 5456 ipsa
3115 5390 3387 5444 conditum
3413 5394 3577 5446 etiam
3611 5389 3756 5448 nunc

2162 5466 2262 5518 sub
2309 5463 2367 5516 S.
2415 5459 2600 5514 Crucis
2650 5461 2802 5513 titulo
2834 5459 3035 5512 illustre
3065 5471 3395 5524 perseverat.
3431 5462 3620 5516 Ordini
3651 5465 3754 5518 Be-

2165 5533 2436 5588 nedictitto
2465 5530 2754 5584 addictum.
2799 5530 2871 5585 De
2897 5531 2977 5585 his
3001 5529 3135 5586 infra
3163 5545 3270 5586 non
3296 5535 3489 5598 semel,
3521 5534 3752 5602 potissi-

2167 5618 2308 5658 mum
2340 5601 2432 5654 lib.
2466 5615 2543 5654 rx.

2245 5674 2258 5708 ί
2307 5670 2464 5737 Editi,
2495 5679 2706 5732 patrem.
