3994 6194
144 236 235 290 2w

1058 244 1373 302 HISTORIA
1415 247 1857 307 FRANCOBUM.
1900 254 2099 309 LIBER
2138 256 2452 315 TERTIUS.

3273 268 3380 322 230

210 351 329 406 \lIIl.
369 352 510 409 Idem
567 370 699 411 vero
735 372 1009 426 regressus
1039 361 1103 415 ad
1132 364 1342 431 prepria
1363 403 1380 427 ,
1411 366 1700 420 IIertnene-
1730 371 1772 428 Α
1805 368 2067 426 the~anris
2108 387 2346 426 sororem
2389 384 2713 443 assumptam
2761 391 2941 434 secum
2970 381 3234 440 adducere
3278 399 3378 439 eu-

152 443 322 498 Iridnm
367 445 429 499 ad
473 461 534 501 se
562 447 685 501 data
736 450 841 503 Iide
881 465 1127 506 securum
1180 457 1361 508 venire
1426 457 1696 525 pra-cepit,

154 548 289 597 quem
317 542 370 587 et
407 535 719 592 honorificis
759 538 949 593 ditavit
991 544 1323 600 muneribus.
1375 546 1592 600 Factum
1621 559 1703 603 est

156 637 306 678 autem
331 627 453 681 dum
484 630 714 693 quadam
744 632 832 685 die
864 648 957 701 per
989 650 1197 689 murum
1229 639 1454 692 civitatis
1483 641 1699 695 ’l‘ulbia-

158 718 311 771 censis
352 719 845 787 confabularentnr,
900 739 929 778 a
979 727 1162 780 nescio
1204 744 1310 796 quo
1358 732 1611 798 impulsus
1634 732 1701 787 de

162 810 408 865 altitudine
455 814 591 866 muri
632 815 698 867 ad
745 825 941 870 terram
988 820 1224 881 corruit,
1253 820 1429 889 ibique
1454 822 1699 889 spiritum

163 898 417 953 exhalavit.
458 901 565 956 Sed
606 904 727 971 quis
774 922 897 959 eum
950 909 1143 963 exinde
1191 910 1464 979 dejecerit,
1494 914 1701 981 ignora-

158 1005 292 1043 mus:
324 992 465 1045 multi
499 1003 673 1047 tamen
702 1008 949 1051 asserunt
984 1001 1138 1070 113
1170 1001 1485 1058 Theoderici
1522 1005 1572 1058 in
1602 1007 1701 1061 hoc

152 1080 310 1134 dolum
337 1084 762 1140 manifestissime
795 1092 1025 1155 patuisse
1054 1100 1106 1144 ⁸.

212 1171 292 1225 IX.
331 1175 455 1227 Cum
485 1188 663 1230 autem
711 1178 886 1234 adhuc
916 1180 1280 1237 Tlieuilerieus
1311 1184 1362 1238 in
1410 1185 1698 1256 Thoringia

147 1277 291 1327 esset,
332 1269 581 1324 Arvernis
628 1272 810 1325 sonuit
838 1288 957 1326 eum
1006 1275 1337 1330 interfectum
1371 1278 1551 1332 fuisse.
1596 1283 1698 1335 Ar-

147 1354 313 1409 cadius
341 1373 575 1427 quoque,
606 1376 741 1415 unus
770 1378 833 1416 ex
866 1366 1204 1419 senatoribus
1245 1369 1521 1435 Arvernis,
1553 1371 1700 1426 Chil-

143 1444 399 1498 debertum
448 1449 663 1515 invitat,
698 1458 755 1502 ut
795 1452 1067 1517 regionem
1112 1455 1253 1508 iilam
1297 1456 1516 1512 deberet
1561 1462 1701 1515 acci-

143 1552 275 1601 pere.
312 1539 396 1591 Ille
424 1555 633 1607 quoque
663 1557 760 1595 nec
790 1553 1024 1596 moratus
1063 1549 1316 1600 Arvernis
1362 1548 1526 1603 vadit.
1557 1550 1700 1604 Tan-

144 1636 286 1695 taque
314 1629 361 1682 in
393 1631 475 1683 illa
507 1632 591 1685 die
622 1634 889 1687 condensa
923 1633 1020 1687 fuit
1051 1638 1265 1703 nebula,
1297 1648 1352 1691 ut
1375 1642 1504 1693 nihil
1540 1656 1701 1709 super

1805 458 1978 526 piebat
2008 478 2019 511 :
2051 476 2169 528 qua:
2206 466 2389 517 nescio
2418 478 2525 533 quo
2552 480 2677 520 casu
2719 468 2768 520 in
2798 468 2879 521 via
2908 481 3114 525 mortua
3159 480 3237 525 est
3259 512 3275 535 ,
3315 485 3376 530 et

1805 559 1984 616 postea
2020 552 2247 606 Parisios
2276 554 2455 619 allata,
2480 555 2626 622 juxta
2660 568 2860 624 patrem
2890 573 3043 613 suum
3067 560 3374 617 Chlodove-

1802 641 1960 693 chum
2006 642 2210 710 sepulta
2256 652 2359 698 est.
2404 644 2777 703 Childebcrtus
2806 665 2931 703 vero
2975 650 3113 704 inter
3142 652 3377 721 reliquos

1806 727 2081 783 thesauros
2114 733 2406 787 ministeria
2441 735 2783 792 ecclesiarum
2816 740 3195 806 pretiosissima
3224 742 3378 797 detu-

1802 815 1885 870 lit.
1926 818 2057 872 Nam
2087 822 2360 891 sexaginta
2406 824 2631 889 calices,
2664 828 2964 895 quindecim
3008 843 3255 899 patenas,
3296 836 3375 887 vi-

1801 908 1935 976 ginti
1984 910 2388 980 Evangeliorum
2422 929 2610 983 capsas
2645 918 2867 982 detulit,
2916 924 3094 975 omnia
3135 938 3200 978 ex
3241 939 3376 979 anro

1803 1011 1956 1064 puro,
1981 1014 2044 1053 ac
2068 1002 2291 1067 gennnis
2320 1005 2565 1071 pretiosis
2586 1018 2769 1062 ornata
2800 1027 2813 1061 :
2837 1011 2932 1065 sed
2955 1027 3058 1065 non
3082 1022 3164 1067 est
3190 1028 3375 1081 passus

1802 1103 1864 1142 ea
1906 1090 2189 1160 confringi.
2222 1092 2423 1149 Cuncta
2454 1098 2597 1151 enim
2628 1100 2867 1155 ecclesiis
2908 1112 2961 1155 et
2991 1103 3225 1159 basilicis
3251 1119 3376 1159 san-

1802 1189 2007 1234 ctorum
2049 1182 2398 1250 dispensavit,
2430 1203 2493 1242 ac
2527 1190 2741 1245 tradidit
2776 1193 2827 1246 in
2868 1196 3214 1252 ministerium
3252 1198 3297 1255 δ.

1877 1268 1966 1323 XI.
2006 1271 2247 1328 [‘03:th
2276 1275 2722 1335 Chlothacharius
2751 1291 2807 1336 et
2845 1283 3216 1342 Childebertus
3246 1289 3378 1343 Bur-

1801 1363 2024 1430 gundias
2053 1373 2235 1431 petere
2282 1367 2571 1421 destinant.
2612 1372 3049 1443 Convocatusqne
3088 1378 3377 1434 Theuderi-

1800 1465 1896 1504 cus
1918 1492 1934 1515 ,
1967 1452 2018 1505 in
2052 1454 2241 1506 solatio
2273 1453 2289 1490 ί
2334 1472 2520 1511 eorum
2554 1460 2630 1512 ire
2672 1461 2860 1517 noluit.
2892 1463 3080 1518 Franci
3112 1482 3237 1520 vero
3283 1469 3374 1536 qui

1800 1544 1865 1595 ad
1897 1559 2017 1596 eum
2063 1546 2417 1614 aspiciebant,
2445 1549 2694 1603 dixerunt
2720 1570 2734 1603 :
2765 1553 2822 1607 Si
2850 1569 2968 1608 cum
2997 1554 3246 1610 fratribus
3272 1559 3378 1611 tuis

1804 1633 1855 1688 in
1901 1635 2258 1703 Burgundiam
2308 1638 2385 1692 ire
2430 1640 2781 1709 dexpexeris,
2816 1654 2865 1699 te
2903 1647 3278 1715 relinquimus,
3323 1659 3377 1703 et

139 1716 328 1770 duabus
351 1718 518 1787 jugeri
552 1722 786 1788 partibus
824 1723 1055 1778 discerni
1090 1737 1287 1795 posset.
1343 1728 1528 1785 Dicere
1554 1732 1695 1786 enim
1729 1748 1775 1807 Β
1804 1726 1922 1779 illos
1951 1729 2116 1782 satius
2143 1732 2289 1797 sequi
2338 1743 2711 1800 praeoptamus.
2754 1737 2823 1789 At
2867 1739 2953 1791 ille
3002 1740 3244 1794 infideles
3274 1742 3375 1794 sibi

138 1821 240 1864 crat
282 1816 463 1867 solitus
503 1830 597 1869 rex
629 1834 639 1867 :
676 1816 872 1882 Velim,
901 1818 1090 1888 inquit,
1119 1824 1408 1876 Arvernam
1438 1823 1465 1862 δ
1509 1825 1697 1880 Lema-

139 1916 273 1963 nem,
304 1918 417 1970 qum
448 1914 608 1957 tanta:
627 1903 972 1973 Iucunditatis
1000 1910 1167 1977 gratia
1198 1912 1457 1981 refulgere
1486 1913 1695 1982 dicitur,

134 1994 291 2047 oeulis
330 2008 569 2049 cernere.
616 1996 723 2051 Sed
770 2013 874 2051 non
919 2000 967 2053 ei
1015 2015 1043 2053 a
1090 2002 1198 2055 Deo
1242 2018 1555 2060 concessum
1593 2015 1697 2060 est.

131 2087 360 2151 Curaque
391 2102 559 2155 porta:
585 2090 816 2144 civitatis
840 2090 1101 2146 obserata:
1127 2103 1328 2159 essent,
1359 2105 1415 2151 et
1437 2097 1579 2153 unde
1618 2098 1699 2151 in-

131 2182 426 2248 grederetur
458 2185 699 2252 pervium
727 2187 971 2255 patulum
1001 2202 1104 2241 non
1137 2188 1379 2253 haberet,
1411 2191 1573 2246 incisa
1600 2194 1699 2245 Ar-

132 2274 307 2329 cadius
350 2290 468 2328 sera
520 2276 677 2330 unius
716 2285 917 2344 μοι-ιω,
971 2293 1093 2333 eum
1132 2280 1335 2334 civitati
1384 2281 1695 2338 intromisit.

138 2365 260 2418 Dum
291 2368 400 2422 haec
426 2378 717 2438 agerentur
736 2410 753 2435 ,
800 2372 1072 2426 nuntiatur
1099 2372 1488 2429 Theodericum
1520 2375 1695 2430 vivum

136 2456 196 2509 de
220 2458 496 2528 Thoringia
538 2460 704 2515 fuisse
749 2476 1068 2528 regressum.

204 2547 266 2601 Χ.
306 2550 450 2616 Quod
491 2551 798 2606 certissime
824 2552 1190 2609 Cbildebertus
1217 2568 1547 2625 cognoscens
1570 2594 1586 2621 ,
1631 2556 1700 2611 ab

137 2641 376 2696 Arvernis
408 2644 565 2698 rediit
587 2684 601 2705 .
640 2645 694 2697 in
739 2644 1043 2713 Ilispaniam
1076 2657 1097 2685 ε
1126 2663 1251 2701 vero
1302 2659 1516 2715 promer
1550 2662 1701 2702 soro-

139 2744 240 2783 rem
270 2747 414 2785 suam
446 2734 879 2789 Cbrotecbildem
906 2732 933 2771 ά
968 2736 1167 2805 dirigit.
1200 2737 1323 2791 llzec
1352 2753 1479 2792 vero
1506 2739 1699 2793 multas

140 2818 345 2873 insidias
372 2823 435 2876 ab
468 2822 766 2878 Amalarico
808 2824 922 2877 viro
962 2840 1060 2879 suo
1091 2838 1305 2894 propter
1336 2827 1489 2882 fidem
1518 2827 1703 2882 catho-

142 2911 283 2966 licam
316 2915 626 2980 patiebatur.
656 2915 785 2969 Nam
815 2915 1126 2987 plerumque
1156 2918 1474 2987 procedente
1497 2919 1587 2973 illa
1633 2919 1699 2973 ad

144 3014 363 3057 sanctam
391 3007 700 3070 ecclesiam,
728 3015 961 3061 stercora
992 3016 1050 3061 et
1090 3008 1331 3063 diversos
1380 3009 1574 3064 fetorcs
1603 3026 1698 3065 su-

1805 1818 2116 1874 existimans
2143 1838 2153 1871 :
2180 1821 2257 1874 Ad
2286 1823 2577 1888 Arvernos,
2604 1828 2696 1890 ait,
2728 1843 2812 1881 me
2854 1832 3156 1897 sequimini,
3184 1842 3238 1887 et
3276 1846 3375 1902 ego

1804 1922 1898 1961 vos
1922 1908 2175 1963 inducam
2206 1910 2254 1964 in
2286 1914 2530 1979 patriam,
2564 1914 2647 1967 ubi
2677 1932 2860 1969 aurum
2890 1928 2943 1972 et
2971 1930 3247 1987 argentum
3287 1937 3375 1977 ac-

1801 1999 2030 2067 cipiatis,
2066 2011 2319 2070 quantum
2351 2014 2524 2058 vestra
2554 2014 2727 2073 potest
2754 2009 3056 2064 desiderare
3091 2012 3371 2081 cupiditas,

1801 2090 1867 2146 de
1892 2106 1993 2161 qua
2024 2108 2236 2161 pecora,
2264 2094 2330 2149 de
2355 2110 2455 2163 qua
2489 2097 2744 2165 mancipia
2764 2140 2778 2163 ,
2830 2100 2897 2152 de
2924 2115 3024 2169 qua
3055 2104 3372 2157 vestimenta

1799 2184 1854 2239 in
1906 2186 2284 2241 abundantiam
2324 2189 2649 2244 assumatis:
2683 2200 2883 2247 tantum
2933 2194 3030 2248 hos
3074 2210 3141 2249 ne
3185 2212 3374 2265 sequa-

1801 2275 1950 2328 mini.
1986 2276 2078 2329 Ilis
2110 2278 2553 2344 promissionibns
2580 2281 2630 2332 hi
2663 2282 2843 2344 illecti,
2872 2298 3025 2337 suam
3048 2285 3374 2340 voluntatem

1801 2365 1979 2420 facere
2010 2369 2345 2435 promittunt.
2384 2370 2476 2424 Ille
2518 2386 2645 2425 vero
2692 2373 2816 2427 illuc
2841 2375 3069 2429 transire
3110 2376 3376 2444 disponit.

1801 2457 2113 2523 promittens
2161 2460 2351 2513 iterum
2396 2470 2554 2528 atque
2601 2461 2791 2515 iterum
2837 2465 3094 2518 exercitui
3130 2476 3375 2520 cunctam

1802 2548 2035 2617 regionis
2077 2548 2309 2615 prazdam
2357 2564 2475 2603 cum
2529 2550 2827 2606 hominibus
2876 2555 2928 2608 in
2972 2570 3098 2609 suas
3135 2557 3375 2623 regiones

1801 2643 2081 2696 transferri
2129 2645 2455 2711 permittere.
2487 2642 2932 2701 Chlothacharius
2972 2664 3100 2703 vero
3144 2658 3197 2703 et
3225 2650 3375 2705 Chil-

1801 2730 2052 2785 debertus
2080 2733 2132 2785 in
2164 2734 2519 2799 Burgundiam
2547 2735 2805 2803 dirigunt,
2832 2738 3375 2806 Augustodunumqne

1800 2820 2140 2885 obsidentes,
2185 2833 2429 2877 cunctam
2472 2822 2649 2891 fugato
2691 2823 2989 2879 Codomaro
3020 2827 3375 2897 Burgundiant

1801 2921 2192 2975 occupaverunt
2234 2912 2249 2962 i

1876 3001 1990 3055 XII.
2030 3000 2389 3055 Theudoricus
2431 3016 2558 3057 vero
2583 3017 2704 3058 cum
2739 3005 2892 3075 115
2919 3006 3153 3062 exercitu
3184 3008 3377 3064 Arver-

144 3106 229 3158 per
247 3109 359 3147 eam
383 3094 564 3163 projici
590 3096 903 3163 imperabat.
928 3096 1009 3150 Ad
1030 3106 1325 3152 extremum
1350 3107 1525 3152 autem
1556 3108 1699 3153 tanta
1726 3110 1774 3173 ρ
1808 3093 1890 3145 nis
1923 3093 2160 3157 veniens,
2190 3102 2353 3145 totam
2385 3094 2652 3161 regionem
2679 3094 2917 3150 devastat
2945 3111 3009 3150 ac
3029 3098 3268 3162 proterit.
3295 3098 3378 3152 ln-

142 3196 249 3235 eam
293 3187 599 3240 crudelitate
645 3186 837 3240 dicitur
885 3188 1193 3252 excidisse,
1240 3196 1299 3242 ut
1337 3188 1585 3243 infectum
1629 3189 1696 3243 de

146 3276 346 3341 proprio
372 3278 629 3345 sanguine
654 3277 922 3331 sudarium
949 3278 1092 3332 fratri
1118 3284 1498 3335 transmitteret
1523 3298 1535 3332 :
1561 3280 1698 3336 unde

148 3362 227 3416 il'e
261 3370 479 3421 maxime
522 3378 858 3433 commotus,
901 3369 1181 3435 Hispanias
1215 3372 1457 3438 appetiit.
1488 3374 1699 3427 Amala-

150 3455 273 3508 ricns
301 3474 419 3510 vero
450 3459 563 3512 haec
603 3459 849 3522 audiens,
881 3476 1042 3515 naves
1083 3462 1147 3514 ad
1180 3462 1482 3531 fugiendum
1528 3474 1701 3533 parat.

152 3544 302 3599 Pmrn
328 3550 633 3604 imminente
663 3550 1024 3618 Childeberto,
1058 3568 1177 3607 eum
1210 3554 1539 3610 Amalarieus
1565 3564 1587 3592 ο
1611 3571 1705 3610 na-

151 3648 254 3688 vem
299 3639 510 3695 deberet
549 3640 870 3704 ascendere,
902 3642 949 3695 ei
985 3642 1037 3694 in
1079 3652 1307 3697 mentem
1360 3645 1502 3699 venit
1530 3645 1705 3700 multi-

154 3730 367 3782 tudinem
413 3746 469 3784 se
512 3731 869 3800 pretiosorum
923 3732 1155 3801 lapidum
1204 3733 1254 3786 in
1302 3749 1399 3788 suo
1458 3736 1704 3789 thesauo

156 3817 424 3886 reliquisse.
453 3819 694 3887 Cumque
720 3820 784 3875 ad
809 3822 1024 3877 eosdem
1071 3824 1327 3892 petendos
1356 3824 1407 3879 in
1435 3827 1706 3881 civitatem

158 3909 521 3976 regrederetur,
554 3910 620 3966 ab
646 3912 882 3967 exercitu
906 3927 935 3966 a
963 3923 1115 3982 portu
1153 3913 1171 3951 ί
1205 3925 1454 3970 exclusus
1483 3926 1588 3971 est.
1620 3917 1710 3971 Vi-

162 3998 276 4051 dens
319 4013 483 4056 autem
535 4017 593 4057 se
642 4020 743 4057 non
792 4018 947 4073 posse
1001 4008 1266 4073 evadere,
1310 4008 1374 4060 ad
1428 4008 1707 4063 ecclesiam

164 4087 553 4148 Clirist‘anorum
580 4104 604 4141 ις
633 4094 789 4166 114
830 4094 1118 4166 confugere
1164 4099 1343 4167 cmpit.
1389 4099 1494 4155 Sed
1536 4100 1708 4169 prius-

166 4194 299 4245 quam
338 4184 509 4237 lnnina
540 4195 723 4239 sancta
764 4187 1132 4255 contingeret,
1161 4203 1297 4242 unus
1326 4190 1517 4243 emissa
1550 4206 1709 4245 manu
1746 4252 1755 4261 ο

170 4268 326 4326 lancea
370 4290 487 4328 eum
528 4275 738 4329 mortali
785 4276 889 4330 ictu
918 4276 1193 4341 sauciarit,
1240 4279 1418 4346 ibique
1448 4278 1711 4334 decedens

171 4362 368 4418 reddidit
409 4367 677 4437 spiritum.
725 4366 873 4421 Tunc
919 4367 1295 4423 Childebertus
1337 4385 1457 4424 cum
1506 4372 1711 4440 magnis

1805 3190 1949 3236 terea
1975 3181 2232 3236 Arcadius
2260 3182 2478 3236 sceleris
2528 3181 2667 3236 illius
2709 3193 2929 3250 auctor,
2983 3185 3131 3252 cujus
3172 3186 3373 3255 ignavia

1802 3272 1949 3341 regio
1978 3272 2249 3325 devastata
2276 3278 2377 3335 est,
2414 3271 2674 3326 Bituricas
2706 3274 2888 3327 urbem
2918 3275 3084 3343 petiit.
3118 3276 3243 3330 Erat
3276 3292 3374 3330 au-

1804 3373 1909 3417 tem
1936 3372 2059 3416 tunc
2086 3363 2337 3431 temporis
2377 3362 2501 3415 urbs
2541 3362 2623 3414 illa
2660 3363 2708 3415 in
2740 3378 2906 3433 regno
2935 3363 3252 3417 Childeberti
3285 3380 3373 3418 re.

1805 3456 1903 3524 gis.
1940 3451 2205 3507 Placidina
2238 3467 2360 3505 vero
2390 3463 2556 3506 mater
2599 3451 2745 3521 cjns,
2783 3462 2837 3507 ct
2882 3452 3115 3506 AICIIiItta
3163 3452 3183 3489 ι
3224 3469 3379 3508 soror

1805 3545 1969 3615 patris
2020 3545 2163 3612 ejus,
2212 3545 2638 3613 comprehensaa,
2690 3545 2825 3612 apttd
2854 3544 3152 3598 Cadurcum
3195 3547 3377 3598 urbem

1806 3636 1964 3689 rebus
2002 3635 2194 3688 ablatis
2239 3635 2425 3689 exsilio
2476 3634 2843 3688 condemnata:
2893 3644 3034 3688 sunt.
3073 3634 3182 3688 Rex
3223 3635 3379 3703 igitur

1806 3723 2175 3778 Theuderieus
2221 3725 2285 3778 ad
2319 3725 2503 3779 urbem
2554 3726 2846 3779 Arvernam
2889 3740 3058 3794 usque
3085 3727 3375 3791 accedens,

1809 3815 1861 3868 in
1892 3815 1990 3867 vici
2049 3814 2191 3867 illius
2228 3814 2534 3868 suburbano
2571 3814 2586 3852 ι
2620 3824 2789 3869 castra
2832 3818 2965 3870 lixit.
3018 3816 3207 3871 Beatus
3254 3833 3382 3871 vero

1808 3901 2123 3969 Quintianus
2155 3903 2235 3955 his
2264 3902 2452 3956 diebus
2487 3913 2602 3957 erat
2632 3906 2929 3972 episcopus.
2978 3904 3175 3958 Interea
3223 3920 3381 3959 exer-

1796 3997 1945 4049 citus
1993 4005 2237 4049 cunctam
2285 3995 2532 4047 circumit
2583 3996 2828 4047 miseram
2876 3995 3145 4064 regionem
3196 3996 3381 4062 illam,

1810 4097 1997 4144 cuncta
2028 4087 2210 4150 delet,
2256 4087 2499 4141 universa
2531 4087 2779 4142 debellat.
2819 4088 2893 4142 De
2920 4087 3111 4156 quibus
3143 4090 3385 4141 nonnulli

1810 4185 1877 4238 ad
1926 4182 2199 4237 basilicam
2243 4179 2413 4235 sancti
2445 4180 2635 4234 Iuliani
2666 4180 3014 4249 perveniunt,
3046 4178 3387 4248 confringunt

1812 4276 1946 4328 Ostia
1966 4314 1981 4339 ,
2029 4287 2176 4327 seras
2206 4281 2521 4337 removent,
2562 4286 2752 4339 resque
2783 4287 3105 4347 pauperum,
3133 4287 3251 4341 qua:
3280 4272 3382 4324 ibi-

1815 4361 1936 4416 dem
1983 4361 2188 4416 fuerant
2213 4371 2526 4431 aggregataa,
2558 4361 2843 4429 diripiunt,
2885 4370 2941 4416 et
2981 4362 3145 4415 multa
3187 4364 3240 4415 in
3281 4360 3388 4419 hoe

234 4487 256 4514 ⁸
287 4478 457 4535 Iit-fert
499 4480 789 4546 Procopius
820 4481 914 4534 lib.
961 4497 975 4534 ι
1019 4482 1153 4535 Hist.
1186 4481 1447 4535 Gottliirae
1479 4482 1708 4537 Francos
1739 4483 1790 4541 Ι)
1886 4484 1910 4512 ο
1949 4475 2107 4529 Corb.
2138 4484 2187 4529 et
2219 4474 2441 4538 Bellov.,
2479 4475 2729 4541 Alaricus,
2757 4484 2811 4529 et
2838 4475 2891 4528 in
2920 4475 3271 4543 capitulorum
3300 4476 3385 4531 in-

173 4551 321 4621 occiso
350 4549 751 4604 Ilermenefridn
780 4551 1122 4617 Thuringiam
1164 4552 1265 4604 sibi
1290 4553 1601 4621 subjecisse.

231 4617 253 4653 δ
286 4620 367 4674 Sic
413 4621 535 4674 Bec.
593 4622 723 4674 Bell.
765 4636 894 4673 vero
923 4630 977 4673 et
1016 4623 1140 4673 Bad.
1164 4663 1179 4687 ,
1222 4617 1459 4686 unicam;
1490 4621 1705 4687 caeteri,

178 4701 381 4751 Inquam.
415 4689 671 4758 Loquitur
699 4691 986 4758 Gregorius
1012 4692 1078 4744 de
1115 4708 1175 4744 ea
1207 4691 1481 4745 Arverniae
1521 4703 1666 4758 parte
1689 4734 1702 4757 ,

178 4772 271 4830 qua:
294 4763 445 4813 etiam
472 4774 613 4813 nunc
643 4770 859 4814 vocatur
897 4761 945 4812 la
978 4761 1217 4829 Limngue
1246 4761 1588 4830 d‘Auvergne,
1621 4762 1708 4814 ubi

180 4824 520 4895 Illarnsmons,
564 4830 853 4896 provincia:
898 4840 1075 4897 caput.
1122 4824 1201 4884 De
1240 4824 1514 4885 Arvernia:
1552 4824 1709 4885 uber-

185 4906 265 4968 tate
300 4909 347 4951 et
371 4900 705 4967 jucunditate
743 4900 905 4952 tntilla
938 4900 1151 4968 collegit
1184 4915 1249 4953 ex
1280 4900 1441 4954 variis
1473 4901 1708 4953 auctori-

186 4964 259 5019 bus
281 4964 471 5022 Savaro
502 4970 556 5023 in
585 4971 722 5023 notis
751 4968 819 5022 ad
851 4964 1125 5038 epistolam
1152 4972 1213 5023 Ἡ
1248 4969 1343 5023 lib.
1378 4986 1426 5023 tv
1460 4970 1661 5025 Sidonii
1689 4986 1707 5025 :

185 5039 884 5121 q“"!.?““b.¢‘°°“39'°°..
946 5108 977 5121 η
1060 5110 1088 5121 ί.
1226 5110 1236 5118 .

241 5117 258 5143 ε
294 5109 549 5177 Hispania:
588 5109 804 5163 nomine
834 5108 920 5163 hic
945 5108 1327 5171 Septimaniam
1360 5108 1577 5175 intelligi
1617 5124 1710 5163 vo-

190 5176 297 5237 lunt,
345 5176 810 5245 Ainalaricumque
858 5194 961 5231 non
1004 5180 1344 5241 Barcinonae,
1392 5189 1481 5231 aut
1508 5179 1708 5243 Toleti,

192 5248 484 5306 Italiqninns
510 5250 699 5312 plztt'el,
726 5246 821 5300 sed
848 5248 1088 5301 Narbone
1118 5247 1278 5303 Inisse
1307 5251 1556 5301 occisum.
1583 5247 1711 5312 Ome

189 5315 294 5385 _ﬂtim
316 5316 648 5385 Wisigotthis
682 5317 957 5384 parebant,
986 5318 1058 5371 eti
1078 5334 1147 5370 um
1178 5319 1313 5370 intra
1344 5330 1549 5371 veteres
1589 5318 1709 5371 Gal-

193 5381 337 5439 liarum
383 5381 543 5448 tinés.
589 5381 715 5439 tunc
763 5388 1017 5455 temporis
1058 5387 1321 5464 Hispania:
1360 5386 1574 5464 nomine
1612 5387 1715 5441 fre-

194 5467 374 5523 quenter
408 5459 859 5523 designabantur,
894 5467 949 5509 ut
985 5460 1252 5511 sexcentis
1291 5459 1550 5523 exemplis
1598 5472 1719 5523 pro-

196 5519 277 5592 hari
300 5539 488 5591 possel.
523 5519 664 5592 Lege
692 5525 959 5579 Valesinm
991 5527 1080 5578 lib.
1102 5542 1169 5579 vn
1200 5527 1390 5580 tierunt
1418 5519 1609 5578 Franc.

247 5590 266 5667 ἦ
295 5590 387 5649 Alii
418 5590 731 5667 Chrotildcm
759 5606 850 5667 aut
879 5594 1233 5667 Crotiggldem.
1269 5598 1392 5652 Bcc.
1423 5604 1478 5652 et
1504 5596 1714 5667 licgm.,

200 5657 539 5722 Cilocchildem.
577 5666 640 5721 ν.
673 5675 785 5721 not.
823 5664 873 5719 in
904 5657 1118 5730 θῆκ’Ξὲ
1144 5665 1237 5721 lib.
1270 5680 1325 5721 II.

1812 4546 1931 4617 dice
1959 4586 1974 4610 ,
2017 4546 2259 4611 quamvis
2306 4546 2439 4599 alias
2485 4559 2696 4613 semper
2735 4561 2854 4599 eum
2892 4547 3248 4600 .Antalaricum
3292 4563 3386 4617 ap.

1812 4616 2029 4685 pellent.

1887 4682 1906 4721 ί
1948 4683 2102 4764 Coll).
2144 4684 2538 4764 ctim_omiiibtis
2568 4683 3117 4764 fe_re.ed_i_tis_a_porta.
3173 4754 3187 4764 _
3246 4758 3258 4764 _
3311 4754 3322 4764 ε

1882 4763 1907 4800 8
1948 4755 2077 4808 Nota
2123 4755 2413 4808 catholicos
2454 4754 2708 4822 appellari
2746 4755 3080 4809 Christianos
3121 4754 3191 4808 ad
3232 4754 3383 4808 Aria-

1812 4838 2000 4902 no_rn_m
2034 4826 2411 4902 discrimen.“
2582 4892 2595 4902 _
2652 4892 2664 4902 _
2763 4901 2768 4902 γ
2817 4894 2829 4902 .
2952 4893 3018 4902 Η
3129 4893 3140 4902 _
3309 4891 3319 4902 .

1881 4891 1909 4929 δ
1947 4893 2036 4947 Sic
2070 4891 2285 4958 Casin.;
2326 4892 2413 4945 alii
2445 4907 2547 4945 non
2581 4892 2777 4948 habent
2811 4894 2863 4946 in
2894 4893 3245 4954 ministerium,
3278 4891 3385 4944 sic-

1813 4969 1872 5017 ut
1901 4978 1998 5016 nec
2029 4961 2177 5015 editi.
2479 4998 2483 5009 ι

1894 5031 1908 5108 ξ
1956 5033 2165 5109 I_Iegrn._,
2193 5030 2448 5085 solatium.
2468 5030 2627 5109 ἕδη,
2652 5030 2923 5083 auxilium.
2963 5098 2975 5109 θ
3008 5097 3054 5109 __
3122 5097 3133 5108 _
3315 5096 3350 5109 υ

1890 5101 1903 5152 i
1951 5096 2242 5155 Iustiniano
2291 5115 2341 5153 IV
2368 5109 2414 5151 et
2460 5098 2682 5153 Paulino
2722 5116 2886 5165 com,
2934 5098 2976 5151 si
3006 5097 3170 5150 Mario
3208 5096 3385 5152 credi-

1818 5172 2048 5246 mus._id
2089 5180 2169 5246 est
2197 5184 2337 5246 anno
2374 5168 2525 5246 554:._
2589 5238 2599 5246 _
2817 5236 2828 5246 .
2901 5234 2959 5246 η,
3037 5236 3047 5246 υ

1892 5242 1914 5279 ἱί
1950 5241 2063 5296 Jam
2092 5240 2158 5293 de
2199 5239 2281 5292 his
2307 5253 2423 5301 cap.
2449 5238 2485 5289 2
2513 5238 2669 5305 hujus
2714 5236 2853 5289 libri.
2900 5235 2995 5289 Hic
3037 5236 3087 5290 in
3121 5235 3247 5305 Reg.
3290 5252 3386 5305 pro

1822 5311 2091 5370 Archima,
2134 5308 2321 5375 legitur
2350 5307 2664 5362 Archidima.
2705 5308 2966 5361 Caeterum
3000 5321 3102 5359 non
3140 5311 3387 5361 videntur

1821 5383 1961 5447 apud
2016 5380 2311 5432 Cadurcum
2363 5376 2795 5442 comprehensas,
2822 5385 2903 5447 _nt
2949 5375 3172 5430 innunnt
3210 5378 3381 5435 editi:

1820 5445 1911 5506 sed
1945 5452 1994 5502 in
2018 5449 2272 5503 Alvernis
2301 5448 2702 5512 comprehensa:
2727 5445 3021 5500 Cadurcum
3058 5449 3107 5500 in
3144 5449 3386 5503 θκμίιόιιιη

1822 5524 1997 5574 missa:
2043 5523 2269 5571 fuerunt.
2302 5517 2559 5570 Arcadius
2586 5531 2700 5570 erat
2738 5526 2902 5571 sancti
2950 5520 3149 5571 Sidonzi
3181 5534 3343 5583 nepos
3368 5558 3382 5580 ,

1820 5592 1937 5661 ejus
1958 5588 2281 5661 scilicetrlilii
2311 5588 2630 5661 Apollinaris
2658 5586 2816 5643 filius.
2848 5587 2976 5643 Vide
3000 5603 3159 5661 supra
3180 5602 3301 5657 cap.
3333 5587 3383 5641 Il.

1898 5659 1912 5699 ¹
1959 5660 2083 5715 Mss.
2118 5660 2335 5728 aliquot,
2373 5658 2681 5712 suburbana.
