3994 6194
592 280 688 333 151

1593 265 1653 322 S.
1694 262 2025 324 GREGORII
2066 258 2374 315 EPISCOPI
2416 254 2842 314 TURONENSIS

3768 252 3875 308 252

592 394 712 452 loco
748 398 1059 463 perpetrant
1103 388 1266 445 mala.
1300 387 1679 444 Verumtamen
1723 392 1971 439 auctores
1997 380 2173 436 scele-
2203 380 2253 440 Α
2280 385 2665 447 prosterneret,
2694 388 2964 444 nunquam
2998 380 3055 428 ut
3081 386 3141 428 se
3168 370 3217 428 ei
3240 369 3498 426 subderet
3527 370 3861 463 movebatur,

592 502 710 541 rum
755 500 783 538 a
813 484 1003 554 spiritu
1053 480 1330 537 immundo
1358 478 1628 548 correpti,
1676 477 1883 531 infestis
1926 474 2180 528 dentibus

594 577 825 647 propriis
852 590 913 630 se
957 573 1227 629 morsibus
1258 572 1526 634 lat-erant,
1576 569 1875 624 clamantes
1904 576 2062 635 atque
2101 566 2181 618 di-

593 678 778 724 centes
806 685 819 720 :
847 667 957 722 Cur
1006 681 1122 730 nos,
1170 673 1374 735 martyr
1401 674 1585 719 sancte
1609 706 1624 732 ,
1659 664 1736 717 sic
1763 662 2007 717 crucias?
2045 662 2184 716 sicut

594 761 647 814 in
682 759 819 812 libro
861 758 1125 812 Virtutum
1171 756 1288 826 ejus
1326 753 1748 823 conscripsimus
1778 761 1829 808 ιι.

2283 467 2357 522 ita
2392 477 2451 521 ut
2479 476 2532 521 et
2562 465 2787 535 quadam
2811 464 2928 519 vice
2957 463 3107 517 uxori
3136 477 3254 531 quae
3286 471 3503 516 sanctus
3532 459 3752 528 iecerat,
3786 478 3877 530 pro

2286 560 2511 615 ridicqu
2543 559 2822 613 indicaret.
2866 556 2997 623 Quae
3041 556 3280 611 melioris
3307 553 3679 623 intelligentia:
3717 554 3877 609 modo

2284 663 2575 713 commota,
2626 650 2701 705 ait
2732 668 2744 702 :
2776 649 2832 704 Si
2875 649 2948 703 ita
2978 662 3038 703 es
3084 647 3243 702 hodie
3276 645 3688 715 pessumdatus,
3739 663 3879 700 nun-

2289 759 2446 813 quam
2478 742 2725 812 erigeris.
2769 741 2865 796 Die
2893 749 3075 795 autem
3107 739 3265 795 tertia
3305 738 3656 796 advenientes
3707 739 3879 793 nuntii

669 849 806 904 XIII.
845 849 1224 903 Lovolautrum
1256 847 1284 886 δ
1320 855 1497 902 autem
1527 853 1764 902 castrum
1811 844 1992 900 hostes
2020 860 2189 913 expu-
2286 835 2355 891 de
2404 836 2693 906 praesentia
2738 834 2915 904 regis,
2962 834 3201 889 vinctum
3229 847 3352 888 cum
3393 847 3562 888 uxore
3600 848 3663 887 ac
3701 833 3881 886 liberis

594 949 793 1010 gnant,
859 940 1248 1009 Proculumque
1310 939 1721 1010 presbyterum,
1787 937 1877 1005 qui
1915 938 2185 1006 quondam

596 1041 785 1088 sancto
824 1032 1113 1101 Quintiano
1141 1033 1387 1102 injuriam
1421 1030 1695 1099 intulerat,
1728 1029 1793 1083 ad
1826 1029 2071 1084 altarium
2100 1045 2189 1084 ec—

596 1123 779 1179 clesiae
827 1122 1203 1178 miserabiliter
1234 1120 1579 1176 interﬁciunt.
1632 1120 1697 1174 Et
1738 1120 1900 1175 credo
1946 1120 2017 1174 ob
2047 1120 2190 1176 illius

600 1229 844 1279 causam,
874 1214 1015 1285 quod
1047 1212 1206 1268 luerit
1234 1212 1404 1282 ipsum
1435 1218 1669 1266 castrum
1696 1210 1750 1264 in
1787 1210 2033 1264 manibus
2078 1218 2188 1263 tra-

2290 929 2489 999 pariter
2525 929 2884 984 abduxerunt.
2927 926 3027 994 Qui
3075 925 3261 983 abiens
3310 941 3584 997 nunquam
3626 927 3883 982 Arvernis

2290 1036 2570 1091 regressus
2597 1030 2698 1077 est.

2368 1112 2522 1183 117
2551 1111 2692 1166 ΧΙν.
2724 1110 3067 1166 Mundericus
3112 1110 3296 1180 igitur,
3347 1110 3438 1180 qui
3488 1124 3551 1166 se
3599 1118 3875 1179 parentem

2297 1205 2504 1273 regium
2527 1202 2549 1238 ¹ι
2578 1202 2875 1268 asserebat,
2906 1202 3081 1257 elatus
3110 1202 3383 1272 superbia,
3432 1202 3510 1257 ait
3541 1201 3720 1270 :Quid
3752 1203 3880 1258 mihi

599 1308 770 1364 ditum
800 1307 1104 1378 iniquorum
1133 1323 1145 1360 :
1172 1304 1313 1374 quod
1344 1318 1510 1374 usque
1538 1302 1591 1358 in
1621 1303 1709 1357 illa
1740 1303 1828 1357 die
1853 1300 2190 1358 defensatum
2292 1304 2348 1350 et
2372 1295 2712 1350 'I‘heuderico
2738 1295 2886 1364 regi?
2911 1293 3004 1352 Sic
3031 1294 3176 1351 enim
3200 1295 3329 1349 mibi
3352 1293 3548 1351 solium
3590 1295 3745 1367 regni
3789 1296 3881 1352 de-

600 1406 705 1452 est.
739 1396 873 1452 Nam
902 1411 1025 1450 cum
1074 1394 1202 1450 illud
1236 1394 1419 1449 hostes
1445 1406 1752 1462 expugnare
1797 1406 1903 1445 non
1934 1400 2189 1460 possent,
2296 1387 2474 1453 betur,
2502 1397 2563 1442 ut
2592 1388 2690 1443 illi.
2725 1388 3003 1459 Egrediar,
3032 1397 3089 1444 et
3128 1388 3372 1459 colligam
3404 1389 3658 1460 populum
3688 1405 3886 1448 meum.

601 1494 657 1542 et
678 1485 745 1540 ad
787 1487 1000 1554 propria
1032 1484 1139 1554 jam
1170 1484 1342 1539 redire
1372 1484 1739 1549 disponerent,
1770 1482 2049 1537 audientes
2079 1482 2195 1537 hare
2295 1489 2459 1546 atque
2481 1480 2692 1549 exigam
2732 1487 3126 1535 sacramentum
3151 1478 3221 1534 ab
3246 1479 3346 1544 eis,
3396 1489 3455 1533 ut
3484 1479 3623 1534 sciat
3642 1478 3882 1535 Theudo-

603 1577 837 1639 obsessi,
864 1575 973 1646 jam
1008 1576 1114 1630 laeti
1143 1584 1302 1644 atque
1329 1574 1505 1630 securi
1535 1574 1908 1642 decipiuntur,
1955 1574 2096 1629 sicut
2120 1573 2198 1629 ait
2298 1573 2443 1629 ricus
2466 1574 2592 1642 quia
2625 1589 2717 1629 rex
2740 1588 2857 1629 sum
2888 1588 3009 1644 ego,
3042 1575 3181 1631 sicut
3206 1585 3260 1631 et
3286 1575 3396 1632 ille.
3432 1577 3491 1630 Et
3516 1591 3765 1645 egressus
3785 1592 3886 1632 caa-

604 1667 892 1737 Apostolus
919 1684 934 1720 :
964 1666 1089 1721 Cum
1120 1666 1340 1720 dixerint
1368 1682 1473 1736 pax
1496 1676 1541 1718 et
1564 1666 1831 1730 securitas,
1862 1674 1984 1719 tunc
2011 1680 2195 1734 repen—

2303 1665 2380 1734 pit
2409 1664 2672 1722 seducere
2700 1664 2981 1735 populum,
3034 1665 3260 1722 dicens:
3292 1665 3551 1736 Princeps
3599 1682 3701 1738 ego
3751 1683 3868 1722 smn

606 1758 742 1813 tinus
773 1759 1089 1829 superveniet
1134 1760 1368 1812 interitus
1396 1757 1449 1828 (ι
1478 1758 1654 1813 Thess.
1698 1773 1736 1823 t,
1765 1759 1820 1822 5,
1853 1756 1930 1828 ὅ).
1964 1759 2199 1829 Denique
2231 1756 2276 1815 B
2304 1754 2588 1825 sequimini
2620 1772 2727 1821 me,
2759 1766 2814 1811 et
2842 1757 2946 1812 erit
2969 1756 3119 1811 vobis
3149 1757 3304 1812 bene.
3330 1757 3673 1829 Sequebatur
3713 1771 3890 1817 autem

610 1863 707 1918 per
749 1850 915 1919 ipsius
946 1848 1155 1903 Proculi
1198 1849 1497 1919 presbyteri
1538 1864 1751 1903 servum
1788 1858 1811 1887 α
1834 1888 1850 1911 ,
1889 1850 1998 1917 jam
2026 1850 2199 1905 securi

611 1939 795 2010 populi
839 1939 1123 1994 traduntur
1161 1939 1214 1994 in
1245 1953 1432 1993 manus
1466 1938 1717 1995 hostium.
1750 1940 1993 2010 Cumque
2044 1941 2202 2012 116

609 2042 813 2089 vastato
860 2031 1084 2089 castello
1108 2026 1434 2088 ducerentur
1462 2032 1697 2102 captivi,
1726 2032 1975 2087 immanis
2025 2035 2199 2101 pluria

607 2142 732 2195 quae
782 2142 878 2196 per
915 2126 1132 2198 triginta
1172 2126 1288 2181 dies
1344 2126 1516 2181 fuerat
1561 2127 1859 2197 abnegata,
1899 2125 2199 2181 descendit.

608 2216 759 2271 Tunc
781 2217 990 2273 obsessi
1018 2215 1415 2271 Meroliacensis
1442 2212 1468 2253 ά
1493 2218 1677 2281 castri,
1711 2232 1779 2271 ne
1803 2216 1999 2286 captivi
2027 2217 2201 2272 abdu-

610 2319 903 2375 cerentur,
953 2309 1324 2379 redemp'ione
1372 2310 1493 2363 data
1548 2310 1841 2365 liberantur
1880 2327 1895 2364 :
1934 2311 2030 2366 sed
2084 2310 2200 2366 haec

612 2400 824 2471 ignavia
851 2414 1037 2456 eorum
1068 2399 1280 2465 eIIecit,
1314 2409 1548 2455 castrum
1594 2400 1737 2456 enim
1769 2402 1981 2471 propria
2013 2412 2203 2456 natura

612 2492 880 2549 munitum
923 2501 1062 2548 erat.
1092 2492 1222 2547 Nam
1251 2499 1602 2548 centenorum
1635 2502 1726 2548 aut
1751 2508 1817 2549 eo
1846 2494 2075 2563 amplius
2104 2508 2201 2564 pe-

610 2583 738 2638 dum
768 2582 835 2639 ab
862 2584 1044 2639 exciso
1070 2584 1297 2640 vallatur
1324 2584 1533 2653 lapide,
1562 2599 1668 2640 non
1701 2600 1975 2641 murorum
2004 2595 2027 2624 ο
2055 2594 2201 2642 stru-

611 2674 829 2739 ctione;
869 2672 924 2728 in
969 2673 1148 2728 medio
1191 2683 1370 2729 autem
1397 2674 1584 2745 ingens
1623 2683 1873 2746 stagnum
1918 2691 2103 2747 aquae,
2135 2677 2201 2731 li-

612 2778 781 2835 quare
808 2763 1210 2835 gratissimum;
1241 2765 1310 2822 ab
1335 2766 1437 2821 alia
1467 2782 1596 2823 vero
1640 2778 1790 2837 parte
1824 2767 1998 2824 fontes
2046 2768 2205 2823 uber-

613 2855 768 2925 rimi,
816 2857 890 2911 ita
916 2864 973 2911 ut
1002 2871 1097 2927 per
1126 2867 1335 2927 portam
1372 2856 1392 2896 ί
1424 2860 1570 2915 rivus
1615 2858 1820 2915 dililuat
1847 2874 1999 2930 aqua:
2046 2860 2202 2916 vivae.

612 2947 720 3004 Sed
748 2948 802 3003 in
830 2955 935 3003 tam
975 2948 1160 3018 grandi
1188 2951 1361 3019 spatio
1387 2950 1613 3006 munitio
1646 2952 1744 3005 ista
1775 2950 2121 3017 distenditur,
2148 2961 2207 3007 ut

613 3048 895 3095 manentes
923 3037 1059 3094 infra
1089 3056 1360 3097 murorum
1393 3050 1542 3110 septa
1575 3052 1770 3097 terram
1800 3042 2069 3113 excolant,
2093 3041 2205 3097 fru-

2302 1861 2423 1902 eum
2452 1848 2649 1902 rustica
2680 1847 2986 1915 multitudo,
3034 1857 3093 1902 ut
3130 1848 3448 1918 plerumque
3492 1849 3764 1919 lragilitati
3795 1850 3893 1904 hu-

2303 1952 2478 1992 manas
2523 1939 2796 2005 convenit,
2850 1939 3043 1995 dantes
3092 1949 3487 1995 sacramentum
3519 1940 3813 2005 Iidelitatis,
3844 1951 3896 1996 et

2304 2027 2631 2084 honorantes
2679 2043 2800 2085 eum
2852 2042 2913 2085 ut
2963 2045 3165 2100 regem.
3195 2030 3346 2099 Quod
3377 2046 3499 2086 cum
3531 2030 3897 2087 Theudericus

2302 2122 2681 2189 comperisset,
2716 2120 3027 2175 mandatum
3056 2122 3219 2176 mittit
3247 2121 3312 2175 ad
3360 2136 3513 2187 eum,
3546 2123 3730 2177 dicens
3756 2138 3773 2176 :
3798 2124 3898 2177 Ac-

2304 2212 2437 2266 cede
2458 2211 2525 2265 ad
2557 2226 2665 2277 me,
2690 2212 2811 2266 etsi
2846 2212 2939 2266 tibi
2992 2212 3172 2282 aliqua
3218 2211 3286 2268 de
3338 2212 3710 2269 dominatione
3749 2215 3897 2282 regni

2307 2304 2475 2358 nostri
2497 2306 2669 2374 portio
2688 2304 2935 2369 debetur,
2963 2306 3170 2374 accipe.
3199 2305 3394 2362 Dolose
3414 2307 3555 2362 enim
3581 2306 3697 2362 haec
3718 2307 3897 2362 Theu-

2304 2398 2520 2454 dericus
2549 2398 2785 2465 dicebat,
2809 2398 3016 2455 scilicet
3046 2409 3102 2453 ut
3122 2414 3242 2453 cum
3273 2399 3339 2453 ad
3369 2414 3493 2455 eum
3521 2400 3783 2465 venisset,
3820 2400 3895 2454 in-

2306 2492 2660 2547 terﬁceretur.
2695 2489 2784 2545 Ille
2816 2504 2944 2545 vero
2973 2489 3170 2556 noluit,
3194 2489 3378 2545 dicens
3410 2507 3422 2542 :
3458 2489 3560 2557 Ite,
3594 2490 3896 2545 renuntiate

2307 2585 2422 2656 regi
2451 2598 2650 2653 vestro,
2679 2587 2802 2657 quia
2849 2601 2944 2641 rex
2990 2601 3107 2641 sum
3155 2588 3293 2642 sicut
3337 2596 3393 2641 et
3435 2587 3546 2641 ille.
3598 2588 3755 2643 Tunc
3803 2603 3895 2642 rex

2305 2677 2633 2732 commoveri
2660 2677 2824 2746 jussit
2848 2676 3176 2743 exercitum,
3215 2693 3320 2748 quo
3341 2693 3634 2749 oppressus
3663 2680 3711 2733 vi
3747 2681 3898 2749 puni-

2308 2775 2478 2822 retur.
2530 2766 2681 2834 Quod
2732 2767 2822 2822 iIIe
2868 2782 3219 2838 cognoscens,
3270 2778 3325 2825 et
3373 2784 3434 2826 se
3462 2785 3569 2824 non
3602 2772 3897 2840 prtevalens

2308 2854 2611 2923 defensare,
2658 2857 2943 2913 Victoriaci
2997 2858 3158 2913 castri
3197 2856 3214 2895 ι
3251 2874 3432 2917 muros
3470 2872 3758 2930 expetens,
3782 2878 3896 2917 cum

2309 2948 2473 3005 rebus
2515 2949 2765 3004 omnibus
2813 2949 2865 3003 in
2916 2965 2982 3005 eo
3011 2965 3069 3005 se
3094 2951 3296 3008 studuit
3316 2955 3672 3019 communire,
3704 2954 3794 3010 his
3819 2971 3898 3011 se-

2310 3054 2430 3095 cum
2479 3055 2614 3110 quos
2665 3040 2957 3096 seduxerat
3006 3044 3323 3114 aggregatis.
3404 3043 3569 3114 Igitur
3631 3056 3899 3101 commoto

615 3144 814 3203 gesque
839 3130 891 3185 in
917 3130 1241 3187 abundantia
1269 3133 1536 3203 colligant.
1582 3134 1748 3204 Hujus
1781 3135 2089 3191 munitionis
2120 3144 2201 3189 tu-
2231 3133 2277 3197 C
2309 3132 2547 3187 exercitu
2576 3142 2811 3187 castrum
2838 3134 3021 3198 vallat,
3053 3149 3115 3189 ac
3146 3151 3240 3205 per
3286 3142 3492 3205 septem
3524 3138 3641 3192 dies
3666 3138 3896 3194 obsedit.

616 3224 816 3279 tamine
854 3224 1004 3295 elati,
1032 3226 1121 3297 qui
1149 3227 1354 3283 obsessi
1384 3239 1558 3296 erant,
1597 3230 1799 3299 egressi
1842 3230 1985 3286 foras
2014 3240 2072 3286 ut
2113 3246 2204 3287 ar-

616 3327 770 3388 repta
814 3318 991 3390 aliqua
1029 3322 1245 3390 praeda,
1297 3322 1489 3378 iterum
1537 3339 1598 3381 se
1642 3326 1776 3381 infra
1816 3328 2022 3383 castelli
2053 3340 2204 3400 septa

618 3412 981 3469 reconderem
1004 3455 1020 3480 ,
1068 3414 1136 3469 ab
1166 3414 1409 3471 hostibus
1438 3419 1815 3485 comprehensi
1859 3432 2003 3477 sunt.
2040 3423 2207 3481 Erant

617 3508 798 3557 autem
828 3503 1211 3575 quinquaginta
1238 3516 1264 3555 s
1294 3507 1415 3563 viri.
1447 3509 1598 3565 Tunc
1625 3519 1751 3567 ante
1778 3527 1872 3566 ora
1902 3524 2202 3584 parentum,

619 3589 815 3647 vinctis
839 3602 958 3663 post
988 3602 1196 3665 tergum
1238 3596 1484 3653 manibus
1511 3599 1709 3666 oblati,
1752 3600 2068 3660 imminente
2094 3605 2204 3675 jam

619 3684 817 3755 gladio,
848 3686 1231 3756 acquievcrunt
1256 3688 1483 3753 obsessi,
1516 3706 1583 3746 ne
1613 3693 2062 3763 interﬁcerentur,
2095 3698 2207 3751 sin-

619 3776 773 3846 gulos
811 3778 1029 3834 triantes
1054 3775 1082 3817 δ
1111 3780 1239 3837 dare
1276 3782 1330 3836 in
1360 3782 1783 3852 redemptionem
1815 3800 1989 3842 suam.
2028 3788 2207 3845 Theu-

620 3867 833 3925 doricus
883 3879 1063 3926 autem
1113 3871 1182 3927 ab
1218 3874 1462 3929 Arverno
1509 3874 1827 3944 discedens,
1877 3878 2205 3949 Sigivaldum

623 3972 897 4032 parentem
921 3979 1102 4035 suum,
1124 3965 1177 4020 in
1201 3981 1262 4021 ea
1281 3968 1430 4036 quasi
1457 3983 1557 4038 pro
1583 3970 1821 4025 custodia
1845 3971 2134 4041 dereliquit
2163 3971 2204 4027 ί.

624 4053 750 4109 Erat
774 4063 951 4111 autem
983 4057 1053 4112 ibi
1082 4067 1208 4113 tunc
1235 4061 1488 4129 temporis
1512 4062 1725 4130 quidam
1756 4062 1979 4133 Litigius
2004 4081 2070 4120 ex
2096 4079 2207 4119 mo-

621 4145 885 4202 nitoribus
912 4148 958 4214 i,
999 4150 1088 4220 qui
1116 4166 1335 4223 magnas
1359 4163 1547 4208 sancto
1567 4154 1853 4222 Quintiano
1882 4157 2103 4224 parabat
2128 4160 2209 4213 in-

622 4239 820 4307 sidias;
861 4227 915 4297 et
960 4258 1082 4298 cum
1128 4259 1187 4301 se
1236 4258 1454 4303 sanctus
1501 4248 1787 4318 episcopus
1820 4248 2044 4318 pedibus
2088 4252 2207 4323 ejus

694 4362 723 4391 ι
760 4353 1413 4436 (Ζορκεεὶιίεθιβὸηιίῢε
1441 4377 1513 4436 tr,
1543 4363 1628 4436 de
1666 4364 1870 4436 Μῆτις..
1911 4366 2000 4436 qui
2030 4377 2113 4422 est
2141 4369 2208 4425 de

624 4436 811 4503 sancto
839 4426 1087 4503 Juliano,
1127 4430 1195 4503 de
1223 4432 1373 4499 cujus
1401 4433 1618 4487 basilica
1649 4438 1787 4503 apud
1817 4426 2081 4492 Brivatem
2114 4454 2205 4493 ur-

625 4491 746 4572 bem
781 4496 1012 4563 l0quitur
1040 4491 1126 4555 hic
1154 4491 1460 4572 Gregorius.

694 4571 722 4611 δ
762 4574 897 4648 god.
932 4577 1094 4647 Reg.,
1149 4571 1559 4646 Novolautrum,
1605 4585 1756 4648 cujus
1798 4585 1931 4639 situs
1971 4587 2204 4645 incertus

623 4651 729 4722 est.
762 4644 1303 4722 Valesius'inNotitia
1337 4662 1485 4722 putat
1519 4644 1637 4707 esse
1660 4644 1832 4708 locum
1864 4656 2060 4711 dictum
2099 4644 2205 4713 Vo;

624 4715 786 4777 torre,
838 4731 1009 4795 prope
1036 4715 1355 4795 Tigernrun,
1389 4722 1607 4785 'l‘hiern,
1638 4726 1889 4791 oppidum
1930 4729 2069 4795 apud
2104 4732 2205 4784 Ar-

624 4800 840 4866 vernos.
867 4786 1211 4866 Qunlermemn
1246 4786 1348 4846 hoc
1374 4797 1545 4866 capite
1574 4786 1732 4849 vitam
1761 4796 1817 4852 S.
1851 4786 2119 4866 Quintiani
2151 4802 2205 4856 in

625 4856 764 4912 libro
794 4858 860 4913 de
892 4858 1021 4914 Vitis
1046 4859 1283 4927 Patrum,
1324 4856 1455 4932 cap:
1485 4863 1539 4919 4.

699 4947 722 4975 ⁸
760 4938 893 4993 Cod.
925 4941 1110 5005 Corb.,
1140 4950 1405 5010 stuprum;
1438 4944 1565 4996 Bell.
1599 4945 1871 5011 mendose,
1916 4958 2135 5003 struunt.

695 5016 735 5100 ‘l
764 5020 914 5100 Ilunc
943 5021 1116 5100 locum
1158 5021 1298 5100 idem
1328 5022 1569 5100 Valesius
1617 5034 1769 5094 putat
1796 5041 1916 5082 esse
1949 5027 2206 5100 Oliergue,

625 5098 861 5145 castrum
894 5092 1033 5146 haud
1072 5095 1255 5163 procul
1287 5109 1315 5147 a
1342 5094 1594 5164 Tigerno.

698 5169 1039 5247 Aliistameu
1069 5174 1415 5247 probabilius
1462 5176 1676 5229 videtur
1704 5175 1790 5231 hic
1828 5176 2091 5247 designari
2128 5177 2210 5230 lo-

627 5253 761 5319 cum.
796 5240 1272 5319 Cftastduﬂerliac
1316 5246 1539 5313 dictum,
1588 5246 1675 5319 qui
1731 5240 1973 5303 duobus'
1995 5250 2213 5303 circiter

630 5308 957 5390 milliariisa
987 5314 1257 5390 Mauriaco
1299 5308 1951 5390 oppido,rob_abbatiam
2006 5322 2211 5373 ordinis

630 5378 1263 5459 [ferredictinicelebrem,
1282 5378 1625 5442 dissitus—est.
1645 5388 1828 5443 Exstat
1852 5392 1903 5442 in
1926 5390 2079 5444 collis
2100 5390 2213 5444 edi-

629 5450 825 5530 tissimi
855 5450 1067 5530 declivi,
1100 5450 1564 5514 unde'descensus
1609 5468 1695 5514 est
1722 5469 1989 5528 perprata
2016 5463 2067 5515 iu
2102 5476 2217 5530 pro-

629 5517 851 5572 fundam
880 5517 1089 5577 vallem.

706 5608 732 5636 ο
746 5598 836 5654 Sic
858 5617 986 5656 mss.
1013 5606 1353 5672 vetustiores;
1379 5607 1469 5661 alii
1485 5624 1605 5662 cum
1622 5610 1753 5662 edit.
1766 5653 1780 5677 ,
1798 5610 1906 5663 sine
1928 5626 2211 5663 murorum.

708 5677 935 5747 'Corb.,
964 5699 1053 5747 per
1074 5687 1409 5740 munitionem
1435 5697 1595 5741 totam
1631 5690 1791 5751 rivus;
1821 5698 1877 5742 at
1900 5690 2212 5744 vocabulum

635 5752 967 5809 ntunitiosem
982 5754 1083 5811 alia
1106 5770 1287 5823 manu,
1304 5757 1399 5814 sed
1418 5757 1809 5830 antiquissima,
1828 5761 2084 5829 scriptum
2107 5770 2211 5816 est.

2234 4517 2289 4578 Ι)

2308 3225 2648 3281 Mundericus
2700 3236 2876 3282 autem
2926 3228 3257 3298 repugnabat
3309 3244 3430 3284 cum
3480 3231 3621 3297 suis,
3668 3230 3897 3287 dicens:

2308 3318 2525 3375 Szemus
2552 3318 2739 3385 fortes,
2782 3330 2835 3374 et
2866 3335 3033 3390 usque
3073 3321 3140 3374 ad
3187 3332 3410 3377 mortem
3438 3323 3637 3393 pariter
3673 3322 3896 3379 dimice-

2310 3430 2451 3477 mus,
2481 3424 2533 3468 et
2557 3428 2661 3468 non
2701 3412 2991 3468 subdamur
3021 3413 3272 3468 inimicis.
3302 3415 3541 3485 Cumque
3580 3419 3852 3471 exercitus
3872 3431 3897 3470 a

2309 3504 2536 3559 circuitu
2582 3505 2633 3560 in
2687 3514 2873 3559 contra
2917 3504 3093 3575 jacula
3128 3505 3541 3573 transmitteret,
3576 3522 3673 3564 nec
3697 3507 3897 3577 aliquid

2310 3595 2643 3665 praevaleret,
2700 3596 3082 3651 nuntiaverunt
3132 3596 3247 3653 haec
3297 3598 3429 3669 regi.
3492 3601 3564 3653 At
3610 3600 3700 3655 ille
3765 3601 3899 3654 misit

2309 3688 2593 3757 quemdam
2624 3688 2692 3742 de
2714 3686 2845 3752 suis,
2875 3687 3192 3757 Aregisilum
3215 3698 3253 3725 ω
3280 3690 3517 3755 nomine,
3546 3691 3793 3760 dixitque
3812 3692 3860 3747 ei
3884 3708 3897 3745 :

2310 3777 2493 3844 Vides,
2530 3778 2723 3847 inquit,
2754 3778 2894 3848 quod
2922 3778 3208 3850 pra-valeat
3246 3779 3331 3836 hic
3373 3782 3610 3851 perﬁdus
3639 3782 3688 3836 in
3714 3795 3900 3838 contu-

2310 3871 2482 3924 macia
2509 3885 2625 3925 sua.
2656 3871 2818 3934 Vade,
2849 3878 2904 3926 et
2923 3872 3087 3927 redde
3116 3874 3165 3928 ei
3190 3884 3614 3942 sacramentum,
3651 3883 3707 3929 ut
3751 3891 3899 3930 secu-

2310 3976 2403 4017 rus
2423 3962 2749 4034 egrediatur.
2793 3961 2926 4018 Cum
2957 3975 3135 4020 autem
3178 3980 3428 4035 egressus
3452 3965 3633 4029 fuerit,
3664 3966 3901 4022 interﬁce

2311 4065 2457 4117 eum,
2506 4061 2563 4107 et
2606 4053 2728 4108 dele
2774 4055 3085 4109 memoriam
3134 4056 3251 4125 ejus
3300 4071 3331 4111 a
3377 4072 3540 4127 regno
3566 4068 3774 4112 nostro.
3806 4058 3900 4123 Qui

2310 4143 2515 4208 abiens,
2546 4142 2842 4215 fecitjuxta
2870 4146 3013 4215 quod
3056 4147 3105 4202 ei
3151 4156 3475 4218 praceptum
3509 4148 3699 4202 luerat.
3739 4148 3904 4203 Dede-

2310 4245 2394 4292 rat
2448 4244 2626 4291 tamen
2666 4237 2816 4307 prius
2860 4239 3071 4309 signum
3117 4241 3349 4310 populo,
3382 4239 3610 4295 dicens:
3641 4241 3779 4295 Cum
3808 4254 3904 4308 ego

2384 4362 2410 4425 β
2451 4352 2590 4425 Edit.
2637 4353 2713 4419 2,
2761 4355 3057 4425 quingenti;
3089 4370 3276 4411 omnes
3317 4366 3493 4410 tamen
3542 4371 3674 4410 mss.
3711 4356 3905 4409 habent

2310 4424 2699 4496 quinquaginta,
2731 4424 2925 4494 praeter
2954 4427 3112 4480 Curb.
3142 4427 3233 4495 qui
3272 4428 3456 4483 habet.
3484 4428 3863 4496 quinquagintr‘.

2383 4490 2413 4530 ¹ι
2449 4490 2590 4548 Editi
2621 4490 2706 4549 hic
2728 4490 2781 4549 et
2813 4498 3008 4561 passim
3035 4490 3260 4551 inferius
3289 4490 3507 4551 trientes
3532 4490 3750 4564 semper
3775 4498 3905 4550 scri-

2315 4563 2442 4618 bunt
2454 4564 2627 4635 .Unde
2640 4565 2780 4634 apud
2797 4566 3111 4635 Gregorium
3128 4569 3363 4622 trientem
3377 4582 3589 4635 semper
3605 4563 3793 4621 haberi
3814 4568 3906 4620 ob-

2314 4636 2545 4709 servavit
2563 4634 2879 4690 Franciscus
2906 4634 3507 4709 Pithtnusintithxvu
3536 4638 3669 4709 legis
3684 4638 3903 4693 Salicae.

2393 4704 2409 4742 ί
2453 4706 2651 4759 Confer
2677 4721 2797 4762 cum
2827 4721 2946 4773 cap.
2978 4707 3044 4759 I4
3069 4709 3135 4762 de
3168 4709 3348 4763 Mirac.
3380 4709 3441 4764 S.
3470 4704 3687 4764 Juliini.

2390 4776 2405 4826 l
2440 4776 2529 4831 S'c
2555 4778 2713 4831 Corb.
2737 4787 2790 4831 et
2838 4778 3037 4832 Bellov.
3060 4796 3074 4844 ;
3099 4779 3185 4831 alii
3210 4780 3509 4833 minoribus.
3536 4780 3700 4833 Erant
3723 4788 3903 4833 autem

2315 4849 2643 4911 monitorcs,
2692 4855 2749 4900 ut
2796 4848 3048 4903 observat
3089 4849 3329 4903 Valesius
3373 4850 3426 4903 in
3468 4849 3795 4904 Praefatione
3840 4848 3903 4901 ad

2318 4927 2447 4971 tom.
2482 4916 3065 4989 IllterumAFrancic”
3115 4918 3204 4989 qui
3235 4920 3372 4987 regis
3418 4920 3636 4989 nomine
3680 4920 3904 4973 Francis

2313 4988 2711 5059 expeditionem
2738 4986 3153 5058 denuntiabant,
3199 4986 3400 5059 eosque
3426 4990 3493 5044 ad
3516 4986 3725 5044 bellum
3756 5004 3904 5043 com-

2316 5057 2605 5131 pellebant.
2649 5058 2921 5131 Dicuntur
2939 5060 2988 5131 in
3033 5060 3239 5131 legibus
3278 5057 3723 5131 Wisigotthornm
3768 5076 3905 5113 cont-

2314 5127 2576 5195 pulsores;
2612 5142 2837 5197 quorum
2868 5127 3108 5184 ofﬁcium
3131 5142 3396 5186 nostrates
3418 5127 3556 5187 'voce
3580 5130 3903 5187 Germanica

2313 5209 2693 5307 expresserunt
2716 5200 3052 5266 quandoque,
3082 5201 3136 5253 in
3161 5202 3352 5254 hostem
3381 5202 3597 5256 bannire

2444 5269 2533 5307 git.
2557 5284 2662 5307 nnc;
2707 5286 2719 5297 ·
2757 5278 2806 5307 9|
2840 5270 2967 5307 91ΙίΙί
2996 5271 3187 5307 holsnnl
3213 5288 3387 5307 rnnum

2444 5269 2535 5324 Sic
2556 5284 2721 5334 lliSS.;
2756 5278 2811 5323 at
2840 5270 2968 5325 editi
2996 5271 3193 5326 habent
3213 5288 3409 5339 regum.

2391 5338 2411 5378 ι
2446 5340 2601 5395 Hunc
2630 5341 2804 5393 locum
2842 5340 2911 5397 de
2937 5342 3234 5396 Victoriaco
3263 5338 3401 5406 apud
3439 5344 3713 5395 Arvernos
3743 5341 3900 5397 intel-

2320 5409 2454 5465 lexit
2480 5412 2760 5465 Aimoinus
2788 5412 2840 5465 in
2868 5412 2961 5467 lib.
2994 5427 3061 5477 n;
3095 5421 3150 5466 at
3180 5414 3303 5466 licet
3332 5429 3517 5467 verum
3544 5416 3614 5468 sit
3645 5415 3699 5467 in
3729 5429 3793 5468 ea
3824 5429 3905 5465 re-

2318 5484 2477 5549 gione
2522 5482 2661 5535 haud
2702 5484 2882 5549 procul
2936 5500 2965 5536 a
3007 5482 3221 5538 Brivate
3265 5482 3625 5539 Victoriacum
3670 5498 3902 5538 casmun

2320 5551 2623 5614 exstitisse,
2648 5551 2964 5619 Gregorium
2999 5563 3173 5607 tamen
3203 5554 3270 5606 de
3305 5553 3607 5609 Victoriaco
3643 5556 3697 5608 in
3736 5557 3901 5606 (lann-

2322 5624 2497 5693 pania,
2534 5622 2691 5693 vulgo
2730 5623 2891 5686 Virri,
2924 5625 2975 5676 in
3003 5623 3225 5677 αἰακθεί
3253 5625 3636 5683 Catalauncnsi
3657 5664 3673 5693 ,
3708 5627 3797 5681 hic
3823 5628 3872 5678 lo

2319 5692 2407 5760 qui
2432 5705 2550 5744 curn
2582 5690 2790 5745 Valesio
2809 5696 3193 5750 existimamus.

2394 5769 2432 5797 ω
2463 5760 2637 5829 Colb.,
2667 5764 2997 5833 Arcitiailum,
3024 5775 3077 5819 et
3104 5766 3183 5819 sic
3202 5778 3434 5833 semper.
