3994 6194
207 298 308 353 ἳδδ
1161 299 1481 358 HISTORIA
1521 295 1964 353 FRANCORUM.
2007 298 2204 353 LIBER
2242 301 2551 358 TERTIUS.
3381 305 3486 361 25.4

221 415 327 470 hac
346 425 398 469 et
425 413 549 468 hac
580 414 811 468 loculus
834 415 1000 479 fuero,
1027 415 1201 467 statim
1243 414 1502 468 irruentes
1521 402 1812 466 interﬁcite
1840 412 1885 466 A
1918 409 2115 479 Iuitque
2173 430 2392 482 puerum
2446 420 2582 470 clam
2625 417 2960 478 abstrahere,
3009 415 3101 469 sed
3161 429 3264 469 non
3294 423 3464 482 potuit

232 522 362 560 eum.
403 504 694 572 ingreSsus
764 513 944 558 autem
999 503 1291 572 Aregisilus
1346 503 1420 555 ait
1467 501 1813 555 Munderico:
1919 503 2067 556 Tunc
2121 513 2300 560 locans
2349 523 2530 560 secum
2584 509 2849 560 hominem
2880 506 3322 574 quemdam,ait-
3353 505 3486 559 Veni

244 600 510 664 Quousque
535 597 624 648 hic
657 596 871 648 resides
897 603 1142 661 tanquam
1168 608 1302 646 unus
1323 609 1387 646 ex
1411 592 1820 662 insipientibus?

248 685 476 754 Nunquid
501 685 708 753 poteris
747 686 906 754 118
924 683 1013 736 diu
1041 683 1148 749 regi
1175 682 1455 736 resistere?
1485 683 1620 735 Ecce
1641 681 1819 734 ablato

252 778 339 832 tibi
357 777 489 838 cibo,
523 791 646 828 cum
682 783 733 827 te
759 773 927 827 fames
959 772 1314 840 oppresserit,
1346 771 1481 824 ultro
1507 770 1816 837 egredieris,

253 881 301 924 et
324 869 543 924 traderis
596 867 650 919 in
705 880 895 919 manus
928 864 1283 927 inimicorum,
1315 873 1365 918 et
1399 864 1641 916 morieris
1665 865 1815 928 quasi

249 976 383 1016 unus
401 977 463 1014 ex
493 959 741 1013 canibus.
796 957 931 1011 Audi
986 957 1163 1024 potius
1205 955 1481 1009 consilium
1526 970 1732 1017 meum,
1765 961 1820 1007 et

245 1053 412 1108 subde
433 1062 483 1106 te
511 1053 648 1121 regi,
681 1061 736 1104 ut
765 1051 943 1105 vivere
971 1051 1161 1117 po~sis,
1211 1056 1262 1101 tu
1308 1057 1359 1100 et
1407 1047 1500 1100 ﬁlii
1529 1047 1622 1100 tui.
1670 1047 1818 1100 Tunc

247 1147 336 1200 ille
359 1145 441 1199 his
481 1145 717 1197 mollitus
746 1143 1107 1206 sermonibus,
1139 1141 1212 1195 ait
1238 1156 1253 1194 :
1276 1138 1328 1193 Si
1359 1139 1604 1208 egredior
1625 1180 1639 1202 ,
1672 1153 1819 1191 com-

249 1238 538 1305 prehensus
571 1252 603 1290 a
633 1251 757 1301 rege
807 1234 1098 1289 interﬁcior
1157 1242 1211 1287 et
1264 1246 1384 1300 ego,
1416 1239 1470 1284 et
1497 1230 1588 1282 ﬁlii
1619 1231 1742 1294 mei,
1765 1238 1821 1284 et

243 1343 432 1381 omnes
460 1327 616 1379 amici
643 1326 730 1394 qui
762 1339 968 1378 mecum
991 1334 1115 1376 sunt
1141 1320 1465 1390 congregati.
1491 1318 1585 1373 Cui
1631 1320 1822 1388 Aregi-

243 1419 379 1473 silos
406 1418 477 1472 ait
508 1436 521 1470 :
554 1417 669 1472 Noli
703 1417 913 1480 timere,
961 1415 1054 1470 sed
1091 1415 1136 1468 si
1184 1416 1262 1469 vis
1293 1413 1493 1482 egredi,
1525 1412 1706 1480 accipe
1730 1427 1819 1466 sa-

243 1519 578 1562 cramentum
607 1508 674 1561 de
699 1507 795 1560 hac
814 1507 990 1573 culpa,
1013 1515 1067 1560 et
1094 1514 1174 1558 sta
1209 1518 1425 1558 securus
1464 1516 1642 1556 coram
1677 1514 1819 1569 rege.

245 1600 323 1654 Ne
354 1602 566 1664 timeas,
608 1599 701 1653 sed
739 1599 848 1652 eris
892 1614 1011 1652 cum
1058 1612 1144 1664 eo,
1199 1597 1338 1650 sicut
1379 1594 1524 1664 prius
1547 1593 1707 1647 fuisti.
1749 1592 1823 1666 Ad

249 1693 366 1746 haec
419 1690 758 1745 Mundericus
810 1688 1125 1757 respondit:
1174 1686 1384 1742 Utinam
1440 1699 1663 1741 securus
1717 1685 1818 1741 sim

1919 610 2147 661 mecum,
2180 607 2234 650 et
2264 600 2522 651 venumda
2553 612 2638 651 tm
2665 599 2714 651 in
2741 600 2901 652 domo
2941 597 3149 650 barbari
3189 597 3362 660 illius,
3392 598 3488 649 sit-

1917 701 2019 752 que
2050 688 2140 740 tibi
2173 689 2376 742 lucrum
2410 690 2636 756 pretium
2667 704 2840 742 meum
2879 705 2893 740 :
2927 698 3127 740 tantum
3179 688 3484 741 liberiorem

1917 777 2120 830 aditmn
2167 778 2390 832 habeam
2437 780 2664 833 faciendi
2707 780 2758 834 id
2791 781 2930 846 quod
2986 778 3220 832 decrevi.
3254 783 3484 847 Accepto

1920 881 2046 918 Vero
2095 878 2461 934 sacramento,
2519 871 2676 922 homo
2725 870 2813 922 ille
2865 870 3011 928 abiit.
3063 879 3116 922 et
3177 870 3390 922 vendito
3419 885 3484 922 eo

1917 955 2196 1010 duodecim
2229 959 2407 1012 aureis
2433 960 2701 1013 discessit.
2742 960 3053 1014 Sciscitatus
3079 970 3253 1013 autem
3279 970 3478 1027 emptor

1917 1058 1946 1096 a
1995 1046 2110 1098 rudi
2161 1047 2360 1100 famulo
2428 1048 2553 1116 quid
2601 1050 2778 1116 Operis
2841 1048 3021 1112 sciret,
3079 1052 3395 1116 respondit:
3431 1051 3485 1104 In

1917 1135 2164 1190 omnibus
2193 1151 2312 1205 quas
2353 1138 2664 1192 manducari
2708 1138 2904 1192 debent
2939 1137 2956 1175 ί
2995 1140 3049 1191 in
3080 1141 3278 1193 mensis
3324 1141 3492 1193 domi-

1920 1239 2106 1277 norum
2131 1266 2145 1289 ,
2182 1225 2336 1278 valde
2361 1228 2525 1279 scitus
2562 1241 2680 1279 sum
2709 1229 2918 1294 operari
2946 1243 2960 1280 :
2997 1243 3096 1281 nec
3129 1239 3310 1283 metuo
3339 1230 3484 1298 quod

1920 1317 2138 1385 reperiri
2165 1319 2332 1384 possit
2348 1318 2536 1372 similis
2558 1319 2661 1373 mei
2681 1319 2730 1372 iu
2750 1319 2848 1373 hac
2868 1319 3107 1374 scientia.
3130 1319 3322 1376 Verum
3346 1320 3489 1375 enim

1919 1410 2040 1464 dico
2063 1409 2178 1475 tibi,
2212 1410 2334 1478 quia
2361 1411 2523 1465 etiam
2552 1412 2596 1470 si
2631 1413 2738 1486 tegi
2766 1412 2983 1486 epulum
3012 1413 3199 1485 cupias
3231 1428 3489 1484 prmpat'a-

1921 1517 1999 1563 re.
2030 1503 2225 1561 fercula
2248 1505 2440 1577 regalia
2468 1523 2792 1576 componere
2821 1525 3058 1578 possum,
3091 1525 3189 1564 nec
3211 1510 3489 1579 quisquam
3533 1577 3536 1580 t

1923 1611 2011 1654 me
2039 1601 2248 1654 melius.
2286 1601 2347 1654 Et
2373 1601 2463 1655 ille
2491 1617 2503 1652 :
2535 1600 2672 1653 Ecce
2698 1601 2839 1654 enim
2879 1599 2998 1654 dies
3036 1601 3165 1655 solis
3208 1600 3392 1662 adest,
3419 1600 3494 1652 sic

1927 1693 2067 1745 enim
2098 1691 2370 1745 barbaries
2410 1691 2642 1745 vocitare
2684 1690 2825 1744 diem
2871 1691 3195 1746 dominicum
3236 1702 3492 1746 consueta

247 1784 390 1850 quod
438 1800 542 1837 non
598 1782 907 1837 interﬁciar.
952 1781 1099 1835 Tunc
1122 1779 1414 1847 Aregisilus
1446 1778 1631 1851 pusitis
1661 1795 1820 1848 super
1853 1761 1900 1822 Β
1927 1794 2026 1850 est,
2061 1786 2112 1837 in
2147 1786 2246 1837 hac
2277 1785 2362 1839 die
2399 1785 2558 1840 vicini
2586 1792 2746 1852 atque
2776 1794 3021 1853 parentes
3051 1785 3156 1838 mei
3189 1785 3490 1838 invitabun-

248 1875 492 1926 altarimn
522 1882 766 1927 sanctum
793 1882 818 1909 ει
852 1871 1115 1942 manibus,
1163 1871 1359 1940 juravit
1402 1873 1450 1927 ei
1503 1881 1561 1926 ut
1605 1885 1824 1924 securus

251 1967 610 2032 egrederetur.
656 1964 787 2017 Dato
827 1963 988 2032 igitur
1036 1974 1401 2028 sacramento,
1459 1960 1826 2031 egrediebatur

256 2055 589 2112 Mundericns
619 2054 686 2110 de
715 2066 868 2124 porta
898 2056 1121 2120 castelli,
1165 2065 1350 2109 tenens
1401 2068 1611 2106 manum
1643 2050 1828 2119 Aregi-

253 2150 353 2201 sili.
413 2149 645 2216 Populus
693 2157 869 2201 autem
910 2148 1180 2215 spectabat
1209 2145 1234 2183 δ
1283 2160 1313 2198 a
1354 2144 1510 2210 longe
1561 2142 1825 2209 aspiciens

256 2255 389 2293 cum.
427 2240 579 2292 Tunc
619 2253 716 2306 pro
757 2237 907 2305 signo
937 2238 1009 2290 ait
1057 2236 1348 2304 Aregisilos
1379 2251 1395 2292 :
1421 2236 1554 2300 Quid
1587 2235 1825 2301 aspicitis

259 2342 355 2384 tam
382 2332 608 2393 intente,
637 2347 670 2384 o
697 2331 908 2398 populi?
957 2328 1199 2396 Nunquid
1249 2345 1351 2382 non
1383 2328 1587 2382 vidistis
1617 2326 1762 2394 prius
1795 2335 1816 2362 ο

259 2423 654 2478 IIundericuml
685 2422 752 2476 Et
779 2423 955 2476 Statim
985 2421 1135 2475 irruit
1157 2420 1382 2488 populus
1409 2418 1463 2473 iu
1484 2433 1624 2473 eum.
1653 2420 1719 2471 At
1737 2415 1826 2469 ille

263 2514 578 2584 intelligens,
612 2515 686 2568 ait
717 2532 731 2566 ε
758 2511 1170 2568 Evidentissime
1198 2525 1492 2580 cognosco,
1516 2509 1656 2578 quod
1687 2509 1828 2564 fece-

266 2607 330 2659 ris
351 2621 444 2674 per
470 2607 574 2659 hoc
593 2607 810 2660 verbum
839 2606 1046 2674 signum
1073 2604 1276 2672 populis
1303 2604 1367 2657 ad
1400 2618 1484 2658 me
1505 2603 1827 2656 interﬁcien-

266 2698 403 2752 dum.
441 2698 818 2752 Verumtamen
849 2697 965 2750 dico
995 2697 1105 2762 tibi,
1134 2695 1258 2766 quia
1309 2694 1550 2764 perjuriis
1598 2709 1683 2749 me
1734 2693 1827 2748 de-

267 2789 465 2856 cepisti,
527 2802 578 2842 te
634 2789 808 2841 vivum
865 2787 998 2842 ultra
1054 2788 1228 2841 nullus
1265 2788 1507 2854 aspiciet,
1540 2793 1593 2840 et
1635 2786 1826 2840 emissa

272 2880 438 2934 lancea
473 2879 524 2932 in
552 2881 796 2947 scapulas
826 2879 961 2946 ejus,
987 2878 1212 2944 perfodit
1258 2893 1402 2944 eum,
1448 2877 1746 2946 ceciditque
1775 2886 1828 2932 et

273 2980 503 3024 mortuus
566 2979 669 3024 est.
734 2970 1125 3039 Evaginatoque
1180 2954 1434 3038 d‘einceps
1489 2969 1827 3024 Mondericus

272 3062 430 3132 gladio
452 3077 573 3116 cum
598 3062 738 3125 suis,
767 3077 1007 3130 magnam
1037 3071 1266 3128 stragem
1297 3062 1362 3116 de
1393 3062 1585 3131 populo
1627 3061 1717 3115 illo
1748 3064 1825 3115 te-

274 3155 352 3218 cit,
378 3166 429 3209 et
453 3168 728 3223 usquequo
747 3153 990 3222 spiritum
1013 3153 1298 3217 exhalavit,
1324 3154 1622 3208 interﬁcere
1644 3168 1826 3221 quetu-
1853 3120 1900 3183 c

273 3259 470 3315 cunque
520 3245 733 3314 assequi
789 3246 1068 3314 potuisset,
1116 3259 1223 3300 non
1261 3245 1479 3299 destitit.
1521 3245 1636 3311 Quo
1666 3245 1830 3301 inter-

276 3339 417 3402 iecto,
449 3354 534 3393 res
555 3340 671 3405 ejus
697 3339 825 3393 ﬁsco
849 3338 1052 3393 collatae
1077 3348 1217 3393 sunt.

336 3430 446 3486 XV.
509 3431 872 3486 Theodericus
921 3446 1051 3486 vero
1113 3440 1168 3486 et
1221 3431 1592 3487 Childebertus
1663 3431 1831 3486 ﬁedus

277 3524 594 3586 inierunt,et
617 3523 740 3577 dato
770 3522 868 3577 sibi
899 3532 1257 3588 sacramento,
1317 3533 1371 3576 ut
1417 3531 1603 3576 neuter
1649 3534 1828 3576 contra

277 3617 485 3670 alterum
516 3627 840 3681 moveretur,
867 3617 1080 3671 obsides
1110 3618 1176 3669 ab
1213 3616 1437 3670 invicem
1488 3625 1828 3684 acceperunt,

275 3720 366 3773 quo
420 3705 627 3759 facilius
683 3704 1018 3759 firmarentur
1055 3720 1171 3774 qua:
1223 3705 1430 3758 fuerant
1475 3706 1634 3758 dicta.
1685 3705 1830 3758 Muli

277 3804 387 3848 tunc
413 3795 504 3848 lilii
535 3803 844 3849 senatorum
889 3793 942 3847 in
991 3794 1088 3847 hac
1132 3791 1457 3848 obsidioned
1505 3794 1613 3847 dati
1668 3803 1827 3848 sunt:

273 3889 356 3942 sed
383 3899 504 3941 orto
533 3888 727 3941 iterum
755 3885 895 3940 inter
925 3900 1074 3956 reges
1115 3885 1386 3949 seandalo,
1436 3886 1502 3940 ad
1557 3887 1830 3940 servitium

273 3978 528 4046 publicum
557 3985 683 4031 sunt
705 3976 918 4032 addicti.
952 3977 1018 4030 Et
1045 3977 1343 4045 quicunque
1393 3992 1486 4032 eos
1540 3978 1605 4030 ad
1655 3989 1834 4034 custo-

231 4056 234 4060 ’
270 4069 513 4123 diendum
564 4069 799 4136 accepit,
832 4083 1014 4122 servos
1053 4068 1154 4122 sibi
1203 4084 1266 4122 ex
1296 4069 1377 4121 his
1407 4069 1552 4122 fecit.
1582 4069 1727 4122 Multi
1758 4078 1834 4122 ta-

268 4175 380 4214 men
404 4175 470 4214 ex
497 4159 575 4213 eis
608 4173 703 4227 per
749 4159 920 4226 fugam
959 4159 1148 4228 elapsi,
1200 4159 1255 4212 in
1305 4159 1523 4227 patriam
1570 4161 1724 4229 119
1752 4175 1834 4213 re-

267 4251 496 4315 dierunt,
525 4249 773 4304 nonnulli
805 4251 856 4302 in
897 4250 1117 4303 servitio
1138 4258 1261 4303 sunt
1281 4252 1473 4303 retenti
1503 4267 1518 4304 :
1542 4250 1679 4304 inter
1701 4266 1834 4320 quos

266 4345 468 4398 Attalus
496 4356 669 4411 nepos
698 4342 836 4395 beati
862 4340 1104 4411 Gregorii
1137 4341 1405 4410 Lingonici
1463 4343 1722 4411 episcopi,
1767 4343 1832 4396 ad

263 4437 527 4502 publicum
559 4435 835 4490 servitium
869 4434 1195 4503 mancipatus
1225 4443 1326 4498 est,
1357 4445 1640 4504 custosque
1667 4451 1830 4502 equo-

1929 1886 2014 1931 tur
2041 1878 2090 1929 in
2121 1876 2278 1928 domo
2302 1890 2438 1928 mea.
2464 1875 2608 1944 Rogo
2630 1883 2685 1927 ut
2705 1874 2869 1928 facias
2898 1875 3027 1928 mihi
3052 1876 3330 1943 prandium
3355 1876 3492 1943 quod

1927 1969 2273 2031 admirentur,
2307 1976 2361 2022 et
2389 1968 2603 2028 dicant,
2635 1967 2759 2035 quia
2808 1969 2862 2020 in
2910 1967 3074 2021 domo
3124 1969 3263 2037 regis
3307 1969 3495 2021 melius

1928 2075 2034 2113 non
2085 2061 2412 2126 aspeximus.
2464 2059 2530 2112 Et
2577 2057 2708 2111 ille:
2743 2058 2970 2122 lubeat,
3014 2060 3217 2128 inquit,
3250 2059 3496 2112 dominus

1928 2167 2079 2204 meus
2108 2149 2422 2220 congregari
2454 2151 2716 2218 pullorum
2747 2151 3153 2218 gallinaceorum
3190 2151 3487 2204 multitudi-

1929 2259 2073 2308 nem,
2105 2242 2376 2295 etfaciam
2408 2258 2524 2310 quae
2554 2243 2815 2310 praecipis.
2852 2242 3167 2308 Przeparatis
3209 2257 3335 2310 ergo
3377 2258 3495 2310 quae

1928 2335 2139 2389 dixerat
2169 2349 2320 2400 puer,
2349 2333 2523 2386 illuxit
2552 2333 2816 2386 dominica
2847 2333 2981 2397 dies,
3025 2332 3254 2402 fecitque
3282 2334 3495 2401 epulum

1929 2442 2198 2492 magnum,
2213 2425 2523 2493 deliciisque
2540 2425 2812 2483 refertum.
2832 2426 3175 2493 Epulantibus
3189 2433 3366 2478 autem
3381 2441 3496 2479 om-

1930 2519 2104 2581 nibus,
2124 2527 2175 2571 et
2193 2517 2528 2570 laudantibus
2553 2517 2851 2584 prandium,
2872 2526 3116 2583 parentes
3140 2517 3278 2569 illius
3308 2517 3498 2571 disces.

1928 2617 2134 2664 serunt.
2173 2609 2426 2663 Dominus
2451 2610 2591 2662 enim
2624 2608 2770 2662 dedit
2799 2609 3025 2677 gratiam
3060 2623 3223 2677 puero
3254 2610 3407 2672 huic,
3441 2623 3496 2664 et

1928 2699 2134 2764 accepit
2163 2706 2474 2766 potestatem
2501 2711 2661 2764 super
2709 2697 2884 2749 omnia
2926 2712 3043 2765 qua:
3072 2696 3296 2750 habebat
3322 2697 3498 2750 domi-

1929 2803 2028 2842 nus
2075 2803 2203 2842 suus
2249 2787 2299 2841 in
2350 2794 2614 2855 promptu.
2659 2787 3021 2855 Diligebatque
3061 2801 3181 2840 eum
3225 2787 3416 2850 valde,
3446 2798 3498 2841 et

1930 2880 2176 2936 omnibus
2211 2881 2365 2950 120
2393 2879 2482 2950 qui
2522 2894 2640 2933 cum
2687 2894 2752 2934 eo
2797 2887 2950 2934 erant
2997 2879 3111 2947 ipse
3159 2879 3498 2947 dispensabat

1929 2972 2124 3026 cibaria
2155 2979 2209 3025 et
2238 2974 2525 3039 pulmenta.
2549 2971 2673 3024 Post
2701 2973 2823 3023 anni
2847 2985 2975 3024 vero
2997 2971 3344 3036 curriculum,
3375 2985 3495 3026 cum

1928 3061 2036 3131 jam
2067 3076 2284 3115 securus
2314 3070 2457 3116 esset
2483 3061 2730 3115 dominos
2755 3059 2896 3115 illius
2932 3060 2998 3115 de
3026 3073 3117 3124 eo,
3142 3060 3271 3113 abiit
3296 3061 3347 3113 in
3378 3076 3498 3129 pra-

1936 3163 2066 3215 tuni,
2097 3152 2238 3222 quod
2263 3163 2377 3208 erat
2403 3153 2582 3207 domui
2617 3153 2912 3221 proximum
2932 3192 2947 3219 ,
2981 3167 3100 3207 cum
3132 3152 3309 3207 Attalo
3333 3168 3499 3222 puero

1933 3247 2156 3298 custode
2200 3259 2493 3314 equorum:
2523 3253 2577 3298 et
2621 3244 2892 3298 decubans
2934 3245 2986 3298 in
3037 3254 3177 3299 terra
3225 3258 3346 3299 cum
3377 3259 3442 3298 eo
3471 3260 3534 3322 a~

1935 3339 2109 3408 longe,
2135 3342 2336 3394 aversis
2361 3340 2552 3406 dorsis,
2583 3349 2639 3394 ut
2668 3355 2773 3393 non
2803 3349 3216 3406 cognosceretur
3241 3338 3383 3407 quod
3415 3339 3495 3393 lo-

1933 3442 2222 3500 querentur
2249 3431 2406 3484 simul
2433 3471 2448 3496 ,
2479 3430 2608 3486 dicit
2635 3445 2838 3499 puero:
2868 3430 3100 3496 Tempus
3133 3437 3215 3483 est
3237 3427 3416 3492 enim,
3447 3441 3502 3481 ut

1931 3521 2040 3590 jam
2071 3523 2306 3591 cogitare
2327 3523 2394 3576 de
2420 3521 2585 3590 patria
2616 3521 2924 3575 debeamus.
2952 3520 3178 3588 Ideoque
3211 3533 3401 3573 moneo
3426 3529 3495 3581 te,

1935 3624 1994 3669 ut
2025 3614 2123 3667 hac
2149 3624 2305 3668 nocte
2335 3629 2453 3668 cum
2483 3627 2650 3681 equos
2677 3613 2742 3666 ad
2785 3612 3140 3667 claudendum
3184 3612 3467 3665 adduxeris
3486 3651 3501 3674 ,

1934 3720 2128 3775 sopore
2159 3722 2263 3760 non
2294 3705 2613 3774 deprimaris
2639 3749 2653 3772 ,
2684 3704 2778 3760 sed
2810 3721 2930 3758 cum
2965 3704 3190 3771 primum
3218 3714 3270 3756 te
3310 3702 3503 3754 vocita-

1938 3813 2067 3851 vero
2099 3797 2262 3863 adsis,
2291 3807 2344 3852 et
2372 3798 2722 3851 ambulemus.
2755 3796 3050 3850 Vocaverat
3071 3796 3212 3848 enim
3241 3793 3505 3847 Barbarus

1936 3891 2023 3945 ille
2053 3890 2248 3944 multos
2279 3901 2553 3957 parentum
2584 3904 2802 3944 suorum
2835 3888 2901 3942 ad
2931 3889 3179 3955 epulum,
3213 3888 3350 3939 inter
3371 3901 3502 3953 quos

1934 3991 2047 4036 erat
2070 3991 2121 4036 et
2147 3996 2312 4049 gener
2339 3982 2486 4047 ejus,
2521 3982 2607 4049 qui
2631 3989 2910 4048 acceperat
2939 3979 3101 4032 ﬁliam
3135 3979 3296 4031 illius.
3332 3976 3502 4031 Media

1935 4083 2108 4127 autem
2141 4080 2296 4125 nocte
2322 4086 2350 4124 a
2379 4073 2625 4126 convivio
2652 4069 3021 4138 surgentibus,
3050 4078 3103 4123 et
3125 4068 3293 4136 quieti
3323 4067 3464 4120 datis
3487 4109 3501 4131 ,

1935 4173 2251 4233 prosecutus
2279 4171 2362 4217 est
2389 4163 2496 4216 Leo
2528 4177 2785 4231 generum
2809 4161 3012 4213 domini
3062 4162 3144 4214 sui
3192 4175 3313 4213 cum
3345 4168 3503 4225 potu,

1934 4255 2316 4323 porrigensque
2345 4254 2391 4306 ei
2422 4252 2638 4316 bibere,
2665 4250 2716 4304 in
2749 4259 3001 4302 metatum
3031 4250 3164 4318 ejus.
3199 4250 3287 4302 Ait
3325 4249 3504 4315 itaque

1935 4345 1999 4398 ad
2028 4360 2146 4398 eum
2181 4345 2340 4399 homo
2366 4360 2380 4396 :
2415 4344 2506 4396 Dic
2535 4351 2611 4406 tu,
2641 4357 2673 4396 ο
2701 4341 2934 4394 creditor
2957 4342 3127 4394 soceri
3161 4339 3298 4404 mei,
3334 4339 3378 4393 si
3412 4355 3504 4390 va-

1936 4437 2066 4500 leas,
2094 4435 2306 4504 quando
2329 4434 2649 4489 voluntatem
2672 4431 2967 4496 adhibebis,
2985 4441 3038 4484 ut
3060 4431 3347 4500 assumptis
3359 4431 3506 4497 equi-

262 4501 372 4580 rum
401 4527 727 4581 deStinatus.
776 4527 902 4582 Erat
954 4501 1092 4581 enim
1140 4527 1271 4580 infra
1326 4501 1590 4582 Treverici
1625 4501 1831 4582 termini
1861 4501 1914 4560 D
1943 4529 2078 4582 tibus
2101 4501 2206 4598 [Αι.
2231 4525 2401 4597 equis]
2430 4524 2548 4594 ejus
2574 4539 2666 4579 eas
2689 4525 2739 4577 in
2767 4524 2988 4592 patriam
3012 4524 3192 4576 tuam?
3226 4523 3335 4576 Hoc
3356 4523 3505 4590 quasi

262 4618 590 4671 territorium
619 4619 827 4671 cuidam
853 4619 1076 4673 barbaro
1108 4628 1131 4653 °
1165 4619 1420 4673 serviens.
1453 4620 1684 4687 Denique
1713 4621 1835 4674 bea-

262 4716 345 4760 tus
369 4708 662 4778 Gregorius
682 4707 746 4760 ad
773 4709 1142 4775 inquirendum
1161 4724 1281 4762 cum
1312 4711 1454 4762 misit
1481 4725 1690 4777 pueros.
1716 4712 1833 4776 Quo

260 4799 496 4868 invento,
530 4801 843 4855 obtulerunt
872 4801 1068 4855 homini
1098 4818 1336 4870 munera,
1388 4805 1478 4857 sed
1524 4805 1723 4871 respuit
1747 4820 1832 4870 ea,

259 4893 443 4948 dicens
471 4911 485 4946 ε
519 4895 617 4947 llic
643 4894 711 4946 de
742 4894 831 4946 tali
857 4896 1198 4963 generatione
1224 4896 1407 4950 decem
1429 4897 1539 4949 auri
1570 4897 1717 4950 libris
1746 4912 1833 4950 re-

261 4984 386 5037 dimi
413 4985 602 5038 debet.
628 4984 830 5050 Quibus
879 4985 1240 5049 redeuntibus,
1285 4985 1391 5039 Leo
1416 4986 1626 5054 quidam
1654 4987 1719 5039 de
1746 5001 1837 5038 co-

260 5076 417 5139 quina
451 5074 660 5128 domini
708 5073 810 5139 sui,
847 5074 922 5127 ait
955 5092 967 5126 :
1001 5074 1211 5128 Utinam
1269 5090 1354 5127 me
1397 5076 1748 5142 permitteres,
1782 5084 1836 5128 et

269 5165 485 5217 torsitan
525 5179 626 5232 ego
670 5175 909 5231 poteram
959 5180 1078 5218 eum
1128 5165 1381 5219 reducere
1411 5182 1473 5218 ex
1507 5166 1831 5228 captivitate.

264 5254 455 5309 Gavisa
478 5266 660 5310 autem
691 5256 927 5320 domino,
962 5258 1197 5311 directus
1230 5257 1374 5312 venit
1402 5259 1465 5310 ad
1493 5258 1664 5310 locum
1697 5274 1711 5310 :
1740 5273 1833 5312 vo-

343 5399 366 5424 ·
393 5391 608 5457 Aliquot
629 5406 761 5445 mss.
795 5400 843 5444 et
868 5390 1018 5455 editi,
1049 5393 1217 5445 altare
1244 5404 1494 5445 sanctum.

343 5457 367 5494 ι
390 5458 585 5515 Chesn.
609 5477 730 5515 cum
757 5461 904 5523 Bec.,
935 5465 1267 5530 exspectabat.

338 5537 359 5564 ε
396 5531 549 5601 Reg.,
582 5534 657 5584 An
687 5532 925 5601 nunauid
951 5547 1050 5584 non
1081 5534 1276 5585 vidistis
1301 5541 1469 5585 antea.
1511 5532 1607 5586 Ed.
1631 5533 1831 5601 aliquot

270 5613 382 5670 cunt
413 5600 555 5660 Rea,
579 5604 658 5654 An
688 5597 925 5669 nariquia
946 5601 1139 5654 vidistis
1171 5603 1335 5670 prius.

337 5667 359 5703 ά
391 5670 444 5720 Id
473 5682 572 5734 est,
597 5667 820 5727 obsides
856 5670 966 5722 dati
994 5680 1136 5724 sunt.

339 5749 358 5777 ο
385 5739 440 5796 ld
458 5753 536 5800 est
564 5743 806 5800 Franco.
840 5739 1300 5804 Quemadmodum
1334 5745 1476 5801 enim
1516 5750 1723 5797 veteres
1752 5745 1832 5794 in-

1936 4621 2058 4690 joco
2086 4620 2358 4673 delectans
2384 4617 2539 4671 dixit.
2572 4615 2827 4670 Similiter
2857 4622 2911 4669 et
2951 4615 3042 4668 ille
3076 4615 3387 4683 jocnlariter
3419 4629 3498 4665 ve-

1941 4713 2149 4765 ritatem
2178 4709 2507 4778 respondens
2531 4749 2545 4774 ,
2578 4708 2652 4760 ait
2684 4725 2696 4759 :
2728 4707 2836 4760 Hac
2868 4716 3022 4760 nocte
3053 4707 3312 4767 delibero,
3337 4707 3381 4757 si
3418 4704 3505 4756 llci

1944 4801 2188 4853 voluntas
2215 4801 2393 4855 fuerit.
2430 4799 2492 4852 Et
2523 4799 2649 4853 ille:
2685 4798 2899 4853 Utinam
2926 4839 2939 4863 ,
2974 4798 3177 4866 inquit,
3205 4795 3504 4851 custodiant

1945 4909 2030 4948 me
2060 4892 2239 4945 famuli
2270 4893 2414 4958 mei,
2450 4908 2517 4946 ne
2547 4891 2742 4960 aliquid
2771 4890 2838 4944 de
2870 4891 3026 4943 rebus
3065 4890 3197 4942 meis
3241 4902 3503 4940 assumas.

1939 4984 2006 5038 Et
2034 4985 2266 5037 ridentes
2313 4983 2690 5037 discesserunt.
2737 4980 3128 5034 Dormientibus
3159 4987 3332 5030 autem
3373 4990 3505 5028 cun-

1937 5074 2035 5127 ctis
2059 5114 2074 5137 ,
2102 5071 2307 5125 vocavit
2331 5071 2438 5125 Leo
2481 5071 2714 5124 Attalum
2748 5089 2762 5124 :
2795 5070 3078 5135 stratisque
3117 5065 3387 5133 equitibus
3427 5064 3504 5117 in-

1939 5172 2169 5234 terrogat
2196 5171 2220 5208 8
2246 5162 2292 5215 si
2335 5161 2554 5214 haberet
2602 5161 2854 5230 gladium.
2904 5157 3199 5223 Respondit
3229 5173 3243 5209 :
3277 5156 3391 5210 Non
3422 5167 3502 5210 est

1939 5259 2087 5316 mihi,
2113 5255 2210 5310 nisi
2242 5262 2442 5308 tantum
2472 5253 2651 5306 lancea
2691 5250 2933 5319 parvula.
2980 5249 3046 5301 At
3090 5247 3179 5301 ille
3221 5247 3500 5316 ingressus

1935 5392 2067 5446 cola:
2092 5389 2402 5443 dicebantur
2422 5384 2668 5447 Romani,
2693 5384 2761 5436 ita
2790 5382 2998 5446 caeteri,
3026 5391 3084 5435 ut
3107 5382 3215 5448 jam
3239 5383 3493 5436 observa-

1941 5463 2128 5526 vimus,
2156 5459 2370 5511 Barbari
2403 5456 2751 5510 dicebantur:
2782 5452 2922 5521 quod
2952 5453 3150 5521 passim
3188 5453 3326 5520 apud
3356 5453 3497 5508 Gre-

1936 5531 2140 5602 gorium
2174 5543 2326 5581 occur
2340 5527 2406 5579 rit

2012 5625 2029 5663 ί
2067 5623 2206 5678 Editi
2236 5637 2355 5675 cum
2389 5621 2536 5684 Bec.,
2559 5617 2734 5705 [andi
2759 5616 2959 5671 debent.

2007 5727 2032 5765 s
2065 5715 2230 5783 Edit.,
2263 5712 2488 5767 Attalum
2510 5728 2570 5766 ea:
2597 5713 2761 5764 strata
2788 5725 2904 5765 suo.
2931 5706 3244 5770 Interrouat.
3275 5715 3385 5763 etc.
