3994 6194
562 334 667 391 255
1563 325 1620 380 S.
1659 318 1983 379 GREGORII
2027 313 2328 370 EPISCOI’I
2367 315 2792 372 TURONENSIS
3710 317 3821 375 ἰεῦ

563 451 894 504 mansionem
924 442 1124 499 domini
1155 442 1236 496 sui
1266 438 1618 510 apprehendit
1659 446 1867 491 scutum
1907 434 2024 502 ejus
2054 448 2116 486 ac
2146 480 2149 487 .

2262 426 2503 480 latutinas
2535 438 2733 481 motum
2765 435 2871 493 est,
2903 439 3020 485 erat
3049 432 3195 485 enim
3237 430 3356 486 dies
3378 432 3673 495 dominica,
3699 434 3819 499 pni-

564 541 842 594 frameam.
876 536 993 602 Quo
1031 534 1391 600 interrogante
1422 529 1540 598 quis
1565 536 1739 591 esset,
1768 533 1859 578 aut
1879 524 2003 594 quid
2033 521 2133 577 sibi
2238 525 2524 585 santesqne
2557 518 2778 586 januam
2810 521 3107 592 presbyteri
3132 561 3147 585 ,
3182 523 3406 591 ingressi
3436 533 3583 577 sunt.
3626 524 3813 592 Expo-

566 632 715 696 velit,
748 628 1023 696 respondit
1054 641 1068 679 :
1104 625 1216 692 Ego
1246 639 1363 678 sum
1396 621 1501 674 Leo
1530 633 1715 673 servus
1756 625 1877 671 tuus
1900 656 1917 682 ,
1946 624 2001 670 et
2048 631 2138 669 su-
2240 607 2446 676 suitque
2473 622 2602 677 pucr
2629 610 2700 664 de
2725 610 2945 665 domino
2965 627 3086 699 suo.
3112 612 3209 666 Cui
3233 613 3308 666 ait
3336 613 3648 681 presbyter:
3678 612 3817 667 Vera

564 723 699 778 scim
722 718 954 775 Attalum
997 724 1057 769 ut
1084 722 1266 783 surgat
1296 713 1533 766 velocius
1559 749 1573 773 ,
1614 718 1669 763 et
1699 707 1927 761 deducat
1969 718 2139 772 equos
2238 707 2322 754 est
2348 702 2487 753 enim
2520 701 2652 755 visio
2678 718 2797 757 mea
2823 721 2837 757 :
2872 719 2991 758 nam
3024 705 3268 759 videbam
3299 706 3432 760 duas
3461 705 3515 759 in
3541 706 3642 759 hac
3661 716 3825 760 nocte

564 814 631 866 ad
665 822 910 881 pastum:
946 806 1211 861 detinetur
1239 806 1379 858 cnim
1408 816 1603 870 sopore
1626 800 1776 866 quasi
1807 796 2011 853 ebrius.
2036 796 2139 861 Qui
2240 790 2515 845 columbas
2557 794 2836 861 advolare,
2871 804 2925 850 et
2952 797 3248 851 consedere
3287 796 3339 850 in
3372 810 3533 850 manu
3562 812 3679 851 mea
3703 837 3718 862 ,
3750 813 3819 849 ex

564 903 685 956 ait:
715 901 820 956 Fac
852 908 906 954 ut
948 899 1097 953 libet.
1143 897 1209 951 Et
1248 896 1362 949 haec
1409 894 1596 948 dicens
1642 891 1993 946 obdormivit.
2048 888 2142 943 Ille

565 1006 698 1048 vero
727 1004 973 1060 egressus
1006 989 1167 1051 foras,
1196 984 1417 1039 munivit
1450 998 1671 1053 puerum
1694 980 1875 1040 armis.
1907 978 2145 1033 invenit-

570 1099 676 1153 que
703 1084 891 1150 januas
931 1079 1052 1133 atrii
1094 1076 1347 1132 divinitus
1380 1084 1676 1136 reseratas,
1728 1087 1862 1143 quas
1904 1071 1955 1125 in
1990 1070 2144 1123 initio

571 1174 744 1229 noctis
774 1186 894 1227 cum
914 1168 1097 1225 cuneis
1124 1167 1316 1221 malleo
1348 1165 1614 1235 percussis
1647 1163 2001 1217 obseraverat
2046 1174 2143 1228 pro

568 1263 811 1320 custodia
839 1261 1185 1317 caballorum.
1219 1260 1281 1311 Et
1305 1257 1502 1328 gratias
1524 1271 1685 1325 agens
1714 1255 1963 1321 Domino,
1992 1269 2143 1308 sum-

574 1357 682 1425 ptis
711 1354 927 1422 reliquis
953 1351 1222 1421 equitibus
1250 1344 1445 1418 [equis]
1482 1361 1665 1401 secum
1687 1387 1702 1411 ,
1743 1346 2143 1411 discesserunt,

572 1461 737 1499 unum
759 1445 921 1498 etiam
960 1442 1237 1495 volucrum
1269 1448 1295 1475 ⁸
1325 1454 1445 1493 cum
1492 1439 1827 1493 vestimentis
1866 1438 2140 1492 tollentes.

575 1536 864 1590 Venientes
887 1539 1059 1586 autem
1087 1532 1150 1583 ad
1184 1529 1455 1583 Mosellam
1479 1527 1505 1565 δ
1538 1530 1757 1582 [luvium
1784 1568 1799 1593 ,
1829 1532 1980 1598 121
2026 1542 2145 1581 cum

574 1627 861 1679 transirent
886 1623 1068 1685 illum,
1089 1630 1143 1676 et
1170 1620 1540 1675 detinerentur
1576 1634 1607 1673 a
1635 1620 1991 1689 quibusdam,
2026 1620 2149 1673 reli-

570 1715 673 1769 ctis
694 1714 962 1784 equitibus
993 1710 1186 1784 [equis]
1216 1719 1272 1765 et
1299 1710 1653 1776 vestimentis,
1678 1719 1957 1765 enatantes
1978 1724 2144 1778 super

2244 884 2438 954 quibus
2472 889 2629 958 122
2662 903 2763 942 una
2794 888 2932 955 alba,
2966 888 3069 943 alia
3097 898 3272 943 autem
3305 890 3453 958 nigra
3483 898 3626 944 erat.
3658 889 3823 943 Dixe—

2244 986 2473 1047 runtque
2514 980 2665 1048 pueri
2715 983 3072 1052 presbytero:
3110 980 3385 1050 Indulgent
3429 981 3688 1035 Dominus
3725 995 3828 1049 pro

2244 1067 2331 1122 die
2357 1082 2452 1122 sua
2481 1080 2662 1124 sancta
2693 1081 2739 1124 ο.
2772 1070 2902 1126 Nam
2928 1086 3024 1126 nos
3047 1086 3319 1142 rogamus,
3347 1081 3403 1126 ut
3424 1071 3625 1141 aliquid
3655 1070 3829 1126 victus

2246 1160 2523 1227 praebeas:
2558 1171 2741 1230 quarta
2768 1164 2912 1218 enim
2941 1164 3203 1219 illucescit
3230 1164 3364 1230 dies,
3396 1165 3538 1234 quod
3570 1163 3701 1217 nihil
3732 1179 3827 1233 pa-

2246 1251 2329 1306 nis
2345 1254 2709 1325 pulmentique
2730 1257 3075 1327 gustavimus.
3097 1257 3386 1312 Occultatis
3416 1268 3593 1313 autem
3620 1260 3826 1327 pueris.

2246 1347 2475 1415 praebuit
2515 1348 2595 1402 eis
2632 1349 2863 1404 infusum
2908 1364 3029 1404 cum
3066 1351 3190 1404 vino
3218 1364 3439 1418 panem,
3487 1359 3543 1405 et
3583 1351 3718 1405 abiit
3760 1350 3832 1404 ad

2249 1434 2904 1506 Matutinas.Secutusque
2926 1449 3010 1493 est
3036 1448 3091 1494 et
3118 1440 3396 1505 barbarus,
3428 1440 3618 1495 iterum
3651 1441 3831 1511 inqui-

2245 1538 2375 1579 rens
2406 1541 2598 1594 pueros
2624 1544 2637 1580 :
2669 1528 2761 1581 sed
2795 1528 2986 1582 illusus
3017 1543 3045 1582 a
3076 1530 3389 1599 presbytero
3419 1543 3693 1599 regressus
3720 1536 3831 1584 est.

2248 1612 2533 1686 Presbyter
2554 1619 2696 1671 enim
2726 1618 3015 1673 amicitiam
3043 1634 3161 1674 cum
3195 1622 3355 1675 beato
3382 1620 3649 1689 Gregorio
3688 1621 3832 1673 anti-

2247 1720 2408 1774 quam
2437 1705 2684 1761 habebat.
2715 1707 2865 1763 Tunc
2896 1709 3180 1778 resumptis
3204 1709 3349 1777 pueri
3381 1710 3542 1777 epulo
3568 1708 3783 1763 viribus
3812 1750 3831 1772 ,

573 1780 761 1873 parma
783 1805 937 1875 positi
968 1780 1184 1859 amnem
1199 1844 1215 1869 ,
1248 1803 1300 1857 in
1330 1804 1637 1858 ulteriorem
1683 1805 1885 1873 egressi
1919 1812 2044 1857 sunt
2070 1803 2145 1856 ri-
2171 1780 2222 1841 Β
2251 1811 2346 1865 per
2372 1796 2508 1851 duos
2536 1798 2652 1853 dies
2678 1798 2730 1852 in
2760 1799 2920 1854 domo
2944 1800 3239 1871 presbyteri
3261 1808 3682 1866 commorantes,
3701 1800 3835 1855 abs-

571 1914 713 1956 uant.
750 1899 815 1952 Et
844 1901 981 1952 inter
1010 1898 1238 1952 obscura
1267 1897 1441 1951 noctis
1471 1897 1700 1966 ingressi
1731 1898 1942 1961 silvam,
1976 1897 2144 1950 Iatuc-

571 1999 713 2046 runt.
733 1989 911 2045 Tertia
933 1988 1076 2043 enim
1104 2004 1209 2042 nox
1241 1988 1553 2053 advenerat,
1582 1988 1724 2057 quod
1748 1987 1949 2042 nullum
1968 1988 2148 2042 cibum

570 2090 843 2150 gnstantes
866 2082 968 2135 iter
985 2081 1249 2135 terebant.
1268 2078 1418 2134 Tunc
1440 2088 1570 2135 nutu
1596 2081 1687 2135 Dei
1718 2090 1932 2149 reperta
1956 2079 2151 2136 arbore

574 2176 730 2243 plena
759 2176 933 2244 pomis
958 2215 973 2240 ,
1015 2190 1173 2244 quam
1203 2174 1361 2243 vulgo
1397 2190 1625 2243 primum
1654 2185 1677 2213 ε
1705 2185 1897 2230 vocant
1922 2214 1937 2239 ,
1968 2190 2151 2230 come-

571 2270 737 2331 dunt;
769 2277 825 2321 et
850 2282 1136 2334 parumper
1165 2268 1446 2320 sustentati
1480 2268 1702 2336 ingressi
1732 2277 1855 2322 sunt
1885 2267 1988 2321 iter
2007 2265 2153 2321 Cam-

574 2358 747 2427 pania:
790 2374 805 2411 :
856 2359 1051 2426 quibus
1109 2357 1489 2427 pergentibus,
1544 2360 1766 2414 audiunt
1841 2359 2149 2429 pedibulum

572 2450 811 2517 equitum
858 2449 1226 2518 currentium,
1271 2450 1634 2519 dixeruntque
1674 2467 1690 2508 :
1743 2452 2152 2507 Prosternamur

573 2551 766 2606 terrae,
809 2554 877 2592 ne
917 2554 1270 2608 appareamus
1320 2540 1629 2594 hominibus
1671 2540 2037 2597 venientibus.
2082 2542 2149 2595 Et

571 2644 699 2685 ecce
726 2645 792 2684 ex
822 2630 1115 2698 improviso
1141 2630 1305 2699 stirps
1350 2632 1466 2685 rubi
1497 2647 1720 2701 magnus
1767 2633 1975 2701 adfuit,
2030 2642 2150 2702 post

571 2735 733 2787 quem
764 2728 1100 2777 transeuntes
1118 2760 1133 2786 ,
1162 2720 1503 2791 projecerunt
1528 2737 1588 2778 se
1616 2733 1777 2778 terra:
1802 2738 1922 2778 cum
1961 2724 2152 2794 gladiis

572 2812 864 2880 evagiuatis
883 2854 900 2879 ,
927 2813 1133 2869 scilicet
1159 2822 1215 2868 ut
1243 2816 1287 2869 si
1317 2814 1747 2881 adverterentur,
1777 2815 2061 2871 confestim
2090 2834 2151 2872 se

572 2904 724 2970 quasi
767 2903 836 2958 ab
882 2904 1139 2973 improbis
1174 2905 1375 2960 framea
1404 2904 1431 2943 α
1461 2906 1847 2963 defensarent:
1880 2918 2150 2963 verumta-

572 3007 693 3047 men
726 3008 846 3048 cum
877 2994 1150 3050 venissent
1178 2996 1230 3049 in
1263 2996 1434 3050 locum
1465 2997 1613 3051 illum
1642 3012 1823 3052 coram
1848 2998 2017 3066 stirpe
2040 2999 2150 3067 spi-

574 3099 677 3138 neo
724 3085 1071 3148 restiterunt;
1120 3085 1357 3156 dixitque
1395 3103 1561 3153 unus,
1602 3088 1727 3143 dum
1771 3090 1892 3158 equi
1940 3089 2147 3144 urinam

576 3164 931 3245 projicereut:
969 3176 1059 3231 γω
1086 3177 1215 3231 mihi
1238 3150 1405 3248 ,vquia
1436 3150 1644 3250 fugiunt
1684 3180 1735 3234 hi
1765 3150 2147 3250 detestabiles,
2175 3150 2228 3216 θ’

574 3281 673 3319 nec
701 3265 922 3333 reperiri
951 3274 1205 3333 possunt:
1230 3282 1419 3322 verum
1443 3268 1562 3322 dico
1586 3284 1678 3337 per
1696 3269 1925 3325 salutem
1949 3286 2147 3337 meam,

573 3357 697 3422 quia
726 3358 771 3412 si
798 3357 1179 3423 invenirentur,
1213 3374 1376 3413 unum
1405 3360 1643 3429 patibulo
1682 3362 2062 3427 condemnari,
2098 3373 2153 3418 et

573 3450 738 3503 alium
768 3448 1065 3519 gladiorum
1115 3450 1306 3503 ictibus
1336 3451 1389 3503 in
1415 3452 1579 3505 [iusta
1608 3450 1839 3521 discerpi
1882 3452 2149 3522 juberem.

575 3541 704 3595 Erat
749 3539 894 3594 enim
942 3539 1202 3594 barbarus
1250 3540 1343 3596 ille
1370 3543 1461 3610 qui
1508 3541 1623 3597 haec
1656 3543 1862 3611 aiebat,
1895 3546 2144 3601 dominus

573 3647 783 3697 eorum,
806 3631 875 3687 de
895 3631 1183 3688 Rbemensi
1206 3633 1336 3688 urbe
1355 3634 1601 3700 veniens,
1627 3643 1681 3689 et
1710 3633 1808 3689 bos
1839 3637 2149 3705 inquirens:

574 3732 631 3780 et
683 3724 970 3793 reperisset
1013 3723 1197 3794 utique
1230 3725 1283 3779 in
1314 3725 1433 3793 via,
1466 3723 1510 3779 si
1535 3740 1641 3780 nox
1676 3725 2009 3782 obstaculum
2042 3743 2148 3782 non

576 3814 913 3884 praebuisset.
929 3815 1079 3870 Tunc
1100 3815 1258 3871 motis
1273 3816 1541 3885 equitibus
1558 3816 1752 3889 [equis]
1766 3818 2150 3876 discesserunt.

576 3909 639 3963 lli
666 3916 845 3964 autem
874 3916 1031 3963 nocte
1061 3909 1172 3977 ipsa
1201 3909 1492 3979 attigerunt
1532 3908 1601 3964 ad
1628 3910 1816 3966 urbem
1842 3950 1858 3977 ,
1900 3913 2155 3983 ingressi-

572 4015 678 4069 qne
706 4001 1025 4056 invenerunt
1050 4001 1353 4066 hominem,
1378 4016 1534 4072 quem
1573 4004 1830 4059 sciscitati
1874 4014 2002 4060 sunt
2033 4005 2154 4060 ubi-

576 4108 698 4147 nam
742 4105 882 4150 esset
926 4093 1117 4149 domus
1156 4093 1378 4150 Paulelli
1431 4094 1753 4167 presbyteri.
1783 4096 2153 4167 Indicavitque

571 4185 673 4239 eis.
707 4184 809 4247 Qui
856 4184 982 4239 dum
1032 4202 1126 4255 per
1172 4186 1399 4256 plateam
1443 4189 1810 4257 prmerireut,
1844 4188 2057 4259 signum
2085 4190 2152 4245 ad

649 4353 673 4379 α
698 4342 831 4400 Cod.
860 4344 1086 4415 Bellum,
1108 4344 1386 4399 vehiclum.
1409 4342 1573 4402 Corb.
1599 4360 1728 4401 vero
1745 4386 1763 4415 ,
1784 4345 2041 4402 voluclum
2064 4364 2148 4403 ve-

578 4413 801 4466 stimenti
833 4414 1084 4467 tollentes.

649 4481 676 4520 δ
710 4482 907 4553 Mosam
957 4483 1236 4551 legendum
1279 4498 1400 4539 esse
1446 4486 1535 4539 vix
1573 4484 1804 4541 dubitari
1854 4494 2062 4553 potest,
2092 4499 2149 4541 ut

574 4560 758 4606 monet
779 4551 1019 4606 Valesius
1047 4556 1096 4606 in
1122 4554 1315 4609 Notitia
1333 4556 1639 4609 Galliarum.
1669 4556 1799 4610 Nam
1826 4551 2146 4611 Rhemormn

574 4621 1142 4691 Interet'l‘revirorum
1170 4627 1327 4679 urbes
1345 4627 1485 4678 Mosa
1510 4625 1785 4691 interﬂuit,
1808 4641 1924 4691 quae
1952 4637 2146 4681 utram-

574 4708 678 4760 que
706 4690 976 4746 dimccsim
1005 4694 1366 4759 disterminat,
1389 4706 1441 4748 et
1463 4696 1773 4749 transmissa
1797 4690 1937 4751 Musa
1968 4701 2144 4752 statim

575 4762 871 4833 Campania
894 4765 1164 4816 occurrit:
1198 4781 1315 4833 qua:
1358 4762 1538 4818 omnia
1578 4765 1811 4820 Mosella:
1841 4768 2009 4829 aptari
2043 4784 2145 4822 tton

576 4838 821 4901 possunt.
856 4832 1023 4886 Immo
1050 4832 1383 4901 quocumque
1414 4836 1532 4887 loco
1561 4836 1831 4890 Mosellam
1866 4838 1938 4891 illi
1971 4847 2147 4891 trans-

575 4904 875 4967 misissent,
914 4905 996 4957 vix
1020 4904 1098 4956 eis
1129 4905 1382 4970 ptis~ibile
1407 4903 1598 4960 fuisset
1629 4906 1725 4960 hac
1756 4909 1868 4971 ipsa
1892 4908 1977 4962 die
2002 4910 2145 4963 Rhe-

575 4991 695 5029 mos
726 4975 998 5028 advenire.
1032 4973 1161 5028 Cum
1197 4986 1368 5029 tamen
1398 4989 1527 5030 mss.
1572 4991 1759 5031 omnes
1802 4991 1855 5031 et
1893 4979 2020 5032 editi
2050 4980 2146 5032 ba-

576 5046 743 5099 beant
792 5045 1099 5111 Mosellam,
1153 5045 1393 5111 Gregorii
1449 5056 1649 5099 textum
1699 5047 1983 5101 immutare
2044 5066 2147 5103 non

578 5116 744 5177 licuit,
764 5118 993 5170 maxime
1015 5132 1132 5169 cum
1155 5124 1357 5171 certum
1381 5116 1619 5170 videatur
1647 5118 1763 5171 illos
1786 5120 1920 5172 viain
1950 5130 2148 5173 rectam

580 5195 795 5240 secutos
822 5203 927 5242 non
956 5188 1142 5242 fuisse.
1171 5189 1281 5242 Non
1309 5188 1451 5240 enim
1487 5196 1593 5240 tres
1619 5198 1771 5242 erant
1798 5190 2006 5243 itineris
2032 5190 2147 5243 dies

572 5268 609 5321 pa
639 5257 875 5328 Treviris
901 5259 966 5311 ad
998 5260 1222 5323 Mos-im,
1250 5274 1370 5313 cum
1404 5257 1487 5311 hic
1521 5259 1711 5311 ﬂuvius
1749 5276 1854 5314 non
1886 5262 2053 5328 magis
2083 5261 2146 5313 ab

578 5325 711 5378 urbe
735 5324 1035 5381 Trevireusi
1061 5346 1220 5397 quam
1251 5344 1279 5382 a
1312 5329 1600 5383 Rhemensi
1628 5330 1809 5397 distet,
1834 5324 2037 5386 scilicet
2058 5330 2151 5385 de-

579 5407 695 5447 cem
728 5402 782 5445 et
809 5406 930 5451 octo
958 5398 1171 5454 circiter
1204 5401 1388 5455 leucis.

658 5471 680 5535 ξ
710 5463 843 5535 Gell.
872 5477 927 5519 et
955 5468 1065 5526 alii.
1091 5486 1279 5535 pruna.

657 5528 681 5571 δ
702 5533 860 5610 ρυςι),
891 5528 1109 5610 ctJBelI'.
1140 5555 1243 5610 non
1274 5538 1488 5603 habent,
1517 5541 1731 5610 framea.

652 5613 677 5640 ο
702 5603 835 5675 Quia
866 5606 1069 5658 scilicet
1102 5609 1202 5660 illis
1242 5603 1573 5675 temporibus
1611 5628 1715 5664 non
1745 5611 1935 5663 licebat
1966 5611 2155 5667 diebus

576 5674 862 5731 dominicis
906 5685 1029 5731 ante
1062 5677 1271 5732 Missam
1313 5674 1598 5748 quidquam
1628 5681 1732 5736 cibi
1762 5691 1849 5735 aut
1880 5691 2034 5750 potus
2070 5698 2155 5735 su-

575 5759 745 5805 utere.
1319 5781 1322 5783 λ

2177 4522 2229 4581 D

2249 1898 2555 1955 cesserunt;
2609 1900 2662 1946 et
2688 1893 2767 1946 sic
2796 1906 2966 1959 usque
2990 1893 3057 1946 ad
3087 1900 3331 1947 sanctum
3361 1892 3677 1963 Gregorium
3703 1908 3836 1962 per-

2250 1978 2341 2033 Iati
2376 1989 2521 2034 sunt.
2546 1980 2773 2036 Gavisus
2802 1992 2981 2037 autem
3012 1984 3245 2051 pontifex
3278 1984 3406 2038 visis
3434 1986 3613 2053 pueris
3636 2026 3652 2049 ,
3678 1984 3837 2039 ﬂevit

2249 2084 2412 2140 super
2447 2072 2641 2127 collum
2675 2074 2835 2128 Attali
2864 2073 2883 2112 ί
2916 2075 3125 2143 nepotis
3166 2076 3269 2129 sui.
3313 2075 3546 2131 Leonem
3587 2083 3773 2130 autem
3806 2091 3837 2129 a

2245 2160 2375 2231 jugo
2403 2164 2680 2218 servitutis
2707 2166 2990 2220 absolvens
3014 2182 3135 2221 cum
3159 2168 3305 2222 omni
3332 2168 3685 2237 generatione
3712 2184 3839 2233 sna,

2251 2254 2399 2309 dedit
2426 2254 2474 2308 ei
2508 2266 2698 2310 terrain
2728 2259 3016 2327 propriam,
3052 2258 3104 2312 in
3134 2275 3235 2329 qua
3262 2274 3384 2314 cum
3418 2276 3587 2317 uxore
3613 2278 3681 2318 ac
3705 2264 3839 2320 Iibe-

2252 2347 2324 2401 ris
2352 2348 2486 2401 liber
2515 2348 2650 2403 vixlt
2674 2351 2922 2405 omnibus
2952 2351 3145 2406 diebus
3173 2351 3296 2406 vitae
3329 2368 3461 2408 sum.

2322 2438 2460 2493 XVI.
2501 2441 2836 2511 Sigivalduss
2867 2452 3042 2497 autem
3075 2459 3194 2497 cum
3241 2444 3294 2498 itt
3342 2444 3587 2499 Arverno
3627 2443 3839 2499 habita-

2251 2538 2354 2597 ret,
2376 2532 2536 2585 multa
2565 2534 2701 2586 mala
2724 2534 2776 2588 in
2796 2548 2858 2589 ea
2888 2534 3133 2591 faciebat.
3162 2535 3291 2589 Nam
3319 2544 3374 2591 et
3394 2552 3479 2590 res
3499 2538 3839 2592 diversorum

2253 2625 2596 2691 pervadebat,
2630 2635 2684 2681 et
2724 2629 2861 2682 servi
2906 2626 3023 2697 ejus
3074 2644 3179 2683 non
3208 2629 3538 2683 desistebant
3565 2645 3592 2682 a
3638 2629 3842 2696 furtis,

2254 2712 2574 2780 homicidiis,
2604 2730 2667 2770 ac
2700 2715 3077 2785 superventish
3117 2718 3447 2788 diversisque
3493 2718 3800 2773 sceleribus
3823 2737 3841 2772 :

2254 2819 2353 2860 nec
2380 2807 2518 2861 ullus
2546 2809 2741 2863 mntire
2770 2825 2930 2865 ausus
2962 2819 3075 2865 erat
3104 2826 3283 2865 coram
3319 2812 3417 2865 eis.
3451 2810 3601 2865 Unde
3638 2812 3839 2867 factum

2253 2907 2355 2961 est,
2382 2900 2572 2967 ut‘ipse
2599 2900 2777 2954 villam
2810 2900 3226 2969 Bulgiatensem,
3256 2916 3412 2968 quam
3443 2901 3717 2971 quondam
3744 2904 3839 2957 be-

2254 2988 2497 3043 nedictus
2528 2988 2808 3045 Tetradins
2830 2990 3146 3060 episcopusi
3182 2992 3415 3047 basilica:
3439 2994 3607 3047 sancti
3636 2993 3840 3048 .Inliani

2257 3079 2568 3149 reliquerat,
2609 3082 2891 3135 temerario
2919 3097 3050 3135 ausu
3088 3082 3420 3151 pervaderet.
3465 3082 3571 3137 Sed
3603 3097 3724 3135 cuin
3761 3083 3841 3137 in-

2256 3185 2472 3242 gressus
2493 3173 2545 3226 in
2571 3172 2784 3226 domum
2812 3173 2955 3227 illam
2979 3173 3186 3237 fuisset,
3204 3173 3381 3227 statim
3404 3187 3590 3227 amens
3614 3171 3842 3228 effi-ctus

2257 3263 2396 3318 lecto
2411 3263 2680 3318 decubuit.
2696 3262 2845 3317 Tunc
2865 3263 3055 3317 mulier
3075 3264 3345 3316 admonita
3368 3276 3461 3329 per
3475 3263 3843 3328 sacerdotem,

2255 3357 2517 3412 elevatum
2546 3357 2597 3411 in
2630 3358 2961 3423 basternam,
2985 3365 3044 3411 ut
3068 3357 3121 3412 in
3150 3357 3308 3411 aliam
3341 3357 3519 3411 villam
3542 3359 3842 3421 transtulit,

2255 3462 2441 3503 sanum
2484 3449 2704 3517 recepit.
2738 3450 2806 3503 Et
2832 3450 3124 3513 accedens,
3154 3450 3402 3518 exposuit
3424 3450 3472 3503 ei
3515 3450 3694 3502 omnia
3721 3466 3844 3517 qua:

2259 3543 2563 3608 pertulerat.
2591 3542 2744 3608 Quod
2778 3542 2867 3597 ille
2887 3542 3129 3608 audiens,
3166 3551 3289 3596 vota
3318 3543 3475 3596 beato
3497 3542 3721 3613 Μαι-ιγιί
3750 3556 3845 3596 vo-

2255 3649 2410 3701 vens,
2432 3651 2493 3689 ea
2514 3651 2632 3704 quae
2648 3635 2897 3704 simplum
2922 3635 3215 3690 abstulerat
3232 3638 3245 3685 ι
3264 3679 3278 3701 ,
3296 3634 3559 3703 duplicata
3583 3638 3844 3693 restituit.

2257 3729 2592 3783 Meminimus
2632 3734 2689 3782 et
2738 3727 2898 3797 hujus
2931 3727 3143 3782 virtutis
3186 3726 3239 3781 in
3281 3726 3415 3781 Iibro
3462 3726 3845 3782 Miraculnrum

2255 3820 2424 3877 sancti
2454 3819 2646 3875 Iuliani
2682 3821 2819 3890 (cap.
2851 3820 2962 3888 14).

2332 3915 2484 3984 123
2525 3912 2689 3967 XVII.
2731 3913 2893 3982 Igitur
2942 3912 3170 3968 Diniﬂok
3214 3912 3464 3983 episcopo
3489 3910 3627 3980 apud
3676 3910 3846 3965 Tum.

2258 4020 2355 4062 nos
2397 4006 2712 4072 decedente,
2756 4006 3054 4060 Ommatius
3084 4006 3256 4060 tribus
3287 4005 3443 4057 annis
3481 4002 3709 4071 praefuit.
3749 4001 3845 4055 llic

2254 4099 2395 4152 enim
2419 4112 2482 4151 ex
2510 4098 2660 4166 jussu
2689 4095 3061 4151 Chlodomeris
3088 4096 3248 4164 regis,
3271 4096 3424 4162 cujus
3452 4106 3614 4159 supra
3647 4094 3844 4145 meinio

2256 4191 2452 4259 nimus,
2478 4188 2752 4243 ordinatus
2789 4196 2892 4243 est.
2925 4186 3020 4241 Illo
3047 4200 3259 4257 quoque
3301 4186 3582 4254 migrante,
3617 4184 3728 4236 Leo
3759 4196 3844 4236 se-

2332 4343 2352 4382 ί
2386 4346 2455 4407 Is,
2486 4352 2546 4399 ut
2572 4343 2802 4405 videtur.
2835 4352 3018 4409 postea
3066 4342 3163 4396 fuit
3188 4356 3369 4397 comes
3396 4339 3710 4402 IEduensis,
3754 4337 3843 4393 cui

2256 4414 2505 4470 Sidonius
2534 4415 3040 4483 scripsitepistolam
3076 4414 3167 4475 18,
3202 4413 3292 4467 lib.
3323 4428 3375 4464 v.

2332 4495 2356 4532 ε
2381 4487 2478 4551 Qui
2509 4498 2667 4552 Supra
2701 4480 2818 4549 cap.
2878 4485 2942 4539 l5
2974 4501 3002 4537 a
3036 4483 3370 4537 Theoderico
3416 4495 3539 4550 rege
3566 4494 3665 4549 pro
3696 4480 3846 4533 urbis

2256 4556 2497 4611 custodia
2530 4558 2749 4610 relictus
2774 4555 2961 4608 fuerat.

2329 4622 2353 4661 ¹³
2396 4625 2557 4688 Editi,
2588 4641 2739 4693 super
2771 4640 3056 4679 numerum.

2334 4693 2350 4732 ί
2380 4697 2475 4752 IIic
2522 4690 2921 4764 l'ttitepiscopus
2972 4693 3317 4764 Bituricensis
3340 4733 3356 4754 ,
3389 4700 3465 4764 ut
3487 4706 3550 4764 ex
3578 4690 3847 4762 Gregorio

2257 4766 2372 4830 ipso
2401 4766 2656 4819 discimus
2676 4762 2779 4818 lib.
2824 4762 2867 4819 ἰι
2898 4765 3103 4831 Mirac.,
3140 4778 3258 4834 cap.
3292 4763 3377 4818 Η.
3412 4762 3521 4815 Dici
3550 4776 3612 4814 ur
3655 4778 3791 4815 vero
3819 4781 3845 4813 τι

2257 4835 2516 4903 Gregorio
2546 4836 2835 4888 benedictus
2877 4851 2897 4889 :
2924 4851 3023 4904 qua
3067 4849 3195 4888 voce
3245 4849 3348 4887 non
3396 4835 3847 4904 cognomen,sed

2256 4901 2547 4977 epithetum
2596 4906 2816 4977 honoris
2849 4901 3009 4977 causa
3047 4906 3146 4975 ipsi
3178 4904 3388 4977 datum
3411 4901 3632 4977 intelligi
3655 4902 3846 4977 tlebet.

2256 4971 2345 5032 Sic
2376 4978 2426 5029 in
2462 4979 2553 5030 lib.
2578 4976 2645 5031 de
2676 4976 2825 5030 Glur.
2856 4975 3033 5039 ConI.,
3057 4971 3198 5044 (ἕδρη
3235 4972 3303 5028 86
3326 5014 3342 5037 ,
3371 4971 3663 5044 benedictus
3686 4974 3847 5044 Agri-

2256 5049 2431 5100 colaus
2458 5066 2475 5109 ;
2519 5047 2658 5114 apud
2688 5046 2999 5100 Tertullian.
3028 5042 3135 5100 lib.
3167 5047 3234 5098 de
3264 5042 3846 5114 Praescript.,_benédi-

2254 5127 2364 5169 ctus
2393 5112 2714 5170 Eleittlierits.
2748 5116 2903 5169 Plura
2926 5115 3171 5183 exempla
3195 5116 3238 5167 si
3261 5116 3412 5182 cupis
3434 5156 3449 5180 ,
3475 5113 3560 5165 adi
3592 5112 3846 5169 Siriuon-

2254 5188 2379 5242 dum
2409 5188 2459 5239 in
2474 5188 2631 5253 epist.
2664 5189 2695 5235 Si
2728 5187 2819 5240 lib.
2852 5187 3145 5252 Apollinar.
3181 5184 3410 5239 Sidonii.

2330 5257 2344 5307 Ξ
2387 5258 2485 5310 Ed.
2510 5273 2630 5311 cum
2656 5256 2805 5319 Bec.,
2838 5271 2951 5323 qua:
2979 5259 3023 5307 vi
3050 5257 3355 5309 abstulerat.

2327 5326 2350 5364 ιι
2380 5328 2592 5394 Aliquot
2620 5328 2768 5386 editi,
2799 5324 3062 5393 Dionysio.
3094 5328 3354 5380 (Lntcrum
3390 5325 3493 5381 hoc
3513 5325 3693 5393 capite
3724 5340 3846 5380 cum

2257 5413 2376 5461 cap.
2403 5399 2591 5466 ultuno
2622 5396 2741 5450 libri
2763 5411 2799 5449 ιι
2831 5405 2885 5449 et
2912 5397 3017 5449 fine
3056 5396 3173 5448 libri
3216 5412 3270 5459 x,
3301 5398 3388 5447 ubi
3418 5397 3707 5466 episcopos
3740 5399 3846 5450 Tuo

2260 5481 2516 5521 ronenses
2550 5465 2839 5534 Gregorius
2880 5475 3161 5520 enumerat
3181 5508 3196 5527 ,
3228 5467 3426 5521 collato
3450 5506 3467 5530 ,
3513 5478 3662 5530 patet
3682 5483 3844 5533 quant

2262 5552 2445 5607 parum
2490 5535 2591 5607 sibi
2621 5536 2719 5601 ipsi
2749 5544 2976 5607 constet,
3012 5547 3120 5589 tum
3153 5536 3205 5588 in
3245 5535 3574 5604 assignando
3622 5540 3845 5603 portt.li«

2259 5604 2406 5661 catus
2444 5605 2811 5673 episcoporum
2862 5604 3247 5659 Turonettsiuut
3307 5616 3575 5671 tempore,
3619 5618 3734 5661 tutu
3793 5608 3841 5662 iu

2261 5676 2446 5730 ordine
2468 5689 2573 5742 quo
2617 5675 2797 5729 sedem
2825 5674 2958 5728 hanc
2988 5675 3348 5733 obtinuerunt.
3400 5675 3513 5732 Hoc
3546 5686 3732 5733 tamen
3764 5693 3836 5734 ca-

2264 5756 2355 5817 put
2373 5744 2598 5801 ltabetur
2618 5745 2669 5800 iu
2702 5744 2947 5801 omnibus
2980 5759 3106 5801 mss.
