3994 6194
141 202 216 257 957

1063 211 1383 268 HISTORIA
1427 212 1871 269 FBANCORUM.
1917 214 2123 269 LIBER
2158 216 2473 273 TERTIUS.

3289 228 3405 283 ‘25!

152 340 260 397 ptent
291 325 565 381 mensibus
612 327 959 382 ministravit.
994 327 1090 383 llic
1121 329 1219 383 fuit
1244 329 1325 383 vir
1352 338 1605 384 strenuus
1634 338 1713 383 at-
1741 335 1792 391 Α
1820 329 2021 398 regina,
2070 330 2159 385 ﬁlii
2191 333 2261 385 tui
2299 332 2501 388 domini
2530 335 2693 389 nostri
2724 347 3001 405 expetunt,
3028 340 3155 408 quid
3186 341 3252 397 de
3283 359 3415 412 puc-

157 436 235 490 que
258 421 391 474 utilis
440 420 493 473 in
547 419 755 474 fabrica
786 420 966 489 operis
1013 420 1240 490 lignarii.
1274 421 1393 487 Quo
1432 421 1716 488 defuncto,

159 512 430 567 Theodorus
478 520 535 565 et
581 510 851 566 Piocnlus
898 511 1164 581 episcopi,
1213 514 1302 583 qui
1357 514 1424 570 de
1481 516 1719 582 partibus

164 603 441 674 Burgundize
472 604 842 666 advenerant,
888 602 1172 657 ordinante
1217 604 1593 660 Chrotechilde
1638 620 1721 660 re-

163 697 278 765 gina,
320 694 484 748 tribus
526 694 686 747 annis
738 693 1058 749 Turonicam
1102 706 1357 749 rexerunt
1402 695 1717 751 Ecclesiam.

164 790 333 857 Quibus
356 788 653 849 defunctis,
687 787 958 842 Francilio
986 804 1051 842 ex
1077 790 1417 844 senatoribus
1443 792 1722 844 substitui-

163 893 248 938 tur.
276 885 421 935 Auno
443 881 609 951 igitur
632 879 791 934 tertio
813 880 1154 948 episcopatus
1187 881 1291 947 sui,
1316 897 1436 935 cum
1466 881 1720 936 dominici

161 975 332 1030 Natalis
362 990 461 1030 nox
512 977 652 1029 alma
686 975 896 1043 ponulis
935 974 1250 1040 cffulsisset,
1299 978 1437 1032 idem
1484 978 1722 1046 pontifex

157 1071 434 1138 priusquam
464 1068 530 1123 ad
570 1069 779 1136 vigilias
813 1069 1189 1135 descenderet,
1216 1070 1377 1139 jussit
1419 1072 1521 1125 sibi
1554 1087 1723 1141 pocu-

154 1163 251 1216 lum
288 1163 593 1217 ministrari.
637 1161 947 1217 Adveniens
988 1171 1166 1216 autem
1216 1178 1367 1231 puer,
1410 1164 1529 1219 sine
1573 1178 1722 1219 mora

153 1255 388 1321 porrexit.
416 1255 533 1322 Quo
561 1254 770 1318 hausto,
808 1269 930 1308 mox
964 1254 1209 1324 spiritum
1258 1255 1392 1309 fudit
1420 1271 1436 1310 :
1469 1256 1610 1310 unde
1643 1257 1722 1310 in-

149 1344 426 1398 dubitatum
458 1356 540 1399 est
581 1359 792 1399 veneno
820 1360 944 1399 eum
978 1344 1145 1401 fuisse
1185 1354 1448 1400 necatum.
1481 1348 1598 1413 Quo
1627 1346 1722 1402 de-

147 1436 374 1499 cedente,
408 1436 701 1503 lnjuriosus
730 1451 872 1490 unus
902 1451 932 1491 e
962 1436 1189 1501 civibus,
1221 1438 1441 1505 quintus
1479 1438 1722 1493 decimus

147 1534 255 1590 post
282 1525 492 1580 beatum
541 1526 854 1591 Martinum,
884 1526 1191 1580 cathedram
1222 1527 1581 1596 pontiﬁcalem
1608 1543 1726 1583 sor-

146 1617 263 1669 titus
289 1623 387 1669 est.

1824 422 1897 474 ris
1923 423 2186 492 agendum
2225 436 2483 491 censeas,
2524 436 2699 479 utrum
2740 429 2920 483 tncisis
2946 430 3183 485 crinibus
3207 447 3301 487 eos
3331 439 3408 489 vi-

1822 526 1948 567 vere
1969 514 2177 582 juheas,
2217 530 2283 569 an
2331 527 2618 586 utrumque
2655 519 2908 588 jugulari.
2938 520 3007 575 At
3036 521 3124 575 illa
3154 528 3410 581 exterrita

1825 608 2031 671 nuntio,
2059 615 2113 660 et
2141 605 2361 660 nimium
2391 607 2516 661 felle
2547 620 2834 675 commota,
2870 614 3133 680 praecipue
3161 628 3281 669 eum
3308 618 3414 687 gla-

1822 698 1966 751 dium
2015 709 2260 754 cerneret
2310 702 2646 769 evaginatum
2704 717 2768 757 ac
2810 703 3088 773 forcipem,
3150 709 3409 761 amaritu-

1824 789 1948 841 dine
1969 797 2264 857 prteventa,
2295 790 2546 860 ignorans
2578 792 2629 845 in
2660 792 2776 862 ipso
2803 793 2990 848 dolore
3018 795 3143 864 quid
3176 796 3409 860 diceret,

1824 878 1897 931 ait
1940 878 2258 949 simpliciter
2287 897 2302 933 :
2332 882 2509 936 Satius
2536 883 2679 936 enim
2710 884 2838 937 mihi
2866 893 2969 951 est,
3004 886 3047 939 si
3090 886 3156 939 ad
3186 902 3409 955 regnum

1826 983 1928 1021 non
1960 969 2257 1038 eriguntur,
2292 980 2531 1025 mortuos
2563 986 2657 1026 eos
2703 972 2885 1027 videre
2914 989 3071 1043 quam
3105 984 3312 1030 tonsos.
3343 982 3413 1032 At

1824 1062 1915 1115 ille
1944 1076 2127 1128 parum
2158 1063 2430 1118 admirans
2453 1065 2694 1120 dolorem
2727 1067 2864 1136 ejus,
2890 1082 2989 1123 nec
3012 1079 3260 1125 scrutaris
3286 1069 3410 1140 quid

1825 1153 2078 1222 deinceps
2102 1153 2311 1223 plenius
2330 1167 2701 1226 pertractaret,
2728 1161 2875 1213 venit
2892 1161 3139 1217 celeriter
3163 1158 3435 1218 nuntians

1826 1258 1888 1298 ac
1915 1243 2100 1298 dicens
2141 1260 2157 1297 :
2206 1244 2440 1303 Favente
2478 1250 2658 1319 regina
2697 1266 2831 1317 opus
2866 1261 3095 1322 emptum
3128 1255 3408 1323 perﬁcito:

1827 1338 1938 1406 ip3a
1964 1339 2106 1393 enim
2136 1340 2248 1394 vult
2272 1343 2474 1411 expleri
2515 1345 2797 1399 consilium
2825 1354 3084 1401 vestrum.
3117 1347 3223 1402 Nec
3266 1362 3414 1403 mora

1826 1431 2217 1498 apprehensum
2248 1433 2690 1489 Chlothacharius
2723 1452 2941 1505 puerum
2973 1439 3239 1493 seniorem
3285 1440 3414 1494 bra-

1825 1522 1948 1575 chio
1965 1522 2106 1576 elisit
2126 1522 2177 1576 in
2204 1531 2424 1591 terram,
2448 1525 2791 1595 deﬁgensqne
2817 1527 3043 1581 cultrum
3064 1540 3086 1567 ε
3118 1531 3166 1582 in
3197 1532 3413 1585 axillam

1826 1612 2116 1667 Crudeliter
2142 1613 2429 1670 interfecit.
2473 1616 2591 1681 Quo
2621 1617 2976 1684 vociferante,
3014 1620 3176 1673 frater
3205 1623 3321 1687 ejus
3349 1624 3413 1673 ad

211 1705 388 1761 XVIII.
430 1708 568 1761 Dum
616 1717 796 1762 autem
845 1707 1238 1764 Chrotechildis
1275 1711 1458 1782 regina
1495 1712 1723 1768 Parisios
1758 1706 1799 1763 Β
1830 1703 1994 1772 Pedes
2016 1703 2345 1759 Chi'debel‘li
2392 1704 2772 1774 Ρτοείθτηίιυτν
2803 1708 3258 1779 θρρΐθῑιθηδίεψιθ
3299 1711 3418 1779 eius

142 1807 446 1868 moraretur,
478 1802 667 1858 videns
713 1802 1113 1871 Childebertus,
1147 1806 1285 1876 quod
1322 1814 1493 1862 mater
1522 1823 1619 1862 sua
1664 1809 1728 1862 ﬁ-

142 1890 233 1944 lios
259 1891 657 1960 Chlodomeris,
687 1909 824 1963 quos
869 1909 1033 1964 supra
1078 1898 1517 1967 memoravimus,
1566 1899 1726 1954 unico

143 1982 332 2037 affectu
355 1984 624 2053 diligeret,
674 1985 874 2041 invidia
916 1988 1128 2055 ductus,
1173 2003 1235 2042 ac
1277 1998 1522 2044 metuens
1549 2006 1616 2046 ne
1646 1991 1726 2044 fa-

140 2084 290 2129 vente
338 2077 517 2145 regina
562 2076 977 2133 admitterentur
1011 2077 1063 2132 in
1098 2094 1342 2148 regnum,
1389 2080 1541 2135 misit
1587 2080 1725 2135 clam

140 2166 200 2215 ad
243 2166 454 2222 fratrem
500 2183 657 2222 suum
702 2165 1176 2224 Chlothacharium
1225 2186 1440 2239 regem,
1497 2172 1723 2226 dicens:

140 2254 303 2312 linter
326 2270 502 2314 nostra
525 2261 665 2316 ﬁlios
690 2260 873 2316 fratris
894 2262 1061 2317 nostri
1089 2277 1271 2319 secum
1298 2266 1515 2327 retinet,
1536 2276 1590 2320 et
1614 2266 1731 2320 vult

140 2351 216 2403 cis
244 2366 457 2420 regnum
487 2352 621 2407 dare
654 2362 708 2405 ⁸.
742 2352 914 2408 Debes
962 2353 1218 2409 velociter
1248 2355 1437 2412 adesse
1475 2356 1724 2423 Parisios,

143 2449 195 2493 et
223 2441 402 2495 habito
428 2445 705 2499 communi
736 2444 965 2499 consilio
988 2455 1317 2515 pertractare
1338 2457 1569 2516 oportet,
1598 2450 1725 2519 quid

144 2530 211 2584 de
236 2532 317 2585 his
359 2532 468 2588 ﬁeri
500 2534 700 2588 debeat
731 2551 745 2587 :
779 2543 952 2587 utrum
982 2535 1149 2589 incisa
1175 2539 1399 2592 ctesarie
1429 2547 1488 2593 ut
1522 2539 1727 2608 reliqua

149 2622 289 2689 plebs
304 2624 596 2679 habeantur
611 2624 662 2688 ι),
683 2640 749 2679 an
766 2634 915 2681 certe
932 2625 1013 2680 his
1032 2627 1347 2693 interfecris,
1373 2644 1728 2700 rcgnumger-

147 2716 277 2768 matri
305 2717 470 2771 nostri
495 2717 641 2771 inter
670 2717 1027 2788 nosmetipsos
1056 2719 1361 2787 aequalitate
1393 2720 1569 2775 habita
1593 2722 1728 2777 divi-

146 2802 315 2858 datur.
364 2806 436 2862 De
477 2806 676 2876 quibus
720 2806 814 2863 ille
842 2808 1020 2864 verbis
1055 2809 1210 2864 valde
1239 2811 1453 2879 gavisus
1494 2811 1727 2869 Parisios

148 2898 302 2951 venit.
317 2897 777 2955 Jactaveratenim
795 2900 1166 2957 Childebertus
1184 2904 1405 2960 verbum
1429 2906 1480 2960 in
1505 2909 1722 2977 populo,

147 2989 211 3041 ob
236 2989 339 3046 hoc
364 2990 460 3046 hos
478 2992 734 3063 conjungi
764 2993 922 3064 124
949 3009 1123 3065 reges,
1152 2999 1302 3066 quasi
1331 3001 1576 3067 parvulos
1604 3002 1761 3061 illos.

1828 1796 2074 1865 genibus,
2121 1795 2300 1852 aiebat
2340 1812 2460 1852 cum
2511 1799 2802 1869 lacrymis:
2846 1801 3128 1869 Succurre,
3180 1804 3417 1870 piissime

1830 1896 1999 1957 pater,
2025 1902 2094 1942 ne
2112 1896 2168 1942 et
2190 1903 2292 1957 ego
2313 1903 2525 1958 peream
2550 1891 2688 1944 sicut
2718 1890 2884 1945 frater
2907 1906 3077 1946 meus.
3107 1893 3415 1948 TuncChil-

1827 1977 2083 2033 debertus
2118 1979 2367 2049 lacrymis
2398 1995 2643 2049 respersa
2675 1980 2832 2044 facie,
2863 1986 2937 2035 ait
2969 1998 2983 2034 :
3021 1985 3175 2055 125
3227 1984 3374 2053 Rogo
3396 2025 3409 2047 ,

1828 2072 2139 2127 dulcissime
2177 2071 2368 2138 frater,
2415 2082 2473 2127 ut
2505 2074 2619 2144 ejus
2659 2075 2787 2129 n.ihi
2836 2076 2995 2130 vitam
3043 2087 3130 2129 tua
3179 2078 3417 2146 largitate

1829 2167 2095 2223 concedas
2126 2185 2138 2219 :
2174 2175 2229 2228 et
2257 2183 2376 2237 quae
2399 2168 2623 2236 jusseris
2655 2184 2751 2238 pro
2778 2170 2895 2238 ejus
2919 2172 3093 2225 anima
3119 2171 3414 2238 conferam,

1832 2263 2034 2311 tantum
2059 2272 2127 2311 ne
2148 2257 2517 2313 interﬁciatur.
2546 2260 2615 2312 At
2642 2259 2731 2314 ille
2759 2261 3014 2315 conviciis
3036 2269 3211 2314 actum
3230 2258 3280 2325 ἀ,
3310 2262 3414 2315 ait:

1830 2353 1938 2405 Aut
1965 2349 2100 2419 ejice
2121 2365 2243 2405 eum
2270 2365 2298 2403 a
2325 2358 2395 2412 te,
2416 2361 2505 2403 aut
2527 2360 2675 2406 certe
2699 2367 2794 2420 pro
2819 2367 2885 2407 eo
2911 2354 3179 2412 morieris.
3202 2352 3304 2418 'l‘u,
3334 2354 3416 2408 in-

1830 2445 1964 2513 quit,
1997 2458 2056 2497 es
2087 2443 2377 2497 incestator
2397 2451 2421 2481 ε
2455 2442 2609 2512 hujus
2648 2459 2824 2499 causa:
2855 2454 2907 2500 et
2936 2454 3039 2501 tam
3070 2447 3323 2501 velociter
3349 2446 3437 2500 de

1829 2537 1934 2591 fide
1959 2535 2180 2591 rasilis?
2208 2533 2333 2590 H330
2359 2536 2451 2590 ille
2479 2536 2723 2601 audiens,
2754 2536 3022 2607 repulsum
3046 2554 3075 2591 a
3102 2553 3161 2595 se
3188 2554 3412 2608 puerum

1830 2627 2057 2697 projecit
2077 2628 2141 2681 ad
2166 2641 2285 2682 eum
2321 2642 2337 2681 :
2369 2628 2483 2695 ipse
2512 2642 2640 2683 vero
2670 2628 2940 2697 accipiens
2965 2629 3277 2684 transfixum
3304 2631 3417 2685 cul~

1831 2730 1913 2773 tro
1943 2721 1994 2774 in
2027 2720 2213 2783 latere,
2259 2718 2397 2773 sicut
2428 2718 2645 2772 fratrem
2685 2719 2832 2789 prius
2863 2720 3082 2787 fecerat,
3126 2719 3415 2789 jugulavit:

1828 2814 2024 2869 deinde
2053 2827 2243 2883 pueros
2272 2826 2394 2866 cum
2425 2811 2659 2865 nutritiis
2695 2821 3061 2880 peremerunt.
3106 2811 3311 2879 Quibus
3339 2813 3417 2867 ius

1831 2904 2086 2969 terfeclis,
2115 2902 2816 2969 Chlothachariusascensis
2837 2903 3097 2972 equitibus
3115 2902 3219 2974 [ΑΙ.
3243 2902 3420 2976 equis]

1830 2998 2091 3053 abscessit
2115 3039 2130 3063 ,
2183 2996 2577 3066 parvipendens
2607 2996 2673 3050 de
2715 2996 3084 3051 interfectione
3117 3006 3365 3065 nepotum
3400 3001 3441 3050 τ’

150 3080 436 3140 elevaturos
462 3084 515 3138 in
560 3100 747 3154 regno.
790 3084 1075 3156 Conjuncti
1123 3099 1299 3144 autem
1354 3092 1619 3150 miserunt
1661 3096 1727 3150 ad
1755 3076 1801 3138 C
1832 3091 1926 3145 sed
1956 3100 2009 3145 et
2035 3089 2410 3144 Childebertns
2452 3089 2503 3142 in
2551 3090 2852 3143 suburbana
2899 3094 3182 3145 concessit.
3216 3092 3419 3161 Regina

150 3173 394 3244 reginam,
426 3190 549 3245 quae
571 3184 699 3231 tunc
728 3176 779 3231 in
810 3178 925 3246 ipsa
948 3178 1079 3236 urbe
1100 3181 1431 3249 morabatur,
1449 3184 1726 3241 dicentes:

155 3262 320 3335 Dirige
350 3270 598 3336 parvulos
627 3270 693 3322 ad
727 3283 846 3335 nos,
884 3280 941 3324 ut
969 3272 1329 3328 sublitnentur
1358 3276 1410 3330 in
1443 3292 1627 3345 regno.
1662 3282 1728 3335 At

153 3352 233 3407 illa
258 3358 432 3425 gavisa
457 3400 471 3425 ,
515 3359 764 3415 nesciens
792 3361 971 3416 dolum
1000 3361 1239 3431 illorum,
1275 3365 1398 3420 dato
1427 3370 1604 3437 pueris
1633 3384 1728 3426 esu

157 3457 393 3518 poloque,
424 3450 621 3506 direxit
646 3467 743 3507 eos
771 3452 999 3509 dicens:
1040 3456 1155 3509 Non
1200 3473 1287 3511 me
1329 3470 1455 3527 puto
1482 3460 1728 3517 amisisse

158 3535 333 3605 tilium,
359 3541 403 3593 si
425 3555 520 3595 vos
550 3542 762 3597 videam
792 3544 843 3598 in
872 3543 989 3614 ejus
1010 3560 1179 3616 regno
1201 3548 1473 3604 substitui.
1508 3551 1605 3619 Qui
1633 3552 1729 3607 ah-

158 3638 352 3695 eontes,
382 3634 704 3704 apprehensi
734 3645 858 3690 sunt
887 3638 1091 3704 statim,
1121 3654 1183 3693 ac
1221 3643 1452 3710 separati
1486 3658 1515 3697 a
1548 3645 1729 3714 pueris

160 3728 206 3771 et
233 3724 575 3779 nntritorihus
596 3726 729 3793 suis,
763 3729 1201 3786 custodiebantur
1228 3734 1460 3804 utrique,
1481 3750 1728 3792 seorsum

163 3815 385 3880 poeri,et
408 3834 656 3874 seorsum
682 3819 735 3874 hi
760 3823 983 3889 parvuli.
1007 3823 1158 3879 Tune
1178 3823 1554 3885 Childebertus
1572 3839 1731 3899 atque

165 3903 591 3965 Chlothacharius
624 3912 886 3967 miserunt
917 3915 1225 3983 Arcadium,
1260 3917 1411 3987 cujus
1432 3933 1593 3989 supra
1617 3937 1731 3977 me-

170 4000 395 4058 minimus
419 4005 573 4077 (Cap.
615 4008 649 4062 9
674 4015 720 4061 et
752 4006 859 4080 12),
884 4010 947 4063 ad
980 4010 1241 4079 reginam,
1272 4026 1392 4067 cum
1423 4011 1622 4083 forcipe
1658 4023 1734 4069 at-

172 4105 261 4157 que
296 4100 571 4166 evaginato
610 4100 808 4169 gladio.
844 4100 943 4168 Qui
988 4103 1209 4157 veniens
1253 4104 1503 4179 ostendig
1535 4105 1733 4173 reginae

178 4193 390 4257 Imque,
413 4190 643 4247 dicens:
683 4193 1016 4248 Voluntatem
1058 4206 1227 4263 tuam,
1270 4211 1304 4252 o
1346 4197 1731 4267 gloriosissima

235 4319 366 4402 fSic
390 4322 552 4377 Corb.
578 4333 633 4402 et
678 4325 809 4402 Bell.
848 4328 947 4383 Alii
992 4327 1109 4384 fere
1159 4344 1349 4387 omnes
1395 4345 1517 4387 cum
1549 4332 1730 4402 editis,

180 4389 260 4463 ruit
280 4408 356 4444 eos
375 4411 529 4463 regno
560 4398 765 4450 donari.

236 4458 258 4496 ιι
302 4444 819 4539 o.,~’_'j'..'r'e"'{.Tg.-iiis
860 4467 1100 4536 capillitii
1156 4470 1267 4539 agit
1327 4470 1725 4539 llotomannus,
1760 4444 1811 4505 θ

182 4542 276 4614 illi»
306 4548 338 4614 tr
365 4534 575 4614 Franco
588 4534 828 4614 :Gailliae.
874 4534 1214 4614 Prmclarnuf
1228 4551 1309 4614 est
1334 4558 1395 4595 ea
1423 4544 1489 4597 de
1512 4558 1571 4597 re
1592 4534 1731 4614 Aga;

189 4597 297 4673 ring
326 4604 552 4660 hominis
582 4608 757 4664 Graeci
808 4610 1169 4664 testiinonium
1189 4651 1203 4673 ,
1237 4612 1375 4666 libro
1404 4629 1420 4668 ι
1450 4630 1462 4666 :
1490 4597 1733 4668 sumine

186 4670 569 4750 atFrancoram
618 4679 822 4747 regibus
864 4696 1127 4750 nunquam
1152 4670 1442 4737 tonderi...
1499 4686 1730 4738 cwsaries

188 4746 505 4820 utadecenter
542 4751 619 4803 eis
644 4746 697 4803 in
740 4746 1302 4820 humeros'pmpendct,
1332 4756 1557 4807 anterior
1586 4768 1731 4808 coma

187 4826 207 4861 ε
223 4813 364 4875 fronte
384 4820 745 4895 discriminata
770 4813 1271 4895 iit_utru_nique_lattts
1289 4813 1516 4894 deﬂexa.
1550 4824 1733 4895 Neque

189 4896 293 4949 rem,
334 4892 765 4958 quemadmodum
816 4891 992 4946 Turcis
1031 4904 1077 4946 et
1107 4891 1372 4953 Barbaris,
1423 4891 1731 4961 intpcxa't'is

190 4963 224 5035 et
256 4962 473 5023 aquaiida
498 4965 808 5029 sordidaque
833 4974 907 5017 est
940 4980 1112 5029 coma,
1145 4967 1222 5018 vel
1243 4967 1626 5035 complicatione
1654 4968 1735 5019 in-

190 5026 380 5103 (εςειιεν
400 5045 613 5097 cirrata,
638 5026 732 5088 sed-
752 5046 1032 5103 antegmata
1051 5026 1196 5088 varia
1216 5038 1317 5103 ipsi
1347 5026 1442 5090 sibi
1468 5038 1730 5103 adhibent,

191 5097 512 5177 diligenterque
539 5118 723 5158 curant
747 5146 764 5171 ,
792 5097 943 5173 idque
971 5105 1105 5158 velut
1127 5097 1325 5177 insigne
1344 5112 1599 5176 quoddam
1626 5097 1735 5161 exi;

190 5180 345 5247 ﬁlaque
380 5173 590 5247 nonaria
630 5176 968 5246 prterogaiiva
998 5179 1138 5244 regio
1163 5173 1334 5246 generi
1353 5173 1493 5247 apud
1529 5196 1614 5231 eos
1642 5182 1734 5231 tri-

191 5234 340 5315 διὶιξντ
372 5243 582 5298 Subditi
621 5234 753 5300 enim
786 5234 1109 5299 orbiculatJn
1139 5234 1445 5310 tondentur,
1474 5266 1633 5315 nequc
1660 5251 1733 5304 eis

192 5310 476 5388 prolixiorem
505 5333 703 5388 comam
733 5318 875 5371 alere
900 5318 1053 5387 facile
1084 5319 1412 5386 permittitur.
1455 5310 1595 5374 Idem
1622 5335 1653 5388 p
1677 5336 1735 5373 u-

193 5378 304 5433 rihus
323 5384 495 5440 laudat
512 5387 839 5443 Francorum
860 5378 1039 5443 mores
1055 5378 1102 5442 ei
1124 5389 1493 5443 urbanitatem.
1523 5378 1740 5445 Parcior

193 5453 313 5505 ﬁlia
338 5456 401 5510 iis
423 5458 701 5514 landamlis
734 5461 1051 5525 Procopius,
1110 5462 1248 5525 quod
1275 5463 1474 5527 sepius
1509 5463 1738 5526 impera-

195 5526 327 5603 loﬂltn
346 5532 619 5603 conatibus
640 5530 974 5603 obstiterint.
1004 5530 1200 5584 Morem
1234 5526 1738 5603 nutriendicapllns

194 5600 534 5671 {principibus
577 5602 740 5671 regie
778 5602 966 5670 stirpis
996 5612 1268 5671 receptum
1320 5618 1426 5656 non
1458 5600 1620 5656 semel
1656 5602 1739 5654 inv

198 5659 323 5719 futtili
362 5659 531 5727 laudat
565 5659 900 5743 Gvégorius;
930 5685 984 5726 ut
1017 5659 1224 5737 libfvr,
1246 5688 1367 5739 (οςψ,
1400 5672 1491 5738 2's,
1522 5673 1592 5727 lzh
1624 5689 1733 5735 \"tu,

1829 3199 1959 3237 vero
1984 3181 2297 3251 compositis
2321 3181 2652 3251 Corpusculis
2679 3183 2894 3249 feretro,
2919 3197 3039 3237 cum
3066 3199 3256 3252 magno
3280 3184 3425 3251 p8an

1832 3275 2024 3341 lentio,
2062 3276 2434 3345 immensoque
2472 3275 2615 3330 luctu
2653 3290 2819 3345 usque
2856 3276 2921 3329 ad
2952 3276 3220 3330 basilicam
3252 3276 3424 3333 sancti

1830 3364 2012 3423 Petrif
2048 3376 2350 3436 prosecuta,
2390 3374 2676 3436 utrumque
2719 3366 2917 3434 pariter
2941 3366 3241 3421 tumulavit.
3274 3366 3423 3433 Quoq

1830 3475 1949 3515 rum
1980 3474 2117 3513 unus
2158 3458 2343 3513 decem
2385 3473 2643 3511 annorum
2678 3466 2815 3522 erat,
2846 3459 2981 3513 alius
3029 3473 3159 3513 vero
3206 3468 3422 3528 septem

1830 3550 1933 3605 nis.
1970 3549 2206 3604 Tertium
2230 3565 2358 3604 vero
2380 3546 2805 3602 Chlodnualdum
2831 3549 3289 3619 comprehendere
3312 3564 3417 3603 non

1834 3652 2143 3715 potuerunt,
2166 3642 2288 3711 quia
2327 3656 2420 3711 per
2442 3643 2697 3696 auxilium
2734 3643 2969 3696 virorum
3001 3639 3259 3696 fortium!
3286 3641 3418 3697 Iibe~

1831 3750 1978 3794 ratus
2005 3745 2106 3792 est.
2159 3736 2206 3789 Is
2252 3737 2552 3805 postposito
2582 3749 2747 3804 regno
2775 3746 3010 3801 terreno,
3041 3735 3105 3788 ad
3139 3735 3425 3789 Dominum

1833 3827 2062 3894 transiit,
2097 3834 2151 3880 et
2179 3825 2277 3879 sibi
2309 3840 2466 3878 manu
2511 3830 2722 3894 propria
2750 3826 2972 3894 capillos
3001 3825 3263 3889 incidens,
3295 3826 3412 3879 clo-

1834 3921 1975 3975 ricus
1997 3921 2162 3974 factus
2186 3926 2268 3972 est
2294 3935 2307 3969 :
2334 3917 2596 3987 bonisque
2624 3917 2873 3987 operibus
2897 3917 3166 3984 insistens,
3193 3918 3419 3989 presby-

1834 4019 1915 4065 ter
1961 4009 2030 4063 ab
2080 4009 2179 4062 hoc
2209 4006 2407 4060 mundo
2456 4004 2769 4075 rnigravith.
2823 4007 2886 4061 lli
2939 4020 3149 4076 quoque
3196 4023 3420 4077 regnum

1835 4097 2209 4156 Chlodomeris
2238 4097 2378 4151 inter
2400 4111 2460 4151 se
2487 4112 2639 4165 aequa
2672 4096 2826 4152 lance
2851 4096 3166 4151 diviserunt.
3197 4097 3421 4153 Chrote-

1835 4191 2030 4249 childis
2072 4204 2200 4244 vero
2230 4188 2413 4260 regina
2448 4188 2605 4243 talem
2635 4203 2694 4243 se
2725 4198 3030 4257 tantamque
3067 4188 3330 4255 exhibuit,
3366 4200 3422 4245 ut

1834 4343 1952 4396 cap.
1981 4326 2070 4391 IO,
2097 4336 2203 4382 etc.
2248 4325 2380 4380 Vide
2429 4325 2716 4382 Savaronis
2743 4333 2824 4379 et.
2854 4324 3122 4396 Sirmondi
3172 4334 3326 4379 notas
3369 4324 3423 4383 in

1837 4394 1995 4469 epist.
2029 4399 2345 4463 Apollinaris
2379 4397 2604 4459 Sidonii,
2639 4396 2731 4453 lih.
2759 4411 2795 4461 ι,
2822 4400 2980 4464 epist.

1912 4480 1935 4508 ε
1966 4470 2153 4532 Corb.,
2186 4470 2507 4536 deﬁxumque
2532 4469 2751 4520 cultrum
2777 4508 2790 4527 ,
2819 4484 2911 4534 pro
2941 4467 3208 4535 deﬁxaque
3236 4467 3422 4525 cultro.

1836 4540 1990 4597 Colh.
2024 4551 2222 4605 autem,
2247 4553 2364 4592 cum
2398 4538 2526 4606 Reg.
2560 4578 2575 4599 ,
2606 4548 2658 4591 et
2683 4538 2839 4590 editis
2871 4539 3094 4603 aliquot,
3146 4538 3305 4590 habet
3334 4556 3424 4592 as-

1836 4613 2017 4665 cellam
2040 4626 2135 4678 pro
2156 4610 2390 4663 amittam.
2421 4608 2606 4678 ltegnt.
2634 4651 2647 4673 ,
2673 4609 2761 4661 sub
2789 4609 3001 4661 ascella.
3033 4607 3163 4677 lIeg.
3185 4618 3241 4663 et
3270 4610 3423 4677 Bec.,

1835 4685 1889 4736 in
1914 4684 2122 4734 ascella.

1906 4750 1935 4788 ά
1970 4752 2058 4805 Sic
2086 4751 2274 4814 Corb.,
2304 4749 2455 4815 Bel!.,
2484 4748 2610 4804 Bec.
2644 4764 2697 4804 et
2722 4749 2873 4804 Colb.
2898 4754 2965 4803 At
2990 4751 3172 4804 caeteri
3204 4750 3424 4814 habent,

1837 4832 1888 4877 at
1920 4824 2007 4874 ille
2034 4820 2205 4889 furore
2235 4831 2400 4872 actus.

1913 4902 1937 4929 ο
1970 4888 2058 4945 Sic
2087 4891 2244 4944 iidem
2276 4907 2405 4944 mss.
2440 4906 2559 4945 cum
2582 4888 2836 4960 Chesnio.
2870 4892 3000 4960 Reg.
3033 4891 3193 4944 habet
3220 4889 3393 4939 inscru

1839 4974 2009 5028 lator;
2041 4961 2252 5030 Regum,
2280 4965 2526 5014 incentor.
2560 4959 2699 5014 Editi
2734 4971 2789 5015 ut
2828 4964 3141 5030 plurimum,
3180 4959 3343 5026 incorp
3366 4974 3425 5009 ae

1836 5047 1933 5089 ιον.

1916 5104 1935 5143 ῐ
1964 5103 2129 5158 Hodie
2156 5114 2354 5156 saneta!
2377 5100 2685 5165 Genovefzn,
2713 5111 2767 5153 ut
2788 5102 2891 5167 jam
2915 5115 3075 5167 supra
3099 5098 3427 5154 monuimus.

1840 5176 1951 5231 Hoc
1983 5177 2156 5228 scelus
2185 5174 2326 5226 circa
2359 5190 2554 5227 annum
2589 5172 2693 5225 5‘26
2726 5180 2986 5237 patratum
3025 5170 3251 5231 videtur,
3283 5170 3425 5236 quod

1839 5248 2050 5309 serius,
2096 5259 2236 5297 anno
2284 5244 2489 5297 scilicet
2536 5243 2639 5296 55').
2686 5252 2778 5293 aut
2822 5243 3085 5307 sequenti,
3131 5239 3424 5295 admissum

1842 5318 2008 5371 fuisse
2035 5312 2274 5368 Valesius
2305 5314 2599 5367 contendit.

1916 5398 1940 5435 ε
1978 5387 2125 5439 Viros
2164 5388 2348 5447 fortes,
2391 5400 2615 5452 quorum
2665 5397 2767 5450 ope
2794 5381 3155 5451 Chlndoaldus
3199 5392 3425 5435 mortem

1840 5459 2035 5523 evasit,
2069 5470 2160 5509 eos
2199 5469 2340 5516 esse,
2382 5456 2470 5521 qui
2505 5467 2686 5520 poszca
2722 5468 2876 5515 nugo
2914 5452 3129 5506 barones
3174 5453 3427 5522 appellati

1840 5540 1987 5589 sunt,
2016 5537 2200 5582 censet
2229 5526 2321 5578 Val
2358 5529 2469 5578 sius
2498 5527 2590 5579 bl).
2617 5539 2686 5576 \‘tt
2718 5525 2913 5577 Rerum
2942 5523 3132 5578 Franc.

1915 5597 1941 5636 ί*
1968 5599 2109 5652 Ubiit
2146 5601 2284 5650 circa
2333 5613 2526 5649 annum
2569 5597 2694 5653 56).
2727 5599 2811 5648 de
2858 5595 2888 5647 7
2920 5594 3271 5659 Septembris,
3322 5607 3430 5660 quo

1841 5671 1954 5737 ejus
1995 5669 2254 5726 festivitas
2296 5668 2619 5722 celebratur.
2665 5666 2833 5721 Condi
2860 5666 2915 5720 iit
2960 5665 3340 5722 munusterium
3372 5666 3427 5718 in
