3994 6194
543 182 647 235 259

1583 175 1641 232 8.
1682 173 2009 233 GBEGORII
2051 174 2354 230 EPISCOPI
2395 171 2834 231 TURONENSIS

3723 172 3828 225 260

540 301 609 354 ab
652 299 897 355 omnibus
943 299 1297 354 lionoraretur
1323 314 1338 353 :
1370 295 1585 353 assidua
1634 296 1687 349 in
1727 292 2117 363 eleemosynis,
2149 291 2201 352 Α
2224 290 2447 343 circuitu
2478 290 2741 358 pretiosos
2766 288 2943 343 fontes
2975 306 2990 341 :
3034 302 3065 341 a
3095 296 3246 356 parte
3280 294 3461 343 autem
3492 288 3830 360 Occidentis,

541 408 743 463 pernox
775 393 828 447 in
854 392 1076 462 vigiliis;
1109 392 1163 445 in
1195 390 1443 445 castitate
1486 396 1645 457 atque
1675 385 1822 440 omni
1855 385 2135 438 honestate

541 500 730 552 puratn
760 499 819 539 se
856 498 1068 553 semper
1100 482 1376 547 exhibuit;
1411 479 1610 551 praedia
1649 477 1914 544 ecclesiis,
1946 490 2134 529 mona-

541 577 745 643 steriis,
796 575 879 630 vel
928 575 1336 645 quibuscunque
1391 569 1522 626 locis
1574 568 1777 623 sanctis
1831 567 2134 622 necessaria

542 668 795 737 providit,
828 667 972 736 larga
999 681 1061 721 ac
1090 681 1257 736 prona
1278 664 1557 719 voluntate
1581 660 1872 723 distribuit,
1898 671 1955 713 ut
1979 670 2132 727 puta-

541 772 690 813 retur
709 774 774 813 eo
797 768 1036 827 tempore
1057 773 1160 811 non
1192 756 1395 825 regina,
1422 754 1517 810 sed
1541 752 1755 824 propria
1782 752 1874 807 Dei
1897 752 2088 805 ancilla
2107 760 2134 789 ει

473 887 475 889 ι
541 851 645 919 ipsi
674 851 864 907 sedulo
892 850 1189 905 deservire.
1230 850 1388 920 126
1414 848 1583 915 Quam
1614 862 1718 901 non
1748 861 1969 915 regnum
2001 844 2137 899 lilio-

542 958 686 1008 rum,
720 957 826 995 non
854 941 1076 996 ambitio
1103 942 1309 1005 saeculi,
1343 954 1443 994 nec
1472 940 1692 993 facultas
1719 937 1913 993 extulit
1939 937 2005 991 ad
2027 938 2136 991 rui-

542 1048 688 1098 nam,
721 1033 817 1086 sed
849 1030 1121 1085 humilitas
1151 1030 1330 1085 evexit
1355 1030 1423 1084 ad
1453 1029 1704 1099 gratiam.

544 1128 553 1145 '
613 1122 756 1177 XIX.
801 1123 927 1177 Erat
975 1124 1117 1177 enim
1162 1133 1288 1177 tunc
1335 1131 1390 1177 et
1430 1122 1616 1175 beatus
1664 1118 1953 1189 Gregorius
1995 1118 2134 1188 apud

541 1215 729 1267 urbem
760 1215 1141 1283 Lingonicam,
1175 1228 1397 1284 magnus
1426 1213 1519 1268 Dei
1562 1212 1839 1277 sacerdos,
1880 1210 2049 1282 signis
2078 1219 2135 1267 et

542 1307 828 1362 virtutibus
851 1307 1027 1361 clarus
1058 1307 1109 1361 ιι.
1158 1307 1263 1363 Sed
1303 1307 1424 1377 quia
1457 1306 1615 1377 hujus
1645 1306 1912 1376 pontiﬁcis
1950 1306 2137 1359 memi-

542 1401 743 1466 nimus,
773 1411 981 1471 gratum
1011 1401 1301 1455 arbitratus
1329 1416 1468 1468 sum,
1497 1408 1557 1455 ut
1586 1401 1744 1454 situm
1791 1399 1895 1453 loci
1957 1398 2136 1453 Divin-

542 1494 754 1558 nensis,
788 1493 839 1546 in
873 1508 977 1561 quo
1022 1494 1260 1548 maxime
1297 1505 1411 1548 erat
1451 1492 1719 1557 assiduus,
1752 1491 1874 1546 huic
1902 1491 2134 1547 inseram

543 1583 782 1638 lectioni.
836 1584 929 1637 Est
969 1593 1147 1639 autem
1197 1593 1432 1639 castrum
1482 1584 1806 1637 ﬁrmissimis
1840 1583 2030 1647 muris,
2081 1582 2133 1635 in

2235 390 2446 435 montes
2486 390 2612 435 sunt
2650 378 2936 441 uberrimi,
2978 378 3259 448 vineisque
3302 380 3511 447 repleti,
3555 383 3680 451 quia
3724 392 3833 439 tam

2235 473 2414 528 nobile
2455 472 2643 527 incolis
2678 472 2960 526 Falernum
3004 472 3311 543 porrigunt,
3346 485 3402 528 ut
3450 478 3838 544 reSpuantCa-

2235 564 2495 619 hillonum
2533 562 2552 601 τ
2588 582 2603 618 :
2637 580 2760 620 nam
2802 575 3013 620 veteres
3055 562 3235 619 ferunt
3280 565 3349 620 ab
3391 567 3685 623 Aureliano
3730 568 3839 625 hoc

2235 657 2560 725 imperatore
2581 653 2747 710 fuisse
2776 654 3119 710 aediﬁcatum.

2306 751 2430 807 XX.
2470 750 2839 805 Tbeudericus
2883 760 3065 804 autem
3102 748 3212 804 ﬁlio
3247 752 3399 822 127
3445 766 3545 806 suo
3583 751 3839 808 Tbeude-

2236 842 2390 898 herto
2416 842 2787 912 Uvisigardem
2837 842 3117 912 cujusdam
3145 844 3293 913 regis
3339 853 3365 890 κ
3405 843 3569 899 ﬁliam
3598 844 3839 915 deSpou-

2235 944 2470 992 saverat.

2310 1025 2448 1080 XXI.
2502 1025 2686 1080 Gotthi
2716 1040 2848 1081 vero
2887 1040 3007 1081 cum
3046 1034 3170 1096 post
3194 1025 3560 1084 Chlodovechi
3604 1040 3839 1087 mortem

2236 1118 2399 1171 multa
2450 1119 2517 1171 de
2564 1118 2645 1172 his
2693 1134 2811 1187 quae
2858 1118 2950 1173 ille
2991 1119 3315 1189 acquisierat
3342 1118 3392 1187 δ,
3445 1123 3838 1194 ρετνεδίρεεηι,

2236 1208 2607 1264 Tbeudericus
2647 1208 3126 1275 Theudebertum,
3176 1210 3633 1269 Clilothacharius
3703 1231 3840 1272 vero

2237 1301 2591 1358 Guntharium
2637 1303 2905 1357 seniorem
2953 1301 3123 1357 ﬁlium
3166 1319 3322 1359 suum
3369 1305 3435 1358 ad
3486 1307 3604 1360 haec
3654 1309 3839 1376 requi-

2236 1394 2402 1449 renda
2428 1395 2813 1449 transmittunt.
2861 1396 2967 1450 Sed
2992 1393 3322 1451 Guntharius
3352 1413 3523 1467 usque
3551 1396 3841 1455 Ruthenos

2237 1491 2529 1557 accedens,
2564 1493 2747 1547 nescio
2774 1506 2877 1561 qua
2914 1492 3148 1547 faciente
3176 1508 3360 1559 causa,
3398 1508 3684 1565 regressus
3713 1504 3836 1559 est;

2237 1581 2644 1637 Theudebertus
2678 1597 2807 1637 vero
2837 1598 3003 1652 usque
3045 1583 3110 1636 ad
3151 1584 3508 1639 Biterrensem
3552 1586 3837 1643 civitatem

545 1673 718 1727 media
759 1673 978 1741 planitie
1012 1681 1068 1729 et
1106 1673 1240 1728 satis
1275 1672 1505 1741 iocunda
1551 1672 1933 1743 compositum,
1964 1680 2137 1727 terras
2166 1674 2213 1736 Β
2242 1674 2461 1739 abiens,
2494 1672 2631 1728 Deas
2659 1671 2672 1709 ί
2701 1682 2935 1728 castrum
2966 1673 3217 1739 obtinuit,
3247 1685 3407 1744 atque
3437 1676 3561 1731 hinc
3590 1679 3839 1747 praedam

543 1767 695 1821 valde
724 1766 926 1821 fertiles
969 1766 1171 1822 habens
1211 1779 1371 1837 atque
1418 1765 1675 1821 fecundas
1710 1776 1755 1831 ο,
1800 1765 1872 1821 ita
1905 1773 1962 1817 ut
1989 1763 2133 1818 arvis

541 1860 709 1913 semel
755 1859 939 1913 scissis
987 1859 1485 1924 vomere,‘semina
1526 1858 1811 1926 jaciantur,
1852 1869 1907 1913 et
1942 1870 2133 1925 magna

543 1950 807 2004 fructuum
854 1950 1125 2020 opulentia
1174 1950 1549 2019 subsequatur.
1609 1953 1652 2004 Α
1698 1950 1920 2006 Meridie
1972 1953 2136 2010 habet

540 2040 792 2096 Oscaram
846 2040 1101 2110 ﬂuvium,
1156 2040 1388 2108 piscibus
1439 2042 1592 2096 valde
1641 2042 2011 2111 praadivitem;
2064 2047 2133 2101 ab

541 2134 806 2203 Aquilone
835 2147 960 2187 vero
990 2133 1125 2186 alius
1153 2132 1396 2186 lluviolus
1426 2126 1455 2168 ἀ
1488 2131 1649 2199 venit,
1683 2133 1772 2202 qui
1804 2148 1899 2203 per
1926 2147 2131 2203 portam

542 2224 851 2294 ingrediens
883 2238 946 2277 ac
976 2223 1076 2277 sub
1113 2234 1330 2292 pontem
1361 2222 1674 2289 decurrens,
1707 2239 1802 2293 per
1830 2226 1989 2280 aliam
2018 2242 2136 2281 rur—

540 2330 635 2370 sus
665 2324 874 2382 portam
905 2311 1197 2381 egreditur,
1234 2322 1401 2366 totum
1433 2315 1743 2369 munitionis
1767 2315 1941 2387 locum
1966 2319 2135 2388 placi-

541 2406 609 2461 da
638 2407 779 2462 unda
808 2404 1184 2460 circumﬂuens
1215 2423 1230 2459 :
1275 2417 1401 2462 ante
1430 2415 1637 2476 portam
1668 2420 1847 2464 autem
1874 2411 2135 2466 molendi-

544 2517 642 2555 nas
663 2502 798 2555 mira
824 2500 1117 2554 velocitate
1137 2498 1374 2554 divertit.
1399 2499 1637 2566 Quatuor
1659 2509 1826 2570 portae
1853 2517 1880 2556 a
1908 2511 2137 2573 quatuor

543 2595 712 2664 plagis
744 2593 927 2649 mundi
956 2602 1085 2648 sunt
1115 2593 1301 2664 positae
1339 2610 1352 2647 :
1385 2602 1664 2663 totumque
1702 2594 1989 2653 aedilicium
2040 2599 2135 2653 tri-

540 2687 684 2756 ginta
731 2694 842 2742 tres
887 2695 1061 2741 turres
1106 2692 1371 2741 exornant
1415 2702 1430 2740 :
1478 2700 1663 2741 murus
1708 2702 1837 2742 vero
1876 2688 2020 2743 illius
2067 2689 2136 2746 de

544 2779 764 2848 quadris
808 2779 1067 2848 lapidibus
1098 2793 1265 2848 usque
1308 2778 1363 2833 in
1403 2777 1589 2848 viginti
1624 2779 1807 2849 pedes,
1840 2779 2076 2849 desuper
2103 2797 2133 2837 a

542 2874 745 2926 minuto
784 2871 959 2941 lapide
1000 2870 1298 2925 aediﬁcatus
1343 2869 1589 2936 habetur,
1631 2870 1836 2925 habens
1880 2872 1933 2926 in
1969 2872 2133 2927 altum

540 2964 705 3032 pedes
761 2964 1009 3033 triginta,
1056 2964 1108 3016 iit
1174 2963 1338 3017 latum
1393 2963 1558 3032 pedes
1612 2964 1967 3035 quindecim:
2013 2982 2133 3036 qua:

2236 1766 2479 1835 diripuit.
2517 1765 2720 1821 Deinde
2760 1765 2827 1820 ad
2870 1766 3014 1821 aliud
3060 1777 3318 1836 castrum,
3369 1770 3582 1824 nomine
3623 1767 3843 1838 Capra-

2235 1855 2369 1911 riam
2404 1856 2453 1922 i,
2499 1855 2705 1926 legatos
2745 1855 2927 1920 mittit,
2971 1856 3177 1922 dicens,
3223 1859 3324 1913 nisi
3367 1874 3427 1915 se
3468 1860 3547 1914 illi
3575 1861 3842 1927 subdant.

2234 1960 2448 2001 omnem
2476 1947 2649 2002 locum
2672 1947 2821 2001 illum
2846 1947 3095 2003 incendio
3119 1950 3597 2019 concremandum,
3624 1967 3844 2024 eosque

2235 2038 2323 2109 qui
2356 2039 2551 2095 ibidem
2578 2040 2815 2096 resident
2844 2041 3217 2109 captivandos.

2307 2131 2473 2186 XXII.
2519 2132 2647 2186 Erat
2678 2142 2854 2187 autem
2892 2132 3092 2189 ibidem
3123 2141 3249 2188 tunc
3279 2143 3544 2201 matrona,
3578 2136 3843 2192 Deuteria

2236 2221 2261 2259 ιε
2289 2223 2527 2288 nomine,
2560 2223 2703 2276 utilis
2728 2222 2884 2277 valde
2907 2231 3070 2293 atque
3102 2223 3320 2291 sapiens
3341 2266 3357 2292 ,
3394 2225 3549 2296 cujus
3579 2227 3665 2281 vir
3690 2230 3844 2297 apud

2236 2314 2461 2370 Biterris
2493 2310 2513 2352 ί
2548 2314 2738 2370 urbem
2769 2324 3132 2371 concesserat.
3161 2316 3293 2382 Quae
3320 2317 3467 2371 misit
3503 2319 3727 2374 nuntios
3768 2320 3842 2374 ad

2235 2423 2443 2478 regem,
2474 2408 2655 2464 dicens
2687 2425 2703 2462 :
2734 2406 2922 2463 Nullus
2958 2408 3074 2470 tibi.
3105 2408 3323 2465 domine
3380 2410 3647 2475 piissime,
3700 2412 3843 2467 resi-

2234 2508 2379 2555 stere
2408 2508 2609 2570 potest.
2640 2500 3030 2570 Gognoscimus
3054 2500 3331 2556 dominum
3363 2511 3607 2557 nostrum
3639 2518 3655 2558 :
3684 2508 3843 2572 veni,

2234 2600 2283 2647 et
2336 2592 2477 2661 quod
2520 2591 2677 2647 fuerit
2715 2591 3107 2661 beneplacitum
3162 2594 3215 2646 in
3261 2593 3435 2649 oculis
3490 2594 3595 2649 tuis
3644 2593 3845 2651 facito.

2235 2688 2649 2744 Tlieudehertus
2691 2696 2870 2742 autem
2914 2688 2980 2742 ad
3010 2696 3245 2761 castrum
3274 2688 3517 2755 veniens,
3545 2704 3670 2744 cum
3703 2706 3847 2759 pace

2235 2778 2508 2848 ingressus
2547 2790 2660 2844 est;
2708 2778 3088 2846 subditumque
3134 2780 3232 2834 sibi
3278 2795 3506 2836 cernens
3550 2784 3847 2852 populum,

2235 2871 2365 2925 nihil
2410 2871 2538 2926 inibi
2580 2871 2719 2925 male
2750 2872 2940 2941 gessit.
2993 2871 3241 2926 Deuteria
3280 2886 3411 2928 vero
3446 2873 3511 2927 ad
3546 2887 3845 2932 occursum

2232 2960 2352 3032 ejus
2390 2964 2562 3025 venit;
2603 2972 2657 3016 at
2697 2962 2809 3028 il'e,
2849 2963 3147 3031 Speciosam
3188 2978 3307 3018 eam
3348 2978 3600 3032 cernens,
3646 2982 3847 3026 amore

539 3072 638 3112 cur
685 3056 875 3111 civitas
917 3055 1058 3110 dicta
1107 3072 1210 3111 nou
1253 3058 1345 3121 sit,
1376 3057 1565 3127 ignoro
1592 3066 1639 3111 ο.
1684 3057 1857 3114 Habet
1893 3061 2034 3113 enim
2077 3058 2131 3115 in
2159 3055 2205 3117 C
2238 3056 2356 3125 ejus
2385 3056 2619 3123 capitur,
2650 3069 2856 3125 suoque
2889 3069 3007 3111 eam
3037 3056 3305 3126 copulavit
3327 3059 3538 3113 stratui.

539 3171 658 3225 vico
679 3170 989 3224 Nouientum
1010 3169 1173 3231 dicto,
1199 3169 1369 3224 tribus
1390 3170 1708 3224 milliarihus
1738 3170 1871 3224 infra
1899 3171 2131 3228 Parisios

539 3241 607 3293 ad
644 3242 965 3308 Sequanam,
1018 3242 1105 3309 qui
1137 3241 1295 3309 vulgo
1336 3240 1493 3294 hodie
1534 3241 1728 3295 dicitur
1758 3241 2126 3309 Saint-Claud,

544 3310 634 3364 tibi
664 3310 891 3364 ecclesia
922 3311 1196 3377 collegiata
1216 3349 1231 3373 ,
1265 3311 1538 3365 destructo
1564 3312 1671 3374 jam
1706 3311 1910 3379 pridem
1944 3328 2132 3367 mona-

539 3382 729 3445 sterio,
753 3396 895 3434 nunc
920 3380 1126 3443 visitur,
1154 3382 1205 3433 in
1231 3395 1330 3448 qua
1353 3380 1470 3447 ejus
1492 3395 1703 3433 sacrum
1727 3397 1921 3449 corpus
1946 3397 2128 3437 asser-

539 3461 716 3504 vatur.
763 3451 937 3504 Vitam
983 3451 1100 3518 ejus
1129 3466 1192 3505 ex
1228 3465 1326 3504 tus.
1350 3450 1472 3505 cod.
1506 3450 1565 3505 S.
1594 3449 1843 3505 Germani
1894 3467 1924 3504 a
1957 3453 2128 3508 Pratis

542 3521 708 3575 habes
755 3521 808 3574 in
854 3521 1001 3574 Actis
1030 3520 1129 3576 SS.
1163 3521 1292 3575 0rd.
1325 3520 1653 3575 Benedictini
1707 3522 1903 3576 sarculo
1946 3539 1987 3589 ι,
2038 3525 2128 3579 ubi
2182 3578 2190 3589 ,

541 3593 770 3645 habitum
787 3606 946 3644 sacra
966 3592 1227 3662 religionis
1247 3592 1547 3658 suscepisse
1574 3606 1604 3645 a
1636 3601 1820 3645 sancto
1843 3593 2126 3658 Severino,

539 3665 627 3726 qui
662 3663 797 3714 alius
826 3671 909 3715 est
932 3662 1000 3714 ab
1022 3662 1324 3731 Agauuensi
1355 3662 1571 3726 abbate,
1597 3672 1945 3726 memoratur,
1973 3680 2121 3719 num.

540 3732 596 3797 8.
645 3732 879 3786 Joannes
929 3732 1093 3786 abbas
1140 3732 1207 3786 de
1235 3742 1421 3786 sancto
1470 3731 1762 3786 Flodoaldo
1810 3734 2131 3802 subscripsit

540 3803 825 3857 conventui
854 3801 1202 3857 Attiniacensi
1249 3802 1350 3857 sub
1379 3801 1602 3871 Pippino
1648 3816 1774 3871 rege
1819 3819 1961 3859 anno
1989 3801 2126 3872 765;

540 3888 699 3940 quem
728 3872 849 3927 huic
875 3876 1202 3929 monasterio
1225 3873 1504 3943 praefuisse
1533 3888 1638 3928 non
1670 3874 1995 3930 dubitamus.
2030 3876 2130 3932 Ve-

544 3951 687 3998 teres
714 3945 855 3997 enim
880 3945 940 3997 ch
972 3944 1023 3997 in
1057 3944 1282 3998 litteram
1314 3946 1343 4014 Ῑ
1359 3958 1736 4013 nonnunquam
1765 3955 2125 4001 mutaverunt.

613 4023 639 4085 ξ
684 4015 739 4067 Id
765 4024 848 4069 est
876 4014 1316 4069 sanctimdnialis.
1354 4015 1483 4070 Vide
1523 4014 1657 4068 infra
1693 4015 1785 4070 lili.
1820 4031 1893 4081 iv,
1924 4032 2041 4085 cap.
2076 4018 2126 4071 i.

611 4083 640 4157 ξ»
680 4086 811 4157 Ejus
825 4085 984 4157 vitam
1006 4086 1222 4157 scripsit
1242 4095 1426 4141 noster
1444 4085 1755 4156 Gregorius,
1778 4100 1936 4157 quam
1962 4083 2130 4143 habes

541 4153 677 4208 infra
717 4155 854 4212 inter
875 4154 1022 4209 Vitas
1046 4155 1284 4220 Patrum,
1317 4171 1437 4223 cap.
1466 4157 1521 4212 7.

615 4236 638 4264 ε
665 4225 755 4280 Sic
777 4226 888 4278 Bel.
916 4233 972 4280 et
1002 4225 1213 4294 Regm.;
1251 4236 1307 4280 at
1333 4228 1515 4282 caueri
1554 4241 1685 4281 mss.
1719 4235 1776 4281 et
1799 4225 1950 4295 editi,
1991 4237 2130 4283 terra

539 4295 687 4365 valde
708 4296 861 4365 fertili
894 4306 1042 4363 atque
1068 4297 1308 4365 fecunda.

612 4364 639 4401 ἀ
672 4366 768 4436 llic
791 4364 946 4420 Suria
975 4364 1217 4430 vocatur,
1245 4365 1334 4435 qui
1362 4380 1426 4422 ex
1450 4367 1587 4421 valle
1614 4368 1933 4436 cognomine
1958 4368 2127 4425 tiihus

2230 3171 2415 3251 refert,
2442 3173 2723 3254 vinumhut
2743 3188 2851 3254 quo
2891 3171 3001 3254 solo
3040 3170 3315 3254 Persarum
3354 3183 3846 3254 regrs_uterenm,

2230 3245 2526 3366 gratiaqua
2552 3243 2711 3296 solius
2736 3243 2969 3311 Causpis,
3003 3244 3393 3297 commendatur
3430 3260 3464 3297 a
3496 3243 3674 3314 Syriw
3708 3251 3847 3304 urbe

2289 3329 2378 3364 ιιιι
2416 3329 2528 3366 one.

2259 3310 2528 3367 Ihnlibone.

2304 3393 2328 3429 8
2367 3383 2586 3455 Scilicet
2608 3383 2893 3440 Wacconis
2926 3382 3399 3455 Langobardorum
3452 3383 3618 3455 regis,
3652 3397 3717 3441 ut
3751 3405 3848 3445 re-

2230 3452 2337 3526 fert
2363 3454 2565 3526 Paulus
2592 3455 2870 3526 Diacalib.
2918 3470 2937 3507 ι
2978 3452 3247 3508 (ιυᾮεεῑίς
3292 3452 3554 3524 ιοιιεοὺῖ,
3586 3472 3716 3526 cap.
3748 3461 3845 3513 2|.

2300 3522 2328 3561 ιι
2357 3524 2723 3579 Theodericus
2753 3525 2917 3579 Italiae
2940 3538 3033 3579 rex
3061 3526 3239 3578 audita
3262 3522 3557 3582 (Ihlodovei
3608 3522 3849 3588 victoria

2229 3596 2370 3663 apud
2392 3595 3000 3666 Vogladumreportata,
3026 3595 3201 3649 lbbam
3225 3611 3319 3650 seu
3339 3597 3612 3653 Ehbauem
3636 3600 3849 3657 ducem

2231 3681 2352 3720 cum
2383 3665 2552 3733 copiis
2590 3668 2644 3720 in
2674 3665 2875 3739 Gallias
2906 3668 3071 3739 misit,
3101 3680 3189 3739 qui
3225 3666 3450 3723 Francis
3478 3667 3849 3739 Wisigottho-

2232 3751 2349 3805 rum
2398 3752 2618 3805 regnum
2672 3737 3047 3790 invadentibus
3091 3738 3421 3793 resisterent.
3488 3737 3637 3804 Qua!
3666 3756 3848 3797 causa

2230 3804 2363 3883 fuit,
2414 3804 2477 3861 uti
2498 3807 2693 3883 Franci
2739 3808 2909 3883 soluta
2954 3808 3261 3883 Arelatensi
3308 3807 3591 3883 obsidione
3632 3811 3850 3883 fugati,

2232 3877 2363 3932 nihil
2412 3889 2610 3945 praater
2657 3878 2995 3946 Aquitaniam
3040 3876 3410 3947 acquisierint.
3458 3876 3853 3939 Theudoricus

2231 3962 2379 4020 vero,
2407 3950 2625 4003 dimissa
2651 3948 3168 4020 Wisigottliisregni
3192 3958 3371 4016 parte,
3411 3953 3662 4020 regiones
3693 3955 3848 4009 ultra

2233 4018 2555 4093 Rhodanum
2588 4021 2740 4082 sitas,
2781 4018 3185 4093 quas_0doacer
3217 4020 3415 4093 Eu_ric_o
3445 4018 3649 4075 A'larici
3697 4028 3853 4093 patri

2230 4088 2531 4157 dimiserat,
2554 4099 2858 4159 occupawt.
2911 4089 3114 4145 Bellum
3142 4090 3338 4145 exinde
3363 4090 3477 4145 fere
3501 4088 3847 4150 continuum

2232 4159 2331 4213 fuit
2380 4160 2518 4214 inter
2561 4158 2924 4215 Chlodoveum
2982 4168 3039 4215 et
3083 4160 3472 4216 Tbeodoricum
3521 4174 3589 4216 ac
3636 4177 3853 4222 eorum

2230 4243 2608 4304 successores.
2643 4231 2781 4304 Qua,
2807 4230 3021 4304 tandem
3073 4231 3356 4304 occasione
3384 4246 3459 4304 mea
3486 4230 3683 4288 Galliae
3719 4251 3856 4304 pars

2231 4301 2563 4428 Fganeirgrln
2596 4301 2824 4372 imperio
2861 4302 3103 4370 subjecta
3140 4302 3332 4370 fuerit,
3362 4302 3572 4356 dicetur
3604 4305 3658 4357 in
3696 4301 3859 4363 notis

2236 4386 2263 4424 a
2330 4386 2449 4428 can.
2547 4409 2561 4423 .

2236 4386 2301 4424 ad
2330 4386 2449 4437 cap.
2473 4386 2561 4428 'ol.

540 4435 857 4511 milliaribus
898 4437 1364 4511 supra_l)iiiouem
1401 4437 1658 4493 exoritur.
1691 4435 1777 4492 De
1805 4437 2003 4493 Oscara
2033 4456 2127 4495 su-
2157 4446 2211 4508 1)
2278 4509 2287 4511 A
2312 4441 2327 4478 ί
2365 4435 2520 4497 Hunc
2544 4443 2720 4497 locum
2746 4442 3052 4498 Blondellus
3074 4453 3127 4496 et
3154 4442 3243 4496 alii
3274 4450 3461 4511 putant
3486 4456 3607 4496 esse
3628 4443 3859 4502 Manta.

542 4520 635 4574 pra
669 4506 759 4558 lib.
794 4518 852 4569 tt,
884 4519 1004 4569 cap.
1036 4506 1126 4559 32.

616 4584 638 4612 ο
668 4574 777 4648 Nec
804 4574 962 4648 hodie
990 4576 1219 4631 civitatis
1242 4576 1363 4643 jure
1397 4576 1595 4645 gaudet
1618 4578 1790 4642 Divio,
1824 4577 1874 4632 id
1908 4587 1990 4632 est
2015 4580 2128 4648 epi-

540 4644 742 4719 smpali
764 4643 1020 4719 cathedra
1050 4660 1154 4719 non
1182 4643 1518 4712 nobilitatur;
1552 4649 1676 4703 licet
1704 4649 1866 4704 fuerit
1888 4643 2126 4719 Burgun-

539 4717 761 4789 diunum
791 4713 987 4769 ducum
1015 4714 1190 4789 sedes.
1224 4720 1491 4787 totiusque
1519 4719 1808 4787 provincia:
1833 4713 2021 4789 caput:
2041 4734 2129 4776 su-

539 4788 817 4867 premique
843 4797 1058 4867 senatus
1088 4788 1242 4867 sedes
1270 4789 1431 4867 entiam
1461 4790 1842 4867 nunc_existat.

618 4857 635 4896 ί
683 4855 773 4911 Sic
803 4855 965 4929 habet
996 4855 1152 4929 Corb.
1190 4858 1244 4911 In
1279 4858 1481 4911 Bellov.
1512 4868 1567 4914 et
1593 4859 1745 4915 Colh.
1777 4861 1971 4929 legitur
1995 4862 2129 4916 Sca-

538 4928 817 4999 lononum;
848 4928 1032 4999 llegm.
1054 4927 1338 4994 Catonum;
1368 4929 1489 4984 Bec.
1513 4941 1566 4984 et
1595 4932 1775 4986 caeteri
1798 4927 1919 4987 cum
1944 4932 2122 4999 editis,

539 4998 843 5069 Santonum.
872 4997 1212 5069 Gorbeieusis
1258 4999 1541 5055 lectionem
1571 5003 1899 5069 praetulimus
1941 5020 1955 5058 :
1999 4997 2121 5057 nam

536 5068 835 5139 sensus'est
865 5068 985 5123 vina
1017 5070 1086 5122 ita
1116 5085 1377 5139 generosa
1410 5073 1554 5125 nasci
1586 5073 1830 5139 Divione,
1861 5080 1920 5126 ut
1946 5072 2125 5127 Cabil-

539 5137 849 5194 lonensibus
865 5140 1001 5193 vinis
1016 5137 1413 5207 non‘indigeant
1436 5142 1601 5207 ipsius
1630 5144 1795 5198 cives.
1819 5137 2122 5197 'Scalonum

538 5215 710 5260 tamen
732 5224 828 5277 pro
856 5210 1175 5281 Ascalonem
1201 5212 1580 5279 interpretatur
1602 5213 1825 5281 Savaro,
1855 5214 1905 5268 id
1939 5224 2021 5267 est
2046 5215 2123 5268 vi-

538 5290 661 5356 nu_in
691 5294 754 5330 ex
774 5280 902 5356 urbe
922 5280 1219 5356 Palaestinae
1246 5284 1507 5337 A‘scalona
1524 5280 1841 5356 advectum:
1858 5284 2122 5356 Ascalona

537 5349 731 5419 quippe
760 5349 950 5419 vicina
1000 5362 1114 5405 erat
1158 5351 1333 5419 Gazae,
1381 5357 1524 5408 unde
1567 5356 1689 5407 vina
1743 5354 2006 5419 Gazitina,
2056 5357 2125 5409 de

536 5415 731 5490 quibus
759 5414 915 5490 infra
947 5420 1040 5473 lib.
1073 5436 1166 5485 vtt,
1203 5414 1440 5490 cap.29.
1491 5423 1743 5478 Claudius
1766 5414 2029 5479 Robertus
2056 5425 2123 5479 ad

536 5486 745 5561 calcem
783 5486 969 5561 Gallia;
1009 5486 1348 5558 Christianae,
1398 5508 1541 5547 anno
1570 5493 1709 5547 1626
1755 5493 1934 5559 editae,
1970 5496 2121 5561 plura

536 5555 606 5610 de
634 5554 857 5631 Divjone
882 5557 1067 5631 habet,
1092 5561 1267 5631 ibique
1290 5554 1394 5616 col.
1431 5564 1498 5617 59
1543 5563 1822 5629 legendum
1854 5554 2006 5631 putat
2037 5566 2120 5618 hic

538 5628 676 5689 apud
705 5625 1015 5694 Gregorium
1045 5625 1433 5696 Clialybonium.
1464 5625 1999 5701 Nam—Chalibonium,
2042 5636 2116 5690 uti

2235 4509 2338 4566 dié.
2372 4513 2566 4567 Mavult
2601 4513 2845 4568 Valesius
2875 4516 2975 4568 hac
3001 4528 3133 4568 voce
3155 4509 3423 4581 designari
3456 4511 3618 4578 Dion,
3653 4517 3715 4570 in
3750 4520 3862 4575 Se-

2273 4583 2513 4637 timania.

2233 4599 2638 4727 “imagine
2690 4656 2856 4709 etiam
2906 4669 3047 4727 nunc
3065 4653 3329 4719 subsistit,
3378 4653 3535 4727 vulgo
3564 4653 3857 4727 Cabriere,

2233 4725 2423 4793 aequali
2467 4725 2580 4780 fere
2624 4726 2904 4779 intervallo
2945 4742 2973 4778 a
3005 4725 3493 4792 Leuteva,-Agatba
3524 4736 3579 4778 et
3606 4725 3860 4787 Biterris

2234 4796 2461 4855 distans,
2508 4797 2602 4866 sed
2646 4797 2709 4848 ad
2749 4798 3109 4852 Biterrensem
3147 4796 3425 4851 dioecesim
3471 4798 3760 4866 attinens,
3798 4816 3859 4857 ut

2234 4866 2486 4920 observat
2522 4865 2779 4921 Valesius.

2308 4934 2334 5012 'f
2375 4936 2504 5012 Mss.
2536 4937 2797 5012 nonnulli,
2842 4937 3139 5012 etquidem
3172 4937 3512 5012 vetustiores,
3546 4938 3859 5012 Docta-ia;

2234 5005 2490 5084 Valesius
2518 5018 2692 5062 tamen
2739 5005 3022 5084 legendum
3060 5016 3247 5084 censet
3271 5005 3554 5084 Deuteria;
3595 5005 3861 5084 indeque

2232 5078 2451 5146 conjicit
2477 5077 2615 5132 hanc
2647 5077 2926 5133 mulierem
2955 5092 3153 5148 genere
3188 5077 3394 5148 Gallam
3414 5117 3431 5142 ,
3460 5093 3579 5147 seu,
3615 5092 3681 5136 ut
3714 5077 3862 5143 tunc

2232 5148 2607 5215 loquebantur,
2639 5149 2931 5205 Romanam
2962 5146 3148 5204 fuisse.
3206 5146 3434 5202 Inscitiae
3467 5146 3596 5206 Vero
3628 5154 3863 5213 Frede-

2232 5233 2435 5284 garium
2467 5223 2659 5287 arguit,
2692 5223 2833 5289 quod
2878 5221 3155 5289 scripserit
3197 5218 3514 5284 Deoteriam,
3567 5238 3668 5277 seu
3706 5226 3863 5283 Teo-

2233 5290 2433 5342 teri'am.
2462 5289 2579 5361 Sed
2619 5301 2744 5344 tunc
2774 5294 3065 5361 scriptores
3113 5290 3184 5343 ita
3214 5290 3523 5358 promiscue
3554 5293 3787 5352 litteras
3822 5317 3862 5354 ιι

2232 5367 2288 5411 et
2331 5375 2383 5435 o_,
2430 5359 2569 5435 sicut
2609 5370 2664 5415 et
2697 5360 2732 5435 gi
2773 5372 2825 5415 et
2859 5359 2900 5428 ιζ
2935 5361 3387 5435 adhibebant,__ut
3415 5360 3502 5415 vix
3529 5365 3861 5435 quidquam

2230 5431 2375 5505 certi
2386 5432 2665 5505 exliarum
2697 5431 2996 5488 litterarum
3028 5430 3602 5505 mutationibusstatui
3637 5430 3860 5505 possit.

2228 5576 2247 5621 ε
2306 5497 2322 5534 ι
2368 5501 2457 5555 Sic
2487 5516 2618 5558 mss.
2658 5516 2848 5559 omnes
2891 5517 3013 5559 cum
3040 5503 3268 5565 Ghesn.;
3300 5499 3546 5573 plerique
3590 5497 3719 5575 ed"
3759 5512 3861 5565 ui-

2251 5585 2417 5621 emus.

2251 5585 2417 5624 eruas.
