3994 6194
172 216 260 275 ⁸261

1140 216 1458 275 HISTORIA
1498 210 1956 273 FRANCORUM.
1992 214 2191 271 LIBER
2232 216 2531 272 TERTIUS

3323 212 3500 264 ξω.

238 330 415 386 XXIII.
441 330 497 384 ln
534 330 643 385 illis
669 331 863 387 diebus
890 331 1251 386 Thcudericus
1280 340 1552 401 parentem
1584 345 1737 383 suum
1770 330 1817 389 A
1849 332 2034 385 multis
2074 331 2329 384 beneficia
2364 330 2447 398 pia
2481 343 2542 383 ac
2566 328 2866 382 dulcissima
2896 327 3302 382 accommodans
3328 343 3423 381 νυ-
3456 314 3464 331 ⁴

178 420 486 491 Sigivaldum
517 421 722 475 occidit
759 421 958 491 gladio,
991 422 1208 476 mittens
1236 421 1444 476 occulte
1470 421 1535 474 ad
1566 420 1740 474 Theu-

175 512 455 575 debcrtum,
507 519 567 565 ut
614 521 673 566 et
718 511 806 566 ille
829 510 1109 566 Givaldum
1142 522 1193 577 η,
1235 510 1401 565 lilium
1446 510 1586 579 ejus,
1625 510 1739 564 neci

176 603 340 667 daret,
374 615 533 672 quem
573 611 701 657 tunc
738 617 917 657 secum
961 602 1184 656 habebat
1212 601 1343 657 :sed
1374 602 1493 671 quia
1521 616 1641 655 eum
1672 601 1740 654 de

177 706 315 746 sacro
342 692 482 746 fonte
513 701 827 759 exceperat,
863 694 1087 761 perdere
1124 692 1314 746 noluit.
1358 691 1585 745 Litteras
1614 704 1740 745 vero

179 799 296 848 quas
332 784 377 838 ei
418 788 570 851 pater
609 782 997 847 transmiserat,
1032 782 1129 851 ipsi
1170 781 1236 835 ad
1274 782 1430 851 128
1458 780 1737 848 legendum

177 872 329 939 dedit,
350 874 529 929 dicens
554 890 570 928 :
597 874 743 942 Fuge
771 874 913 938 hinc,
943 875 1067 943 quia
1097 874 1262 942 patris
1284 876 1386 927 mei
1415 883 1739 942 praeceptum

176 967 339 1033 accepi
360 973 415 1019 ut
434 975 485 1019 te
512 964 828 1019 interficiam
855 982 869 1018 :
908 965 954 1019 si
980 980 1106 1019 vero
1136 965 1223 1019 illc
1251 965 1531 1019 defunctus
1562 964 1737 1028 fuerit,

176 1064 223 1110 ct
248 1071 331 1109 me
357 1069 575 1125 regnare
600 1055 859 1120 audieris,
891 1064 1016 1109 tunc
1044 1070 1265 1110 securus
1286 1056 1352 1109 ad
1382 1070 1466 1107 me
1497 1066 1738 1108 reverte-

175 1145 259 1199 ris.
287 1146 430 1212 Quod
462 1146 921 1215 audiens,gratias
950 1162 1134 1217 agens,
1162 1158 1216 1201 et
1255 1147 1577 1211 valedicens,
1615 1145 1739 1201 abs-

176 1236 349 1289 cessit.
389 1239 755 1292 Arelatensem
804 1238 943 1291 enim
974 1227 1099 1291 tunc
1124 1237 1308 1291 urbem
1338 1237 1515 1292 Gotthi
1549 1250 1738 1305 perva-

178 1336 370 1390 seraut,
400 1327 464 1383 de
504 1343 610 1397 qua
636 1328 1046 1384 Theudcbertus
1083 1329 1298 1384 obsides
1336 1328 1595 1383 retinebat
1628 1345 1642 1380 :
1671 1327 1737 1381 ad

173 1432 279 1470 eam
301 1416 543 1472 Givaldus
566 1420 826 1490 confugit.
871 1419 975 1474 Sed
1000 1434 1185 1488 parum
1213 1433 1271 1473 se
1297 1418 1489 1474 ibidem
1513 1432 1738 1472 cernens

172 1520 282 1561 esse
310 1508 590 1574 munitum,
625 1508 830 1562 Latium
856 1507 1269 1577 bpetiit,ibique
1307 1520 1362 1563 et
1396 1508 1568 1563 latuit.
1601 1508 1735 1562 Dum

171 1598 280 1652 haec
307 1611 607 1668 agerentur,
636 1600 908 1655 nuntiatur
939 1600 1310 1656 'l‘heudeberto
1338 1611 1542 1669 patrem
1576 1615 1733 1655 suum

1844 422 2075 477 luntate.
2117 422 2287 475 Omne
2328 422 2604 487 tributum,
2639 420 2777 488 quod
2809 420 2939 473 ﬁsco
2966 435 3062 474 suo
3088 422 3154 473 ab
3182 420 3426 476 ccclesiis

1844 511 1903 565 in
1934 512 2176 564 Arverno
2209 510 2327 564 sitis
2364 510 2703 574 reddebatur,
2728 510 3021 564 clementer
3050 509 3269 564 indulsit
3303 509 3348 566 ί.

1918 599 2109 654 XXVI.
2154 601 2396 655 Deuteria
2449 617 2574 656 vero
2619 614 2844 655 cernens
2888 601 3046 654 filiam
3073 616 3221 655 suam
3263 599 3471 656 adol-.5

1843 702 1954 749 tarn
2004 692 2158 748 valde
2201 707 2353 760 esse,
2397 697 2584 747 timens
2639 708 2705 747 ne
2733 708 2849 748 eam
2898 693 3279 760 concupiscens
3320 712 3417 752 rex

1840 782 1947 839 sibi
1973 796 2291 850 assumeret,
2321 785 2373 839 in
2406 786 2650 839 basterna
2678 786 2922 853 positam,
2953 785 3223 840 indomitis
3251 787 3421 842 bobus

1840 877 2172 946 conjunctis,
2203 892 2320 931 eam
2351 879 2419 931 de
2458 887 2615 944 ponte
2643 878 3008 945 praecipitavit,
3047 893 3165 947 quae
3207 879 3263 932 in
3303 879 3420 947 ipso

1842 968 2064 1023 ﬂumine
2092 970 2336 1038 spiritum
2368 971 2615 1025 reddidit.
2645 970 2758 1025 lloc
2783 970 2922 1039 apud
2953 970 3262 1025 Viridunum
3291 971 3420 1026 civi-

1841 1069 2001 1115 tatein
2029 1072 2211 1115 actum
2240 1071 2342 1117 est.

1916 1150 2133 1206 XXVII.
2175 1151 2411 1220 Cumque
2437 1151 2547 1222 jam
2590 1153 2848 1220 septimus
2880 1165 3052 1206 annus
3079 1162 3241 1217 esset,
3273 1152 3418 1219 quod

1810 1240 2207 1312 'Uvisigardem
2234 1241 2604 1312 desponsatam
2635 1243 2871 1308 haberet,
2920 1252 2976 1297 et
3029 1258 3143 1298 eam
3202 1252 3420 1311 promer

1839 1331 2142 1387 Deuteriam
2158 1332 2400 1400 accipere
2417 1332 2598 1393 nollet.
2616 1333 2881 1395 coniuncti
2900 1331 3089 1386 Franci
3102 1341 3279 1386 contra
3294 1346 3416 1385 eum

1838 1422 1994 1476 valde
2030 1422 2555 1489 scandalizabantur,
2588 1437 2751 1491 quare
2788 1437 3036 1487 sponsam
3075 1436 3225 1474 suam
3256 1421 3420 1475 relin-

1837 1522 2043 1582 queret.
2092 1513 2247 1567 Tunc
2284 1520 2612 1576 commotus,
2666 1512 2847 1565 relicta
2898 1511 3163 1579 Deuteria,
3205 1512 3270 1565 de
3313 1526 3416 1581 qua

1839 1605 2113 1672 parvulum
2156 1604 2327 1658 lilium
2367 1603 2624 1670 habebat,
2654 1603 3087 1657 Theodobaldum
3120 1612 3145 1648 Β
3183 1603 3418 1669 nomine,

172 1688 389 1755 graviter
414 1700 696 1759 :egrotare,
721 1701 772 1744 et
805 1691 870 1744 ad
893 1706 1049 1759 quem
1083 1690 1184 1745 nisi
1215 1690 1450 1744 velocius
1481 1704 1736 1758 propera-
1770 1703 1814 1762 Β
1842 1694 2209 1765 Uvisigardem
2252 1694 2403 1748 duxit
2442 1708 2682 1751 uxorem.
2730 1694 2900 1756 Quam
2942 1707 3041 1747 nec
3083 1693 3252 1747 multo
3285 1704 3419 1748 tem-

174 1792 267 1847 ret,
298 1793 355 1837 ut
378 1799 496 1839 eum
528 1784 795 1841 inveniret
822 1786 1025 1852 vivum,
1063 1801 1095 1840 a
1125 1784 1324 1855 patruis
1352 1785 1463 1839 suis
1490 1783 1737 1838 exclude-

176 1888 330 1941 retur,
357 1889 408 1933 et
434 1879 569 1933 ultra
611 1879 735 1934 illuc
775 1892 879 1933 non
918 1880 1137 1934 rediret.
1183 1879 1250 1932 At
1290 1878 1379 1933 ille
1407 1877 1490 1931 liis
1521 1877 1736 1943 auditis,

177 1967 368 2020 cunctis
412 1968 718 2036 postpositis
764 1968 893 2023 illuc
934 1968 1153 2038 dirigit,
1185 1968 1432 2023 Deuteria
1464 1982 1589 2023 cum
1633 1967 1738 2021 filia

178 2068 266 2107 sua
296 2058 545 2111 Arvernis
575 2058 783 2113 relicta.
833 2057 1073 2126 Cumque
1100 2057 1342 2121 abiisset,
1375 2056 1740 2111 Theudericus

178 2160 278 2199 non
308 2158 419 2216 post
455 2147 652 2203 multos
680 2148 796 2202 dies
832 2148 966 2201 obiit
998 2148 1254 2203 vicesimo
1287 2148 1442 2202 tertio
1485 2146 1628 2214 regni
1658 2144 1740 2201 sui

178 2252 332 2293 anno.
374 2240 773 2311 Consurgeutes
802 2250 979 2295 autem
1008 2240 1381 2295 Childcbertus
1409 2250 1464 2295 et
1487 2237 1743 2293 Chlotha-

180 2329 381 2385 charius
406 2342 592 2387 eontra
620 2326 1074 2397 'llieudcbertutn,
1111 2347 1331 2402 regnum
1375 2332 1492 2401 ejus
1531 2332 1741 2389 auferre

181 2422 459 2477 voluerunt.
499 2422 608 2478 Sed
648 2423 737 2476 ille
765 2424 1074 2477 muneribus
1104 2423 1323 2491 placatis
1356 2433 1405 2487 ε,
1437 2437 1467 2475 a
1499 2422 1742 2479 leudibus

181 2515 281 2568 suis
307 2514 614 2570 defensatus
652 2523 764 2578 est,
802 2524 856 2570 et
897 2516 947 2569 in
990 2530 1157 2585 regno
1192 2515 1479 2570 stabilitas.
1529 2514 1742 2571 Mittens

182 2616 353 2668 postea
372 2607 691 2671 Arvernum,
718 2606 1019 2662 Deuteriam
1042 2607 1233 2662 exinde
1261 2606 1563 2672 accersivit,
1596 2621 1742 2662 eam-

180 2712 277 2762 que
302 2698 397 2751 sibi
422 2698 772 2773 matrimonio.
792 2699 1038 2753 sociavit.

248 2788 427 2844 XXIV.
465 2790 667 2845 Videns
708 2799 887 2845 autem
918 2789 1319 2852 Cbildebertusg
1349 2789 1487 2859 quod
1524 2788 1574 2843 ei
1606 2803 1743 2858 prie-

181 2879 348 2933 valere
391 2895 496 2934 non
538 2880 821 2950 potuisset,
862 2879 1182 2948 legationem
1222 2880 1287 2931 ad
1326 2893 1449 2933 eum
1495 2877 1657 2943 misit,
1688 2884 1744 2932 et

178 2970 237 3023 ad
271 2985 333 3026 se
361 2973 542 3027 venire
571 2973 844 3042 praecepit,
873 2972 1056 3027 dicens
1081 2989 1095 3025 :
1129 2971 1295 3025 Filios
1335 2988 1438 3024 non
1465 2971 1658 3041 habeo,
1690 2980 1741 3026 te

1842 1801 1971 1856 pore
2002 1788 2222 1849 habens,
2253 1785 2498 1841 defuncta
2532 1786 2642 1850 illa,
2672 1785 2831 1837 aliam
2861 1784 3084 1852 accepit.
3140 1783 3418 1838 Verumta-

1841 1894 1961 1933 men
1990 1878 2289 1932 Deuteriam
2321 1878 2457 1931 ultra
2490 1893 2594 1931 non
2626 1878 2827 1933 habuit.

1912 1968 2147 2023 XXVIII.
2221 1967 2595 2023 Cbildebertus
2655 1975 2829 2020 autem
2896 1973 2950 2019 et
3010 1964 3418 2021 Theudebertus

1841 2071 2238 2117 commoventes
2274 2063 2595 2125 exercitum,
2626 2068 2810 2114 contra
2840 2057 3306 2113 Chlothacharium
3338 2059 3417 2114 ire

1841 2153 2148 2223 disponunt.
2187 2154 2283 2208 Ille
2320 2162 2495 2206 autem
2525 2152 2640 2207 haec
2667 2151 2908 2216 audiens,
2930 2152 3202 2205 mstimans
3229 2165 3290 2206 se
3321 2151 3417 2205 ho-

1842 2260 1959 2300 rum
1992 2246 2281 2299 exercitum
2308 2245 2574 2298 sustinere
2596 2258 2700 2296 non
2728 2256 2902 2308 posse,
2934 2241 2987 2294 in
3018 2242 3201 2295 silvam
3230 2240 3417 2295 confu-

1840 2337 1915 2406 git
1949 2333 1999 2399 h,
2032 2344 2087 2389 et
2118 2334 2369 2388 coneides
2407 2346 2623 2402 magnas
2661 2332 2711 2385 in
2743 2332 2893 2385 silvis
2922 2331 3025 2385 illis
3056 2331 3196 2393 fecit,
3227 2340 3418 2385 totam-

1841 2440 1946 2493 que
1972 2440 2119 2492 spem
2146 2438 2294 2478 suam
2321 2422 2373 2477 in
2406 2423 2497 2477 Dei
2523 2423 2772 2492 pietatem
2807 2420 3200 2476 transfundens.
3232 2419 3335 2476 Sed
3362 2427 3418 2475 et

1842 2516 2231 2573 Clirotecliildis
2260 2517 2439 2587 regina
2473 2515 2586 2571 haec
2614 2514 2833 2569 audiens
2853 2554 2869 2578 ,
2902 2514 3040 2567 beati
3074 2512 3287 2567 Martini
3330 2527 3417 2567 se-

1843 2612 2083 2679 pulcrum
2133 2610 2286 2677 adiit,
2335 2610 2516 2679 ibique
2572 2609 2625 2662 in
2674 2608 2917 2662 oratione
2966 2604 3335 2674 prosternitur,
3361 2612 3417 2659 et

1842 2710 1955 2757 tota
1998 2710 2157 2756 nocte
2202 2701 2406 2769 vigilat,
2448 2712 2606 2754 orans
2652 2713 2719 2753 ne
2755 2698 2909 2768 130
2936 2697 3073 2752 inter
3110 2696 3248 2751 ﬁlios
3290 2711 3419 2750 suos

1841 2793 2037 2848 bellum
2068 2792 2220 2846 civile
2247 2799 2609 2858 consurgeret.
2640 2789 2879 2859 Cumque
2908 2788 2960 2842 hi
2990 2788 3268 2843 venientes
3287 2802 3417 2844 cum

1842 2885 2161 2941 exercitibus
2187 2887 2296 2938 suis
2327 2899 2446 2938 cum
2475 2883 2802 2945 obsiderent,
2835 2891 3122 2937 tractantes
3152 2881 3298 2936 illum
3329 2882 3417 2936 die

1842 2979 2082 3048 sequenti
2125 2978 2442 3039 interficere.
2486 2991 2640 3031 mane
2682 2977 2841 3041 facto,
2879 2978 2930 3030 in
2980 2975 3095 3029 loco
3121 2990 3226 3044 qtto
3263 2983 3417 3030 erant

177 3071 415 3132 Unquam
486 3065 655 3120 ﬁlium
703 3065 901 3119 habere
948 3064 1214 3119 desidero.
1286 3064 1403 3130 Quo
1470 3064 1739 3129 veniente.
1772 3068 1817 3130 C
1846 3069 2152 3139 congregati
2192 3078 2306 3123 orta
2338 3076 2625 3135 tempestas
2663 3066 2893 3120 tentoria
2926 3064 3146 3133 disjicit,
3176 3078 3262 3119 res
3289 3063 3418 3118 diri-

179 3159 331 3211 Iantis
368 3174 488 3212 eum
524 3158 840 3212 muneribus
868 3156 1077 3223 ditavit,
1107 3167 1165 3212 ut
1203 3157 1270 3210 ab
1299 3156 1545 3209 omnibus
1573 3155 1737 3208 mira-

176 3257 336 3306 retur.
376 3250 502 3304 Nam
544 3251 611 3304 de
650 3250 811 3306 rebus
838 3250 1020 3316 bonis,
1053 3258 1161 3303 tam
1201 3248 1269 3304 de
1298 3249 1460 3302 armis
1487 3264 1644 3318 quam
1673 3248 1740 3302 de

175 3339 423 3405 vestibus,
448 3340 533 3394 vel
565 3342 786 3409 reliquis
814 3341 1163 3405 ornamentis,
1188 3354 1305 3408 qua:
1336 3354 1511 3408 regem
1546 3338 1741 3392 habere

176 3426 339 3493 decet,
382 3441 528 3485 terna
581 3431 630 3485 ei
676 3429 823 3498 paria
875 3428 1234 3493 condonavit;
1284 3427 1531 3481 similiter
1574 3436 1627 3481 et
1674 3426 1743 3481 de

175 3521 423 3587 equitibus
468 3532 631 3588 atque
681 3521 872 3573 Latinis
911 3520 960 3572 ά.
1004 3519 1126 3573 Ηωο
1151 3517 1369 3571 audiens
1401 3515 1655 3570 Givaldus
1688 3523 1738 3581 ⁸,

177 3612 305 3679 quod
341 3612 540 3667 scilicet
566 3611 972 3666 Theudebertus
1003 3608 1161 3681 [29
1192 3622 1412 3677 regnum
1457 3608 1621 3675 patris
1649 3606 1743 3660 ob-

180 3700 496 3768 tinuissct,ad
521 3717 643 3756 eum
660 3701 727 3756 de
749 3700 892 3754 Italia
913 3699 1086 3755 rediit.
1115 3699 1211 3753 Cui
1265 3699 1356 3752 ille
1401 3695 1744 3766 congaudens

178 3806 234 3843 ac
254 3794 589 3858 deosculans,
621 3793 829 3847 tertiam
863 3800 1063 3860 partem
1091 3789 1141 3844 ei
1179 3790 1247 3843 de
1281 3788 1596 3843 muneribus
1625 3801 1743 3855 quae

179 3899 201 3933 ε
241 3896 420 3950 patruo
458 3893 763 3954 acceperat,
814 3893 899 3939 est
932 3884 1191 3951 largitus;
1232 3889 1287 3935 et
1328 3880 1505 3933 omnia
1543 3893 1663 3949 quae
1690 3879 1742 3932 in

183 3977 302 4031 ἥκω
335 3994 457 4035 suus
499 3988 655 4047 pater
690 3985 940 4045 posuerat
980 3974 1047 4031 de
1089 3974 1249 4030 rebus
1284 3971 1539 4042 Sigivaldi
1581 3971 1744 4040 patris

184 4064 308 4133 ejus,
331 4069 423 4137 ipsi
447 4070 597 4125 reddi
626 4068 896 4136 praecpit.

247 4157 403 4217 XXV.
430 4163 498 4214 At
536 4161 629 4215 ille
657 4160 708 4212 in
740 4173 903 4227 regno
933 4157 1192 4222 firmatus,
1225 4169 1474 4226 magnum
1504 4168 1564 4210 se
1588 4162 1745 4223 atque

188 4259 232 4298 in
275 4249 415 4303 omni
466 4249 705 4302 bonitate
750 4248 1074 4317 prmeipuum
1118 4244 1369 4301 reddidit.
1434 4245 1559 4298 Erat
1603 4246 1743 4298 enim

190 4352 384 4406 regnum
426 4355 548 4396 cum
592 4340 796 4409 justitia
844 4352 1057 4409 regens,
1107 4336 1416 4392 sacerdotes
1458 4348 1743 4402 venerans,

191 4429 421 4484 ecclesias
475 4443 801 4494 munerans,
851 4440 1113 4497 pauperes
1164 4424 1431 4490 relevans,
1478 4435 1531 4478 et
1584 4424 1745 4479 multa
1776 4419 2058 4481 Dsunitus
2122 4417 2340 4473 touitrui
2386 4426 2470 4471 est
2514 4416 2723 4469 auditus
2770 4430 2783 4468 :

251 4589 275 4617 ⁸
306 4580 459 4636 Gorb.
489 4591 543 4634 et
568 4579 793 4644 Bellov.,
819 4576 1159 4647 Sigivafdum.
1183 4575 1401 4645 Regm.,
1425 4573 1746 4630 Gifvaldum.

257 4648 281 4688 ³
311 4650 435 4705 Cod.
466 4651 653 4711 Curh.,
691 4648 917 4711 Italiam,
947 4647 1086 4715 quod
1118 4647 1258 4701 idem
1291 4653 1394 4699 est.

260 4730 278 4757 ε
314 4721 519 4789 Regm.,
547 4720 650 4771 illis
672 4717 1198 4789 muneribuspacatis.
1233 4715 1332 4768 Ed.
1355 4725 1409 4768 et
1438 4728 1589 4777 mss.,
1614 4728 1749 4783 pra:-

202 4796 265 4838 Ier
288 4786 438 4845 Corb.
468 4801 522 4844 et
548 4791 706 4854 Bell.,
740 4788 939 4841 habent
960 4786 1232 4839 Leodibus.

258 4856 280 4895 δ
305 4858 395 4912 Ms.
439 4861 493 4925 I,
526 4851 735 4912 catenis.
786 4857 909 4919 Ed.,
940 4856 1079 4922 equis
1105 4866 1152 4909 et
1179 4854 1387 4908 catenis.
1424 4852 1572 4906 Unde
1595 4851 1753 4925 Vale-

204 4928 290 4981 sius
314 4923 616 4984 catenarum
645 4930 860 4982 nomine
889 4926 1156 4996 designari
1185 4933 1336 4993 putat
1362 4930 1604 4988 torques,
1636 4923 1751 4996 qui:

207 4999 298 5063 lius,
322 5009 450 5054 teste
475 4999 636 5054 Floro
660 5000 863 5051 Annaeo
891 4996 981 5049 lib.
1006 4991 1078 5061 iv,
1108 4991 1408 5049 Germania:
1436 5005 1621 5063 gentes
1650 4991 1750 5063 sibi

206 5061 311 5120 culta
334 5070 593 5125 adornare
616 5069 883 5122 solebant.
918 5068 1053 5120 Mor.
1100 5079 1148 5119 s.
1187 5064 1438 5132 explicat,
1469 5062 1669 5125 catinis,
1698 5061 1753 5114 id

206 5149 259 5189 at
285 5141 422 5193 vasis.

263 5219 279 5243 ε
316 5211 439 5263 I'-ell.
467 5216 526 5262 ut
554 5222 736 5277 supra,
768 5204 1088 5276 Sigivaldus.

265 5278 278 5313 ί
319 5279 442 5333 Vide
479 5269 758 5347 epistolam
789 5269 1063 5347 Aiireliani
1095 5274 1264 5347 episc.
1297 5271 1497 5325 Arelat.
1532 5269 1747 5347 adcum

205 5352 443 5416 srriptam.
476 5341 612 5418 infra
642 5349 694 5401 in
721 5346 1065 5418 Appendice,
1096 5356 1149 5397 et
1178 5343 1526 5418 Fortunalum
1568 5341 1745 5418 lib_."Il,

204 5410 337 5472 carui.
372 5418 455 5472 12.
489 5417 710 5487 Magnus
746 5410 1342 5487 alburioiAventii-eusi
1389 5410 1555 5487 episc.
1601 5410 1748 5487 aliis:

204 5503 283 5553 que
304 5478 605 5541 auctoribus
632 5490 808 5541 dictus
835 5494 941 5538 est.
964 5486 1127 5537 Tanta
1158 5491 1334 5553 autem
1363 5492 1478 5553 erat
1506 5478 1746 5553 ci__animi

205 5546 498 5627 tiiagnitridu,
533 5566 587 5611 ut
615 5554 1067 5627 Justitiiauiilnp.
1095 5567 1217 5627 sese
1342 5550 1506 5627 Iitulis
1536 5546 1750 5627 (franci-

204 5621 309 5691 cuui,
328 5621 732 5692 quasi'Fraucos
752 5625 1066 5684 devicisset.
1095 5621 1434 5677 inscribentis
1463 5621 1749 5672 vanitatem

1840 3160 1937 3228 pit,
1979 3166 2033 3213 et
2074 3166 2264 3213 cuncta
2314 3158 2608 3222 subvertit;
2654 3156 3001 3224 immixtaque
3042 3154 3244 3223 fulgura
3293 3171 3417 3209 cum

1842 3249 2091 3303 tonitruis
2137 3263 2200 3303 ac
2249 3249 2510 3318 lapidibus
2557 3262 2717 3316 super
2763 3262 2857 3301 eos
2899 3245 3252 3301 descendunt.
3310 3245 3416 3314 Ipsi

1840 3353 2051 3408 quoque
2094 3353 2254 3405 super
2294 3339 2540 3392 infectam
2581 3337 2841 3407 grandine
2883 3336 3098 3390 humum
3144 3337 3195 3390 in
3226 3335 3416 3391 faciem

1844 3433 2123 3494 proruunt,
2154 3433 2208 3480 et
2227 3440 2255 3479 a
2288 3425 2550 3493 lapidibus
2579 3424 3020 3479 descendentibus
3046 3424 3273 3494 graviter
3297 3439 3421 3477 ver-

1842 3517 2096 3571 berantur
2123 3534 2136 3569 :
2163 3516 2362 3569 nullum
2394 3516 2535 3569 enim
2559 3515 2637 3569 eis
2669 3523 2910 3583 tegumen
2940 3523 3290 3578 remanserat,
3317 3511 3419 3567 nisi

1841 3621 2041 3675 parma:
2084 3614 2309 3671 tantum,
2340 3607 2440 3660 hoc
2479 3606 2708 3660 maxime
2736 3612 3031 3659 metuentes
3072 3618 3137 3657 ne
3165 3603 3233 3655 ab
3281 3602 3420 3672 igni-

1844 3696 1942 3751 bus
1962 3695 2268 3750 coelestibus
2292 3705 2675 3749 cremarentur.
2714 3694 2815 3746 Sed
2837 3702 2895 3747 et
2920 3693 3122 3760 equites
3145 3690 3250 3761 [AL
3273 3688 3419 3760 equi]

1845 3801 2031 3842 eorum
2077 3785 2147 3839 ita
2176 3784 2404 3853 dispersi
2445 3794 2590 3850 sunt,
2627 3792 2683 3836 ut
2711 3783 2799 3836 vix
2840 3782 2894 3836 in
2937 3780 3188 3835 vicesimo
3212 3795 3423 3849 quoque

1845 3876 2205 3944 reperirentur
2246 3872 2450 3937 stadio;
2482 3872 2633 3925 multi
2671 3872 2812 3925 enim
2855 3884 3071 3939 prorsus
3100 3883 3165 3923 ex
3208 3871 3285 3922 eis
3316 3884 3423 3923 non

1848 3973 1974 4020 sunt
2003 3961 2224 4017 inventi.
2255 3962 2405 4016 Tunc
2434 3961 2532 4023 illi,
2565 3970 2620 4013 ut
2640 3959 2892 4023 diximus,
2925 3974 2954 4012 a
2986 3958 3246 4025 lapidibus
3273 3958 3429 4025 sicsi,

1849 4064 1905 4111 et
1947 4056 2108 4109 humo
2139 4054 2412 4122 prostrati,
2460 4050 2819 4119 pmnitentiam
2866 4051 3113 4118 agebant,
3140 4063 3204 4104 ac
3235 4062 3425 4117 preca-

1846 4145 2041 4199 bantur
2090 4143 2303 4197 veniam
2350 4157 2378 4194 a
2412 4141 2540 4205 Dco,
2568 4139 2708 4208 quod
2750 4141 2847 4193 ista
2878 4151 3064 4193 contra
3108 4138 3423 4206 sanguinein

1849 4254 2002 4293 suum
2035 4251 2194 4307 agere
2231 4233 2540 4290 voluissent.
2586 4233 2758 4301 Super
2778 4230 3247 4284 Clilothacharium
3295 4244 3425 4283 vero

1849 4345 2022 4400 neque
2065 4342 2171 4383 una
2200 4328 2412 4397 quidem
2441 4326 2629 4397 pluvia:
2653 4334 2799 4393 gutta
2823 4322 3043 4387 decidit,
3092 4329 3184 4376 aut
3226 4320 3423 4391 aliquis

2832 4413 2933 4468 sed
2983 4425 3083 4467 nec
3127 4412 3421 4466 anhelitum

1858 4576 1999 4629 ferre
2025 4586 2133 4626 non
2162 4570 2366 4635 valens,
2404 4568 2796 4636 expeditionem
2834 4567 3101 4637 paraverit
3149 4568 3199 4622 in
3243 4568 3428 4623 Orien-

1860 4655 1989 4706 tem,
2022 4654 2075 4694 ttt
2103 4642 2384 4709 subjugan
2412 4640 2651 4707 impr-rio,
2703 4640 2861 4707 regite
2890 4641 3033 4693 urbis
3057 4637 3429 4693 Conatantino-

1852 4715 1986 4782 polis
2033 4714 2423 4779 expugnatione
2460 4711 2634 4777 gentis
2673 4710 3423 4782 sineiniuriamvindicaret.

1852 4778 1954 4837 Sed
1997 4778 2514 4848 mor’teprzeveutus,
2566 4796 2677 4832 rem
2733 4781 2979 4833 infectam
3029 4778 3261 4845 reliquit.
3306 4780 3429 4831 Ilaec

1853 4852 2017 4906 refert
2043 4852 2295 4916 Agulhias
2327 4852 2418 4903 lib.
2446 4866 2462 4903 ι
2487 4850 2752 4912 Historiae,
2782 4864 2964 4903 :ttICIOI‘
2983 4849 3118 4903 Gram
3138 4864 3199 4901 us
3219 4849 3427 4901 illorum

1855 4930 2172 4987 temporum.

1935 4986 1978 5037 si
2002 4988 2088 5042 Sic
2115 4987 2248 5042 Bell.
2275 4996 2329 5042 et
2355 4988 2540 5050 Corb.,
2571 4990 2682 5052 alii,
2709 4986 3142 5040 Theodovaldum.

1934 5058 1963 5094 ιι
2005 5056 2160 5112 Silvae
2205 5074 2398 5110 nomen
2442 5060 2620 5111 retulit
2661 5070 2845 5110 auctor
2880 5058 2966 5122 qui
3011 5053 3168 5106 Gesta
3201 5052 3429 5107 Franco-

1858 5141 1975 5181 rum
2024 5126 2238 5193 scripsit
2284 5127 2384 5179 sub
2422 5127 2755 5180 Theoduricn
2797 5126 3053 5191 principe,
3084 5124 3167 5175 his
3214 5122 3430 5178 verbis:

1858 5195 1923 5250 In
1969 5198 2149 5248 silvam
2186 5198 2411 5264 confregit
2459 5198 2513 5249 in
2546 5199 2835 5257 Arclauno,
2886 5194 3098 5259 fecitque
3162 5193 3429 5249 rombros:

1858 5266 1942 5320 tibi
1992 5267 2192 5333 aliquot
2238 5266 2364 5317 editi
2406 5275 2459 5319 et
2497 5264 2680 5332 scripti
2728 5280 2820 5327 pro
2853 5264 3128 5333 Arelauno,
3179 5264 3435 5333 mendose

1857 5336 2051 5388 habent
2084 5330 2373 5401 Aut-iliano,
2410 5334 2549 5403 quod
2600 5330 2649 5386 in
2690 5349 2924 5386 errorem
2970 5330 3197 5403 coniecit
3237 5332 3436 5386 Ainioi-

1855 5420 2006 5468 num,
2039 5409 2123 5472 qui
2153 5407 2402 5469 combros,
2429 5400 2483 5457 id
2516 5415 2596 5457 est
2623 5404 2869 5456 arborum
2901 5404 2951 5453 in
2981 5400 3128 5455 silvis
3153 5404 3434 5459 concedes

1857 5475 2057 5538 putavit
2092 5489 2210 5527 esse
2250 5475 2346 5528 vici
2393 5475 2615 5539 alicujus
2644 5487 2835 5526 nomen
2868 5473 2983 5541 pagi
3012 5473 3434 5528 Aurelianensis.

1857 5545 1930 5669 Bc
1952 5546 2086 5667 sdultu
2111 5548 2372 5625 lli-clauim
2398 5546 2607 5599 dicetur
2636 5543 2791 5611 infra,
2815 5547 2881 5597 ad
2905 5552 3067 5613 caput
3091 5543 3160 5597 24
3182 5544 3435 5599 Cbruuici

1904 5632 1956 5668 rc
2000 5629 2184 5669 etiarn.
3384 5648 3389 5657 .

1887 5615 2159 5684 'rcdegarii
2172 5656 2184 5669 .
3384 5648 3389 5657 .

3450 519 3470 627 l

3455 688 3471 755 ἕ
