3994 6194
171 230 271 284 ιὶῦὅ

1093 232 1410 289 HISTORIA
1455 233 1898 291 FRANCOBUM.
1942 238 2143 294 LIBER
2181 240 2492 299 TERTIUS.

3303 247 3411 304 266

175 348 361 403 includi
391 347 665 415 pmcepit.
698 344 827 413 Qua-
855 361 951 400 nec
978 361 1147 411 mora,
1176 348 1317 401 inter
1340 346 1537 401 arduos
1579 362 1740 414 vapo-
1767 350 1817 409 Α
1846 363 1974 418 gens
1994 394 2008 416 ,
2039 352 2148 420 regi
2181 354 2493 408 transmisit.
2525 353 2706 425 Magna
2736 352 2876 410 enim
2908 356 2955 411 ei
2987 355 3211 412 felicitas
3240 361 3290 414 itt
3324 361 3405 417 his

176 455 258 494 res
300 439 559 507 ingressa,
608 440 659 492 in
710 433 1014 506 pavimento
1046 439 1196 509 133
1226 454 1506 503 corruens,
1535 448 1739 493 mortua

178 539 327 597 atque
368 538 683 597 consumpta
720 540 823 582 est.
874 528 1025 595 Quod
1067 538 1453 596 cognoscentes
1497 529 1551 582 hi
1593 544 1743 599 reges

180 619 531 674 Cbildebertus
555 628 610 673 et
634 617 1084 673 Chlotltacharius
1126 619 1434 673 consobrini
1475 618 1614 689 ejus,
1644 636 1743 675 nec

182 725 274 763 nou
308 717 358 762 et
384 709 810 772 'I‘lteudebertus,
842 708 983 776 quod
1010 709 1219 763 scilicet
1250 719 1355 761 tam
1402 711 1537 778 turpi
1584 709 1742 764 fuerit

182 801 431 857 inteﬂecta
456 801 753 869 supplicio,
801 799 865 852 ad
900 799 939 852 Τ
946 799 1240 854 Iteodadum
1272 799 1590 871 legationem
1614 802 1742 855 diri-

182 906 315 964 gunt,
340 896 721 962 exprobrantes
746 893 814 948 de
845 902 1018 948 morte
1045 892 1184 962 ejus,
1212 903 1373 963 atque
1398 894 1738 949 dicentes:Si

185 988 285 1040 haec
310 1001 421 1053 quae
450 986 605 1055 egisti
637 985 915 1040 nobiscum
958 1000 1063 1037 non
1105 984 1490 1053 composueris,
1518 999 1737 1055 regnum

184 1084 313 1128 tuum
330 1074 650 1136 auferemus,
672 1085 723 1128 et
744 1073 907 1128 simili
930 1089 1083 1141 paena
1104 1082 1154 1126 te
1175 1073 1566 1127 damnabimus.
1591 1074 1741 1130 Tunc

183 1166 261 1221 ille
284 1168 482 1228 timens,
510 1165 883 1235 quinquagena
913 1165 993 1219 eis
1024 1164 1185 1217 millia
1234 1178 1518 1218 aureorum
1562 1173 1738 1219 trans-

186 1258 384 1310 tnisit'.
412 1256 788 1310 Clnldehertus
817 1265 1018 1319 autem,
1061 1265 1116 1308 ut
1146 1265 1257 1309 erat
1298 1270 1511 1324 semper
1553 1266 1736 1309 contra

183 1348 624 1403 Cltlotliaeharfum
658 1363 836 1415 regem
886 1347 1099 1401 invidus
1130 1359 1288 1416 atque
1318 1356 1584 1412 versutus,
1616 1362 1737 1402 cum

185 1441 532 1496 'Iheudeberto
577 1450 771 1505 nepote
798 1454 897 1493 suo
924 1437 1262 1508 conjunctus,
1294 1438 1465 1491 diviso
1511 1437 1652 1493 inter
1679 1452 1739 1494 se

187 1534 275 1589 hoc
297 1549 445 1600 auro,
488 1536 618 1588 nihil
652 1532 855 1587 exinde
897 1533 1026 1587 dare
1054 1533 1165 1600 regi
1195 1529 1618 1585 Chlothachario
1644 1547 1737 1584 vo-

188 1626 394 1681 luerunt.
440 1632 508 1682 At
553 1627 645 1681 ille
686 1640 849 1694 super
899 1624 1179 1679 thesauros
1221 1622 1594 1678 Chlodomeris
1640 1639 1730 1697 ag-

1846 443 2243 496 coutliliouillus
2274 444 2390 498 fuit.

1918 531 2155 587 XXXIII.
2199 535 2495 588 Asteriolus
2528 533 2546 572 '
2582 544 2707 589 tunc
2744 522 2800 590 et
2846 534 3182 593 Secundinus
3230 555 3407 607 magni

1844 637 1963 676 cum
1989 641 2110 693 rege
2136 625 2483 680 habebantur.
2508 626 2631 681 Erat
2654 640 2828 682 autem
2854 639 3074 696 uterque
3098 630 3330 697 sapiens,
3353 642 3409 688 et

1844 715 2129 771 rhetoricis
2159 717 2391 771 imbutus
2419 717 2628 772 litteris.
2670 717 2775 773 Sed
2809 720 3143 774 Secundinus
3175 722 3408 786 plerum-

1843 821 1949 874 que
1986 807 2307 877 legationem
2346 807 2653 875 imperatori
2684 825 2711 861 a
2741 824 2862 878 rege
2892 810 3083 864 missus
3108 810 3313 879 intulit,
3352 823 3407 866 et

1842 896 1913 950 ob
1952 896 2054 951 hoc
2087 897 2397 967 iactantiam
2438 907 2779 967 sumpserat,
2820 915 2883 954 ac
2922 902 3183 956 nonnulla
3217 914 3405 957 contra

1841 987 2103 1043 rationem
2133 989 2433 1043 excreebat.
2466 989 2578 1056 Qua
2608 991 2675 1046 de
2703 1008 2860 1046 causa
2893 992 3086 1049 factum
3116 1005 3217 1063 est,
3246 1004 3303 1051 ut
3322 997 3405 1052 iu-

1843 1089 1926 1133 ter
1981 1079 2129 1133 illum
2169 1089 2327 1150 atque
2366 1080 2688 1136 Asteriolum
2730 1083 2796 1138 lis
2832 1100 2972 1139 szcva
3011 1098 3356 1158 consurgeret
3385 1104 3406 1145 :

1841 1183 1960 1238 quae
2012 1185 2180 1237 USqtle
2225 1172 2290 1225 ad
2343 1171 2443 1225 ltoc
2493 1172 2759 1240 proiecit,
2800 1174 3078 1229 ut-oblitis
3118 1179 3403 1234 verborum

1841 1261 2232 1332 olijecliouibus
2259 1266 2484 1335 propriis
2506 1281 2564 1321 se
2590 1267 2834 1322 manibus
2859 1269 3153 1326 lacerarent
3177 1280 3222 1326 ε.
3246 1271 3405 1327 Cum-

1839 1372 1943 1427 que
1985 1359 2099 1413 ltzec
2137 1376 2233 1430 per
2263 1376 2441 1431 regem
2473 1361 2743 1431 paciﬁcata
2774 1361 3035 1431 fuissent,
3066 1376 3117 1419 et
3142 1364 3406 1420 Secundi-

1839 1463 1940 1503 nus
1968 1448 2140 1504 adbuc
2168 1449 2237 1504 de
2266 1465 2357 1504 sua
2387 1452 2535 1507 cmde
2561 1461 2795 1507 tumeret
2816 1450 2863 1520 ιι,
2895 1461 3015 1507 nata
3045 1463 3126 1508 est
3155 1457 3291 1510 inter
3314 1471 3405 1512 eos

1839 1555 2054 1594 rursum
2095 1540 2321 1597 intentio
2359 1540 2479 1615 [AL
2504 1543 2832 1615 contentio].
2877 1546 2940 1599 Et
2981 1562 3073 1600 rex
3111 1548 3404 1616 suscipiens

1839 1631 2131 1687 Secundini
2171 1649 2388 1689 causam
2417 1676 2431 1700 ,
2471 1635 2796 1691 Asteriolum
2837 1639 2890 1692 in
2928 1638 3046 1708 ejus
3085 1647 3403 1707 potestatem

188 1735 395 1789 gressus,
427 1721 653 1775 multum
685 1718 794 1774 illis
819 1719 1049 1789 amplius
1075 1733 1232 1788 quam
1265 1718 1316 1771 hi
1344 1718 1739 1785 l'raudaverant,
1773 1716 1819 1775 B
1847 1724 2072 1780 dedidit.
2106 1726 2205 1793 Qui
2236 1726 2387 1781 valde
2418 1727 2726 1783 humiliatus
2753 1739 2837 1784 est
2859 1772 2874 1790 .
2904 1732 3048 1786 etab
3080 1732 3281 1789 honore
3310 1733 3407 1788 de—

190 1809 405 1865 abstulit.

251 1899 443 1955 XXXII.
482 1899 895 1955 Tlieudebertus
939 1914 1068 1955 vero
1108 1900 1159 1954 in
1198 1898 1401 1954 Italiam
1440 1900 1574 1956 abiit
1600 1898 1651 1967 δ,
1682 1909 1739 1956 et

193 1994 355 2049 exinde
382 1993 602 2048 multum
628 1993 937 2061 acquisivit.
970 1993 1072 2047 Sed
1102 1994 1224 2063 quia
1254 1995 1369 2047 loca
1402 1993 1517 2059 illa,
1548 2004 1604 2048 ut
1632 1995 1735 2050 Ier-

198 2095 281 2143 tur.
310 2085 541 2139 morbida
585 2095 747 2147 sunt,
792 2086 1064 2139 exercitus
1091 2084 1206 2154 ejus
1234 2084 1287 2138 in
1318 2085 1545 2140 diversis
1575 2084 1738 2141 febri-

197 2177 278 2229 lius
310 2192 563 2232 corruens
583 2218 599 2241 ,
635 2178 955 2231 vexabatur.
994 2177 1141 2231 Multi
1170 2178 1314 2232 enim
1344 2194 1411 2233 ex
1442 2179 1525 2233 his
1550 2179 1601 2233 in
1632 2179 1737 2234 illis

194 2268 302 2321 locis
329 2269 517 2323 mortui
551 2280 700 2323 sunt.
731 2267 883 2333 Quod
910 2268 1097 2322 videns
1126 2268 1548 2332 Theudcbertus.
1578 2284 1642 2326 ex
1673 2285 1737 2326 ea

193 2373 410 2416 reversus
438 2370 552 2422 est.
582 2360 744 2414 multa
776 2374 958 2414 secum
988 2360 1154 2429 spolia
1187 2360 1301 2428 ipse
1320 2402 1335 2426 ,
1369 2361 1453 2416 vel
1483 2364 1562 2415 sui
1590 2362 1737 2417 defe-

190 2461 344 2507 rentes
370 2467 386 2517 ;
423 2453 622 2506 dicitur
653 2461 831 2504 tamen
862 2461 987 2506 tunc
1018 2452 1272 2520 temporis
1303 2468 1468 2521 usque
1495 2452 1735 2507 Ticinum

189 2546 445 2599 accessisse
479 2545 777 2612 civitatem,
816 2544 869 2598 in
907 2560 1012 2612 qua
1050 2543 1416 2599 Buccellinum
1462 2555 1484 2583 ο
1526 2560 1735 2599 rursum

188 2634 379 2691 direxit.
419 2638 516 2703 Qui
548 2638 756 2690 minore
786 2636 872 2690 illa
905 2635 1050 2689 Italia
1081 2631 1108 2673 ά
1134 2648 1289 2704 capta
1315 2677 1329 2701 ,
1371 2647 1529 2707 atque
1568 2638 1620 2691 in
1658 2638 1737 2692 di-

189 2728 363 2782 tionem
405 2730 545 2797 regis
584 2728 843 2784 antedicti
874 2728 1086 2783 redacta
1114 2772 1128 2796 ,
1173 2731 1428 2797 majorem
1463 2732 1652 2799 petiit:
1684 2732 1734 2786 in

185 2834 273 2883 qua
308 2830 486 2873 contra
530 2806 897 2874 Iiellissarium
934 2829 958 2858 ε
990 2821 1171 2876 multis
1210 2822 1413 2877 vicibus
1453 2839 1692 2895 pugnans
1719 2865 1736 2892 ,

183 2910 430 2964 victoriam
461 2912 711 2965 obtinuit.
737 2912 973 2979 Cumque
1001 2912 1289 2979 imperator
1311 2915 1552 2982 vidisset,
1580 2916 1722 2985 quod

184 3002 500 3058 Bellissarius
521 3005 768 3058 crebrius
791 3005 1117 3072 vinceretur,
1142 3017 1322 3059 amoto
1343 3022 1429 3072 eo,
1458 3007 1733 3062 Narsetem

1837 1817 2041 1884 positus
2075 1833 2087 1869 :
2131 1819 2225 1871 sed
2270 1833 2363 1887 per
2400 1818 2769 1888 Uvisigardent
2810 1823 3046 1890 reginam
3084 1824 3279 1879 iterum
3317 1832 3404 1880 est

1836 1908 2135 1965 restitutus.
2189 1910 2394 1965 Mortua
2447 1922 2622 1965 autem
2671 1914 2791 1979 illa,
2840 1930 3166 1984 consurgens
3211 1918 3405 1974 iterum

1836 1998 2200 2065 Secundinus,
2231 2016 2353 2056 eum
2382 2001 2666 2057 interfecit.
2702 2004 2830 2058 Nam
2866 2005 2950 2059 hic
2980 2010 3212 2063 moriens
3242 2009 3405 2067 [ilium

1834 2091 2152 2163 dereliquit,
2187 2096 2276 2165 qui
2307 2112 2426 2150 cum
2459 2098 2749 2164 crevisset,
2784 2110 2839 2154 et
2866 2113 3007 2156 essm
3035 2104 3264 2171 adultus,
3291 2120 3405 2161 caa-

1836 2184 1915 2252 pit
1955 2186 2115 2252 patris
2134 2186 2215 2240 sui
2252 2187 2392 2242 velle
2429 2187 2675 2255 injuriam
2707 2192 2995 2248 vindicare.
3026 2196 3175 2250 Tunc
3202 2195 3405 2253 Secun-

1835 2273 1992 2328 dinus
2025 2277 2215 2332 timore
2245 2279 2578 2347 perterritus,
2602 2280 2725 2334 dum
2752 2282 2819 2336 de
2844 2285 2961 2338 villa
2996 2286 3044 2338 in
3076 2287 3251 2342 villam
3281 2300 3405 2345 ante

1836 2379 1958 2419 eum
1987 2365 2225 2436 fugeret.
2252 2384 2370 2424 cmn
2402 2386 2461 2425 se
2486 2369 2598 2440 jam
2629 2372 2833 2427 videret
2865 2389 2930 2429 eo
2962 2378 3272 2435 imminente
3298 2396 3405 2436 nou

1838 2472 1996 2525 posse
2023 2460 2272 2525 evadere,
2298 2476 2364 2516 ue
2394 2463 2445 2516 iu
2481 2478 2666 2518 manus
2695 2462 2894 2521 inimici
2925 2480 3223 2538 corrueret,
3247 2472 3403 2544 135

1839 2550 2046 2605 veneno
2073 2569 2165 2617 se,
2202 2562 2257 2608 ut
2284 2554 2498 2621 dicitur,
2529 2555 2813 2611 interfecit.

1911 2641 2150 2698 XXXIV.
2194 2645 2535 2703 Desideratus
2572 2655 2750 2702 autem
2795 2648 3158 2708 Viridunensis
3196 2657 3405 2724 episco-

1840 2751 1937 2802 pus
1971 2733 2018 2800 ί,
2041 2736 2126 2791 cui
2154 2736 2517 2793 Theudericus
2538 2755 2630 2793 rex
2662 2738 2853 2795 multas
2879 2741 3132 2812 irrogavit
3160 2746 3402 2817 injurias,

1838 2843 1958 2883 cum
1990 2840 2106 2898 post
2135 2832 2296 2884 multa
2328 2832 2511 2897 exilia,
2542 2842 2597 2888 et
2623 2834 2810 2887 damna
2839 2847 2995 2906 atque
3018 2854 3304 2909 arrutnnas,
3335 2846 3399 2897 ad

1840 2919 2144 2974 libertatem
2180 2924 2451 2991 propriam
2476 2923 2587 2992 jam
2621 2924 2843 2978 Domino
2872 2927 3088 2995 jubeute
3115 2932 3399 3004 rediissel,

1840 3021 1895 3066 et
1931 3013 2272 3082 episcmiatu,
2313 3024 2371 3068 ut
2408 3016 2673 3080 diximus,
2712 3017 2848 3086 apud
2882 3018 3280 3079 Viriduueusetn
3314 3044 3401 3081 ur-

183 3094 225 3148 itt
249 3097 357 3164 ejus
381 3098 556 3150 locum
589 3096 795 3150 statuit.
824 3097 1181 3151 Bt-llissatiuut
1208 3114 1332 3151 vero
1352 3101 1600 3153 comitem
1631 3111 1738 3157 sta-
1764 3094 1812 3159 C
1843 3104 1964 3158 bern
1994 3108 2275 3174 potiretur,
2313 3106 2496 3161 videns
2529 3108 2856 3166 habitatores
2883 3112 2999 3180 ejus
3024 3114 3174 3170 valde
3205 3132 3401 3189 paupe-

182 3184 295 3249 buli,
323 3188 474 3256 quasi
501 3202 599 3256 pro
621 3187 938 3252 ltumilitate,
967 3189 1108 3256 quod
1138 3189 1283 3257 prius
1310 3188 1502 3256 fuerat,
1534 3193 1728 3260 posuit.

181 3276 496 3334 Buccelliuns
536 3296 663 3335 vero
693 3287 879 3332 contra
911 3279 1187 3334 Narsetem
1223 3297 1410 3350 magna
1441 3286 1731 3339 certamina

186 3369 323 3442 135
351 3371 556 3441 gessit;
591 3382 742 3441 capta
777 3371 922 3424 omni
963 3371 1144 3436 Italia,
1176 3387 1342 3440 usque
1370 3372 1420 3426 in
1454 3390 1596 3428 mare
1627 3386 1733 3430 ter-

180 3463 359 3516 minum
391 3464 639 3517 dilatavit
670 3507 683 3529 ,
721 3464 1000 3519 thesauros
1029 3479 1157 3517 vero
1198 3480 1419 3533 magnos
1455 3466 1519 3520 ad
1561 3467 1733 3522 Theu-

184 3555 441 3611 debertum
474 3557 542 3610 de
575 3557 725 3610 Italia
756 3557 970 3610 direxit.
1001 3555 1151 3622 Quod
1183 3574 1303 3611 cum
1333 3558 1525 3613 Nar~es
1561 3558 1732 3630 impe-

182 3653 324 3707 ratori
378 3654 651 3719 posuisset
694 3652 744 3704 itt
798 3652 1074 3717 notitiam,
1124 3654 1413 3720 imperator
1459 3654 1734 3712 eonductis

180 3746 327 3810 pretio
352 3746 603 3816 gentibus
629 3786 645 3811 ,
691 3744 894 3799 Narseti
927 3744 1173 3797 solatium
1205 3743 1385 3811 mittit,
1420 3745 1736 3817 conﬂigens—

180 3850 262 3903 que
288 3848 466 3905 postea
497 3839 667 3890 victus
696 3836 974 3892 abscessit.
1022 3835 1283 3903 Deinceps
1311 3850 1438 3890 vero
1468 3837 1736 3894 Buccelli-

181 3943 262 3984 nus
292 3930 533 3986 Siciliam
575 3932 892 3999 occupavit,
932 3931 1001 3985 de
1039 3946 1141 4001 qua
1181 3933 1342 3985 etiam
1384 3932 1579 3986 tributa
1620 3934 1733 3988 exi-

239 4071 261 4098 ⁸
294 4063 407 4117 Non
449 4079 511 4118 ea
553 4063 865 4127 occasione,
909 4077 1028 4131 quas
1068 4061 1306 4116 fabulosa
1346 4070 1459 4124 est,
1492 4063 1567 4116 uti
1597 4062 1736 4118 dixi-

181 4148 307 4199 tntis,
342 4136 596 4200 pecunias
629 4134 954 4188 Francorum
984 4134 1199 4199 regibus
1229 4132 1375 4187 dedit
1404 4133 1729 4188 Tlteodatus:

181 4204 256 4256 sed
290 4206 559 4273 ingentem
605 4216 780 4258 tamen
820 4207 899 4257 eis
936 4218 1199 4267 summam
1242 4203 1511 4271 pollicitus
1562 4202 1735 4259 fuerat

181 4286 280 4343 tum
319 4276 601 4330 Provincia
629 4291 691 4329 ac
720 4277 837 4329 aliis
872 4274 1175 4341 regionibus
1194 4313 1209 4337 ,
1239 4289 1371 4342 quas
1400 4273 1733 4343 Ostrogottlti

183 4341 225 4396 ia
246 4348 424 4399 Galliis
454 4347 828 4412 possidebant,
854 4356 907 4397 ut
935 4360 1119 4397 eorum
1151 4341 1305 4411 opein
1336 4341 1592 4412 adversus
1612 4345 1735 4400 Jus-

182 4414 414 4485 tinianum
457 4411 786 4483 imploraret.
843 4416 946 4471 Sed
970 4430 1044 4468 -re
1079 4415 1255 4467 adhuc
1294 4411 1490 4485 infecta
1531 4415 1729 4485 Vitiges

183 4482 436 4540 Theodato
466 4482 813 4549 substitutus,
848 4501 953 4538 non
984 4485 1159 4538 solum
1186 4482 1435 4554 pecunias
1465 4501 1527 4539 ac
1557 4482 1729 4555 regio-

184 4567 260 4607 nes
294 4560 558 4625 pollicitus
598 4557 818 4610 Francis
854 4556 1111 4617 tradidit;
1152 4555 1247 4609 sed
1283 4556 1447 4625 etiam
1478 4556 1727 4610 Alaman-

184 4624 305 4698 ρος
332 4631 423 4698 qui
468 4641 586 4697 post
614 4628 963 4682 Tolbiacense
1002 4628 1240 4694 praelium
1280 4624 1331 4677 iu
1365 4624 1567 4698 Italiam
1600 4642 1727 4698 pro-

186 4694 273 4759 Illgi
297 4694 451 4753 sedes
469 4694 508 4752 ‘3
534 4699 867 4753 Theoderico
895 4703 1250 4763 acceperant,
1281 4710 1467 4749 eorum
1493 4697 1729 4752 dominio

186 4767 421 4839 subjecit,
457 4786 507 4823 ut
541 4771 729 4823 scribit
755 4769 1025 4839 Agutllias.

242 4836 278 4875 ν
300 4843 383 4897 Sic
408 4836 470 4895 et
499 4840 694 4895 Marius
722 4841 785 4893 ad
808 4836 904 4892 an.
936 4838 1060 4900 559,
1089 4850 1195 4903 quo
1222 4836 1427 4890 scilicet
1453 4837 1587 4903 Apio
1614 4846 1730 4890 erat

187 4914 363 4967 consul.
410 4915 569 4967 Plura
608 4912 676 4965 de
717 4914 814 4964 hoc
853 4909 991 4964 bello
1026 4908 1346 4975 Procopius,
1378 4905 1468 4975 qui
1501 4907 1730 4961 Francos

188 4978 369 5050 violatae
412 4985 535 5037 lidei
575 4993 825 5047 accusat,
865 4980 1005 5050 quod
1050 4986 1169 5047 post
1199 4988 1473 5045 susceptas
1498 4977 1726 5050 adusti-

188 5048 321 5104 niano
376 5055 672 5122 legatiOnes
729 5067 791 5107 ac
818 5048 1094 5122 munera,_
1123 5062 1244 5122 sese
1292 5059 1467 5122 tamen
1508 5048 1729 5122 _Goultis

189 5117 599 5189 coniunxissent;
629 5133 723 5176 aut
753 5125 924 5190 potius
955 5118 1256 5190 Gotthis‘ac
1297 5117 1551 5190 Romanis
1593 5126 1730 5173 inter

188 5198 289 5244 lese
314 5185 639 5249 certantibus
663 5233 679 5257 ,
714 5185 811 5260 ipsi
843 5192 1078 5258 utrisque
1096 5185 1284 5260 infesti
1318 5189 1482 5241 Italiae
1527 5202 1727 5256 partetn

191 5261 445 5317 maximam
476 5266 822 5332 diripuissent
850 5276 913 5315 ac
938 5259 1277 5332 invasissent.

252 5332 427 5403 ‘Ulteg.
468 5345 523 5387 et
559 5326 748 5387 omnes
786 5334 950 5387 [erute
992 5331 1143 5403 editi,
1175 5328 1543 5403 Buccilenum._
1582 5326 1729 5381 [Iuno

192 5390 443 5471 Bullinum
482 5407 775 5471 Proc0pius
812 5412 867 5456 et
902 5390 1485 5471 Agatltiasappellant.
1525 5398 1578 5471 Is
1611 5410 1732 5471 erat

196 5467 381 5542 natione
404 5467 729 5528 Alemann'us
756 5490 769 5524 :
798 5467 1021 5539 cumque
1049 5470 1101 5523 itt
1128 5467 1245 5539 ejus
1266 5467 1510 5524 'exercitu
1539 5467 1729 5542 Franci

194 5538 330 5618 ξέιηιιι
356 5545 589 5611 permisti
617 5538 949 5618 essentcum
981 5538 1320 5603 Alemannis,
1352 5554 1575 5618 quorum
1610 5538 1728 5618 ple-

196 5611 325 5681 !‘thtc
360 5616 588 5668 nondum
624 5612 946 5675 Christiani,
988 5620 1079 5664 aut
1117 5622 1263 5665 certe
1292 5611 1451 5663 variis
1477 5611 1732 5681 supersti-

199 5676 402 5738 liouibus
422 5686 592 5739 adhuc
618 5685 785 5740 dediti
813 5692 964 5737 erant
988 5724 1002 5748 ,
1031 5682 1322 5738 Procooitts
1350 5689 1536 5735 contra
1567 5676 1733 5733 Fran-

446 5800 713 5860 Pnsoc.
770 5797 996 5859 LXXI.

1838 3214 1923 3255 res
1953 3210 2111 3268 atque
2139 3201 2445 3263 destitutos,
2478 3200 2695 3256 dolebat
2722 3218 2886 3271 super
2914 3205 3027 3267 eis;
3059 3215 3113 3261 et
3137 3222 3256 3263 cum
3290 3211 3405 3279 ipso

1837 3305 1932 3359 per
1970 3290 2361 3345 Theodericum
2402 3295 2469 3346 de
2509 3295 2669 3347 rebus
2707 3294 2817 3347 suis
2846 3297 3190 3353 remansisset
3217 3311 3398 3355 extra-

1836 3396 1967 3436 neus
1989 3424 2005 3446 ,
2047 3398 2145 3435 nec
2187 3383 2403 3438 haberet
2441 3383 2508 3437 de
2548 3385 2759 3452 proprio
2786 3386 3016 3454 qualiter
3037 3402 3131 3443 eos
3159 3391 3401 3446 consola-

1835 3482 2004 3538 retur,
2048 3471 2339 3527 bonitateut
2378 3480 2433 3527 et
2469 3474 2809 3529 clementiam
2839 3477 2977 3529 circa
3010 3492 3194 3534 omnes
3220 3479 3401 3537 Theu-

1835 3564 2045 3618 deberti
2085 3564 2225 3633 regis
2266 3579 2522 3633 cernens,
2576 3565 2717 3619 misit
2761 3566 2827 3620 ad
2867 3584 2987 3621 eum
3030 3569 3387 3640 legationem,

1834 3654 2055 3709 dicens:
2088 3656 2247 3716 Fama
2284 3655 2539 3710 bonitatis
2588 3665 2691 3710 tua:
2740 3658 2789 3709 in
2840 3659 3139 3713 universam
3189 3671 3390 3719 terram

1836 3744 2099 3813 vulgatur,
2141 3761 2261 3800 cmn
2303 3757 2444 3801 tanta
2483 3749 2529 3801 si
2569 3758 2653 3802 tua
2695 3749 2938 3817 largitas,
2994 3760 3051 3805 ut
3087 3754 3247 3807 etiam
3287 3771 3394 3812 non

1836 3838 2135 3907 petentibus
2163 3854 2318 3907 opem
2348 3851 2586 3908 praestes.
2621 3840 2784 3908 Rogo,
2838 3843 2881 3896 si
2926 3842 3088 3910 pietas
3120 3854 3205 3898 tta
3240 3847 3399 3904 habet

1835 3929 2033 3998 aliquid
2064 3929 2131 3984 de
2158 3933 2376 3999 pecunia
2402 3973 2417 3996 ,
2452 3948 2496 3983 n-
2523 3932 2603 3985 bis
2642 3934 2968 4000 commodes,
2998 3950 3103 4002 qua
3125 3936 3268 3991 cives
3296 3952 3395 3991 no-

1836 4075 2026 4135 enruiu
2060 4074 2236 4135 mores
2275 4060 2712 4135 paSsimscribit.
2770 4061 2839 4135 At
2876 4061 3042 4135 multo
3077 4079 3279 4135 a-qtuor
3314 4077 3400 4123 est

1838 4130 2217 4207 Agathiaslib.
2252 4146 2297 4195 I,
2326 4132 2415 4199 qui
2441 4131 2512 4184 ait
2538 4147 2553 4184 :
2586 4129 2708 4207 Non
2728 4129 3357 4207 _en_imferisunt'Franci
3377 4179 3399 4207 ,

1836 4214 1892 4254 ut
1918 4202 2065 4255 multi
2091 4200 2420 4255 barbarorum
2438 4242 2452 4264 ,
2478 4213 2584 4255 etc.
2616 4200 2894 4255 Christiani
2919 4204 3053 4257 enim
3079 4215 3197 4259 sunt
3219 4200 3398 4263 rectis:

1835 4274 2079 4326 simarum
2104 4273 2466 4325 sententiarum
2484 4312 2501 4337 ,
2532 4284 2639 4325 etc.

1905 4339 1934 4379 ά
1976 4343 2232 4397 Minorem
2283 4344 2482 4396 Italiam
2528 4341 2758 4409 appellat
2801 4341 3084 4413 Gregorius
3130 4344 3395 4408 Liguriam

1837 4428 1900 4468 ac
1944 4414 2255 4482 Venetiam,
2298 4422 2355 4469 ut
2390 4415 2638 4468 observat
2680 4412 2925 4468 Valesius
2957 4416 3052 4469 lib.
3083 4417 3397 4475 vutRerum

1754 4458 1809 4520 Β
1832 4483 2224 4539 Francicarum.

1908 4564 1931 4591 °
1974 4556 2065 4609 Sic
2110 4557 2235 4609 editi
2264 4566 2317 4610 et
2359 4554 2481 4611 eod.
2531 4555 2714 4628 chm.
2756 4554 3089 4628 semelLSed
3130 4557 3220 4613 alii
3242 4574 3397 4628 mss.,

1834 4625 1997 4681 etiam
2034 4628 2416 4688 vetustissimi,
2447 4641 2659 4691 semper
2692 4627 2889 4680 habent
2926 4624 3274 4684 Beisuariunt.
3306 4624 3403 4686 llic

1834 4705 2013 4770 autem
2048 4694 2283 4770 famosus
2322 4697 2415 4751 ille
2458 4696 2745 4751 Belisarius
2777 4696 3119 4770 designatur,
3160 4700 3228 4755 de
3260 4717 3401 4770 quo,

1786 4814 1791 4817 .
1840 4765 1976 4821 sicut
2004 4776 2057 4820 et
2086 4769 2151 4820 de
2180 4767 2403 4823 Narsete
2432 4769 2710 4834 eunucho,
2742 4768 2891 4837 plura
2929 4768 3110 4824 dicere
3149 4765 3406 4840 superva-

1832 4852 2057 4890 cauettut
2085 4848 2246 4891 esset.

1907 4906 1927 4945 ί
1972 4908 2125 4977 Iteg.,
2156 4908 2430 4961 Etteriolus
2468 4909 2664 4970 semel,
2711 4919 2819 4961 tum
2862 4910 3159 4964 Λυσι-ἔοικε.
3201 4909 3404 4963 ερουη.

1832 4979 1991 5034 dinus
2022 4993 2148 5029 vero
2179 4978 2222 5031 is
2251 4996 2369 5032 esse
2400 4980 2631 5042 videtur,
2656 4994 2813 5047 quem
2836 4981 2904 5032 ob
2926 4991 3160 5047 spretam
3182 4980 3406 5036 Joannis

1832 5047 2182 5105 Beomaensis
2216 5049 2425 5102 abbatis
2451 5051 2727 5115 cpi-tolum
2756 5049 3007 5103 divinitus
3047 5048 3214 5102 fuisse
3250 5050 3405 5115 puni-

1834 5133 1944 5176 tutn
1979 5127 2242 5173 memorat
2267 5118 2427 5170 Jonas
2458 5118 2511 5170 in
2546 5118 2659 5171 Vita
2700 5118 2939 5183 ejusdem
2981 5116 3149 5172 sancti
3190 5117 3284 5173 lib.
3328 5134 3401 5186 tt,

1836 5207 1956 5256 cap.
1990 5191 2012 5241 I
2041 5230 2056 5253 ,
2087 5189 2175 5241 ubi
2206 5189 2398 5241 dicitur
2431 5189 2753 5241 Secundinus
2782 5188 3051 5257 patricius.

1911 5270 1935 5306 ις
1976 5261 2066 5314 Sic
2094 5260 2252 5312 (ἐστι).
2279 5270 2331 5312 el
2357 5259 2557 5313 Bellov.
2586 5258 2688 5311 Alii
2719 5271 2837 5309 cum
2863 5258 3038 5315 editis.
3064 5257 3380 5312 verberarem

1912 5328 1937 5365 ιι
1979 5331 2066 5383 Sic
2094 5328 2249 5381 iidem
2278 5331 2434 5400 codd.
2459 5343 2577 5381 cum
2607 5326 2755 5392 Bec.,
2783 5325 2910 5397 Reg.
2938 5341 2993 5383 el
3016 5328 3202 5398 Regni.
3226 5329 3408 5400 Colb.,

1842 5409 2112 5455 tumuerat.
2148 5400 2283 5452 Editi
2304 5441 2319 5461 ,
2353 5399 2563 5450 linterel.

1917 5472 1934 5508 ι
1978 5471 2037 5524 5.
2074 5471 2264 5523 Vilouo
2293 5472 2578 5534 successit,
2612 5465 3030 5537 subscripsitque
3050 5470 3279 5525 concilio
3309 5471 3408 5524 Ar-

1838 5540 2087 5596 vernensi
2114 5556 2253 5594 anno
2280 5538 2383 5593 535
2407 5579 2422 5601 ,
2450 5549 2505 5593 et
2526 5539 2891 5593 Aurelianensi
2916 5554 2966 5602 v,
3000 5553 3088 5595 an.
3124 5539 3252 5606 549;
3273 5541 3409 5596 obiit

1838 5627 1929 5668 an.
1961 5612 2086 5669 550.
2116 5610 2341 5667 Sanctus
2369 5610 2563 5666 dicitur
2588 5626 2618 5665 a
2653 5609 3053 5679 Wasseburgio.

2975 5782 3011 5841 9
