  <div class='ocr_page' id='page_1' title='image "/cluster/home/n/w/nwhite01/storage/ocr_20150623/71/uva.x000827083/141.png"; bbox 0 0 3994 6194; ppageno 0'>
   <div class='ocr_carea' id='block_1_1' title="bbox 492 159 590 211">
    <p class='ocr_par' dir='ltr' id='par_1_1' title="bbox 492 159 590 211">
     <span class='ocr_line' id='line_1_1' title="bbox 492 159 590 211; baseline -0.01 -1"><span class='ocrx_word' id='word_1_1' title='bbox 492 159 590 211; x_wconf 74' lang='lat'><strong>267</strong></span> 
     </span>
    </p>
   </div>
   <div class='ocr_carea' id='block_1_2' title="bbox 1117 155 3117 216">
    <p class='ocr_par' dir='ltr' id='par_1_2' title="bbox 1117 155 3117 216">
     <span class='ocr_line' id='line_1_2' title="bbox 1117 155 3117 216; baseline 0.002 -6"><span class='ocrx_word' id='word_1_2' title='bbox 1117 158 1170 210; x_wconf 84' lang='lat' dir='ltr'><strong>S.</strong></span> <span class='ocrx_word' id='word_1_3' title='bbox 1216 155 1536 212; x_wconf 73' lang='lat' dir='ltr'><strong>GllECORH</strong></span> <span class='ocrx_word' id='word_1_4' title='bbox 1576 157 1872 212; x_wconf 70' lang='lat' dir='ltr'><strong>EPISCOPI</strong></span> <span class='ocrx_word' id='word_1_5' title='bbox 1911 156 2332 213; x_wconf 74' lang='lat' dir='ltr'><strong>TURONENSIS</strong></span> <span class='ocrx_word' id='word_1_6' title='bbox 2371 157 2543 211; x_wconf 79' lang='lat' dir='ltr'><strong>HIST.</strong></span> <span class='ocrx_word' id='word_1_7' title='bbox 2583 157 2826 214; x_wconf 71' lang='lat' dir='ltr'><strong>FRANC.</strong></span> <span class='ocrx_word' id='word_1_8' title='bbox 2870 160 2998 216; x_wconf 83' lang='lat' dir='ltr'><strong>LIB.</strong></span> <span class='ocrx_word' id='word_1_9' title='bbox 3034 160 3117 214; x_wconf 88' lang='grc' dir='ltr'><strong>ΙΙΙ.</strong></span> 
     </span>
    </p>
   </div>
   <div class='ocr_carea' id='block_1_3' title="bbox 3623 157 3785 211">
    <p class='ocr_par' dir='ltr' id='par_1_3' title="bbox 3623 157 3785 211">
     <span class='ocr_line' id='line_1_3' title="bbox 3623 157 3785 211; baseline -0.012 0"><span class='ocrx_word' id='word_1_10' title='bbox 3623 157 3785 211; x_wconf 64' lang='grc'><strong>268</strong></span> 
     </span>
    </p>
   </div>
   <div class='ocr_carea' id='block_1_4' title="bbox 476 271 3783 346">
    <p class='ocr_par' dir='ltr' id='par_1_4' title="bbox 476 271 3783 346">
     <span class='ocr_line' id='line_1_4' title="bbox 476 271 3783 346; baseline -0.001 -20"><span class='ocrx_word' id='word_1_11' title='bbox 476 276 604 326; x_wconf 73' lang='grc' dir='ltr'><strong>ἰι-οδ</strong></span> <span class='ocrx_word' id='word_1_12' title='bbox 637 273 875 329; x_wconf 86' lang='lat' dir='ltr'><strong>relevare</strong></span> <span class='ocrx_word' id='word_1_13' title='bbox 913 275 1199 327; x_wconf 86' lang='lat' dir='ltr'><strong>valeamus.</strong></span> <span class='ocrx_word' id='word_1_14' title='bbox 1235 275 1470 342; x_wconf 83' lang='lat' dir='ltr'><strong>Cumque</strong></span> <span class='ocrx_word' id='word_1_15' title='bbox 1514 273 1562 326; x_wconf 96' lang='lat' dir='ltr'><strong>hi</strong></span> <span class='ocrx_word' id='word_1_16' title='bbox 1599 273 1864 342; x_wconf 76' lang='lat' dir='ltr'><strong>negotium</strong></span> <span class='ocrx_word' id='word_1_17' title='bbox 1892 287 2046 326; x_wconf 71' lang='lat' dir='ltr'><strong>exer-</strong></span> <span class='ocrx_word' id='word_1_18' title='bbox 2078 291 2123 346; x_wconf 71' lang='grc' dir='ltr'><strong>Α</strong></span> <span class='ocrx_word' id='word_1_19' title='bbox 2156 273 2272 323; x_wconf 86' lang='lat' dir='ltr'><strong>hem</strong></span> <span class='ocrx_word' id='word_1_20' title='bbox 2302 273 2634 326; x_wconf 73' lang='lat' dir='ltr'><strong>&#39;l‘revericam</strong></span> <span class='ocrx_word' id='word_1_21' title='bbox 2665 275 3023 336; x_wconf 75' lang='lat' dir='ltr'><strong>derluccntes,</strong></span> <span class='ocrx_word' id='word_1_22' title='bbox 3060 275 3233 340; x_wconf 81' lang='lat' dir='ltr'><strong>populi</strong></span> <span class='ocrx_word' id='word_1_23' title='bbox 3275 274 3548 326; x_wconf 58' lang='lat' dir='ltr'><strong>saevientis</strong></span> <span class='ocrx_word' id='word_1_24' title='bbox 3574 271 3783 325; x_wconf 78' lang='lat' dir='ltr'><strong>sedi-</strong></span> 
     </span>
    </p>
   </div>
   <div class='ocr_carea' id='block_1_5' title="bbox 493 365 2049 434">
    <p class='ocr_par' dir='ltr' id='par_1_5' title="bbox 493 365 2049 434">
     <span class='ocr_line' id='line_1_5' title="bbox 493 365 2049 434; baseline -0.002 -16"><span class='ocrx_word' id='word_1_25' title='bbox 493 373 710 428; x_wconf 81' lang='lat' dir='ltr'><strong>ceiltes,</strong></span> <span class='ocrx_word' id='word_1_26' title='bbox 745 378 1058 434; x_wconf 81' lang='lat' dir='ltr'><strong>responsum</strong></span> <span class='ocrx_word' id='word_1_27' title='bbox 1096 375 1120 400; x_wconf 70' lang='grc'><strong>³</strong></span> <span class='ocrx_word' id='word_1_28' title='bbox 1155 368 1205 418; x_wconf 91' lang='lat' dir='ltr'><strong>iu</strong></span> <span class='ocrx_word' id='word_1_29' title='bbox 1245 367 1457 419; x_wconf 77' lang='lat' dir='ltr'><strong>civitate</strong></span> <span class='ocrx_word' id='word_1_30' title='bbox 1497 377 1672 418; x_wconf 84' lang='lat' dir='ltr'><strong>n0stra</strong></span> <span class='ocrx_word' id='word_1_31' title='bbox 1696 405 1708 425; x_wconf 87' lang='lat'><strong>,</strong></span> <span class='ocrx_word' id='word_1_32' title='bbox 1753 365 1886 417; x_wconf 54' lang='lat' dir='ltr'><strong>sicut</strong></span> <span class='ocrx_word' id='word_1_33' title='bbox 1927 365 2049 416; x_wconf 87' lang='lat' dir='ltr'><strong>reli-</strong></span> 
     </span>
    </p>
   </div>
   <div class='ocr_carea' id='block_1_6' title="bbox 495 455 2049 524">
    <p class='ocr_par' dir='ltr' id='par_1_6' title="bbox 495 455 2049 524">
     <span class='ocr_line' id='line_1_6' title="bbox 495 455 2049 524; baseline 0 -16"><span class='ocrx_word' id='word_1_34' title='bbox 495 469 618 522; x_wconf 72' lang='lat' dir='ltr'><strong>qum</strong></span> <span class='ocrx_word' id='word_1_35' title='bbox 647 455 875 521; x_wconf 93' lang='lat' dir='ltr'><strong>habent,</strong></span> <span class='ocrx_word' id='word_1_36' title='bbox 907 457 1276 524; x_wconf 70' lang='lat' dir='ltr'><strong>praestiterint,</strong></span> <span class='ocrx_word' id='word_1_37' title='bbox 1309 457 1582 524; x_wconf 83' lang='lat' dir='ltr'><strong>pecuniam</strong></span> <span class='ocrx_word' id='word_1_38' title='bbox 1609 465 1748 507; x_wconf 87' lang='lat' dir='ltr'><strong>tuam</strong></span> <span class='ocrx_word' id='word_1_39' title='bbox 1775 470 1894 508; x_wconf 88' lang='lat' dir='ltr'><strong>cum</strong></span> <span class='ocrx_word' id='word_1_40' title='bbox 1922 471 2049 508; x_wconf 85' lang='lat' dir='ltr'><strong>osu-</strong></span> 
     </span>
    </p>
   </div>
   <div class='ocr_carea' id='block_1_7' title="bbox 497 545 2045 614">
    <p class='ocr_par' dir='ltr' id='par_1_7' title="bbox 497 545 2045 614">
     <span class='ocr_line' id='line_1_7' title="bbox 497 545 2045 614; baseline 0.001 -18"><span class='ocrx_word' id='word_1_41' title='bbox 497 547 571 597; x_wconf 61' lang='grc' dir='ltr'><strong>τίς</strong></span> <span class='ocrx_word' id='word_1_42' title='bbox 603 545 852 614; x_wconf 82' lang='lat' dir='ltr'><strong>legitimis</strong></span> <span class='ocrx_word' id='word_1_43' title='bbox 883 546 1186 600; x_wconf 85' lang='lat' dir='ltr'><strong>reddemus.</strong></span> <span class='ocrx_word' id='word_1_44' title='bbox 1216 548 1362 600; x_wconf 72' lang='lat' dir='ltr'><strong>Tune</strong></span> <span class='ocrx_word' id='word_1_45' title='bbox 1393 547 1481 600; x_wconf 77' lang='lat' dir='ltr'><strong>ille</strong></span> <span class='ocrx_word' id='word_1_46' title='bbox 1509 545 1703 614; x_wconf 86' lang='lat' dir='ltr'><strong>pietate</strong></span> <span class='ocrx_word' id='word_1_47' title='bbox 1729 555 2045 610; x_wconf 88' lang='lat' dir='ltr'><strong>commotus,</strong></span> 
     </span>
    </p>
   </div>
   <div class='ocr_carea' id='block_1_8' title="bbox 491 635 2047 706">
    <p class='ocr_par' dir='ltr' id='par_1_8' title="bbox 491 635 2047 706">
     <span class='ocr_line' id='line_1_8' title="bbox 491 635 2047 706; baseline 0.003 -20"><span class='ocrx_word' id='word_1_48' title='bbox 491 646 694 703; x_wconf 86' lang='lat' dir='ltr'><strong>septem</strong></span> <span class='ocrx_word' id='word_1_49' title='bbox 723 636 770 689; x_wconf 90' lang='lat' dir='ltr'><strong>ei</strong></span> <span class='ocrx_word' id='word_1_50' title='bbox 800 635 966 689; x_wconf 84' lang='lat' dir='ltr'><strong>millia</strong></span> <span class='ocrx_word' id='word_1_51' title='bbox 993 651 1278 691; x_wconf 86' lang='lat' dir='ltr'><strong>aureorum</strong></span> <span class='ocrx_word' id='word_1_52' title='bbox 1307 641 1574 706; x_wconf 73' lang='lat' dir='ltr'><strong>praestitit.</strong></span> <span class='ocrx_word' id='word_1_53' title='bbox 1613 639 1742 703; x_wconf 71' lang='lat' dir='ltr'><strong>Qua:</strong></span> <span class='ocrx_word' id='word_1_54' title='bbox 1782 637 1871 691; x_wconf 89' lang='lat' dir='ltr'><strong>ille</strong></span> <span class='ocrx_word' id='word_1_55' title='bbox 1909 638 2047 690; x_wconf 88' lang='lat' dir='ltr'><strong>acci-</strong></span> 
     </span>
    </p>
   </div>
   <div class='ocr_carea' id='block_1_9' title="bbox 489 726 2046 799">
    <p class='ocr_par' dir='ltr' id='par_1_9' title="bbox 489 726 2046 799">
     <span class='ocr_line' id='line_1_9' title="bbox 489 726 2046 799; baseline 0.003 -22"><span class='ocrx_word' id='word_1_56' title='bbox 489 726 642 793; x_wconf 82' lang='lat' dir='ltr'><strong>piens</strong></span> <span class='ocrx_word' id='word_1_57' title='bbox 663 766 678 790; x_wconf 93' lang='lat'><strong>,</strong></span> <span class='ocrx_word' id='word_1_58' title='bbox 707 742 798 795; x_wconf 89' lang='lat' dir='ltr'><strong>per</strong></span> <span class='ocrx_word' id='word_1_59' title='bbox 828 728 973 783; x_wconf 86' lang='lat' dir='ltr'><strong>cives</strong></span> <span class='ocrx_word' id='word_1_60' title='bbox 1003 743 1129 781; x_wconf 90' lang='lat' dir='ltr'><strong>suos</strong></span> <span class='ocrx_word' id='word_1_61' title='bbox 1158 729 1413 797; x_wconf 88' lang='lat' dir='ltr'><strong>erogavit.</strong></span> <span class='ocrx_word' id='word_1_62' title='bbox 1454 731 1521 782; x_wconf 86' lang='lat' dir='ltr'><strong>At</strong></span> <span class='ocrx_word' id='word_1_63' title='bbox 1551 730 1628 783; x_wconf 88' lang='lat' dir='ltr'><strong>illi</strong></span> <span class='ocrx_word' id='word_1_64' title='bbox 1659 731 1864 799; x_wconf 88' lang='lat' dir='ltr'><strong>negotia</strong></span> <span class='ocrx_word' id='word_1_65' title='bbox 1891 744 2046 783; x_wconf 79' lang='lat' dir='ltr'><strong>exer-</strong></span> 
     </span>
    </p>
   </div>
   <div class='ocr_carea' id='block_1_10' title="bbox 489 815 2049 886">
    <p class='ocr_par' dir='ltr' id='par_1_10' title="bbox 489 815 2049 886">
     <span class='ocr_line' id='line_1_10' title="bbox 489 815 2049 886; baseline 0.002 -17"><span class='ocrx_word' id='word_1_66' title='bbox 489 827 704 881; x_wconf 78' lang='lat' dir='ltr'><strong>centes,</strong></span> <span class='ocrx_word' id='word_1_67' title='bbox 744 815 937 872; x_wconf 79' lang='lat' dir='ltr'><strong>divites</strong></span> <span class='ocrx_word' id='word_1_68' title='bbox 968 834 1060 885; x_wconf 89' lang='lat' dir='ltr'><strong>per</strong></span> <span class='ocrx_word' id='word_1_69' title='bbox 1089 819 1188 872; x_wconf 89' lang='lat' dir='ltr'><strong>hoc</strong></span> <span class='ocrx_word' id='word_1_70' title='bbox 1216 819 1388 872; x_wconf 81' lang='lat' dir='ltr'><strong>ellecti</strong></span> <span class='ocrx_word' id='word_1_71' title='bbox 1418 830 1538 872; x_wconf 90' lang='lat' dir='ltr'><strong>sunt</strong></span> <span class='ocrx_word' id='word_1_72' title='bbox 1561 859 1575 882; x_wconf 92' lang='lat'><strong>,</strong></span> <span class='ocrx_word' id='word_1_73' title='bbox 1605 829 1658 872; x_wconf 89' lang='lat' dir='ltr'><strong>et</strong></span> <span class='ocrx_word' id='word_1_74' title='bbox 1689 835 1854 886; x_wconf 78' lang='lat' dir='ltr'><strong>oSque</strong></span> <span class='ocrx_word' id='word_1_75' title='bbox 1891 817 2049 872; x_wconf 83' lang='lat' dir='ltr'><strong>hodie</strong></span> 
     </span>
    </p>
   </div>
   <div class='ocr_carea' id='block_1_11' title="bbox 488 908 2049 980">
    <p class='ocr_par' dir='ltr' id='par_1_11' title="bbox 488 908 2049 980">
     <span class='ocr_line' id='line_1_11' title="bbox 488 908 2049 980; baseline 0.004 -22"><span class='ocrx_word' id='word_1_76' title='bbox 488 908 663 974; x_wconf 74' lang='lat' dir='ltr'><strong>magni</strong></span> <span class='ocrx_word' id='word_1_77' title='bbox 707 909 985 964; x_wconf 86' lang='lat' dir='ltr'><strong>habentur.</strong></span> <span class='ocrx_word' id='word_1_78' title='bbox 1027 911 1265 979; x_wconf 79' lang='lat' dir='ltr'><strong>Cumque</strong></span> <span class='ocrx_word' id='word_1_79' title='bbox 1302 912 1598 965; x_wconf 89' lang='lat' dir='ltr'><strong>antedictos</strong></span> <span class='ocrx_word' id='word_1_80' title='bbox 1636 912 1920 980; x_wconf 85' lang='lat' dir='ltr'><strong>episcopus</strong></span> <span class='ocrx_word' id='word_1_81' title='bbox 1957 911 2049 964; x_wconf 91' lang='lat' dir='ltr'><strong>de-</strong></span> 
     </span>
    </p>
   </div>
   <div class='ocr_carea' id='block_1_12' title="bbox 481 998 2049 1070">
    <p class='ocr_par' dir='ltr' id='par_1_12' title="bbox 481 998 2049 1070">
     <span class='ocr_line' id='line_1_12' title="bbox 481 998 2049 1070; baseline 0.001 -19"><span class='ocrx_word' id='word_1_82' title='bbox 481 998 653 1053; x_wconf 85' lang='lat' dir='ltr'><strong>bitam</strong></span> <span class='ocrx_word' id='word_1_83' title='bbox 685 1001 959 1068; x_wconf 90' lang='lat' dir='ltr'><strong>pecuniam</strong></span> <span class='ocrx_word' id='word_1_84' title='bbox 990 1002 1273 1056; x_wconf 90' lang='lat' dir='ltr'><strong>obtulisset</strong></span> <span class='ocrx_word' id='word_1_85' title='bbox 1299 1004 1446 1070; x_wconf 86' lang='lat' dir='ltr'><strong>regi,</strong></span> <span class='ocrx_word' id='word_1_86' title='bbox 1475 1002 1747 1069; x_wconf 86' lang='lat' dir='ltr'><strong>respondit</strong></span> <span class='ocrx_word' id='word_1_87' title='bbox 1773 1017 1863 1054; x_wconf 86' lang='lat' dir='ltr'><strong>rex</strong></span> <span class='ocrx_word' id='word_1_88' title='bbox 1889 1017 1904 1054; x_wconf 86' lang='lat'><strong>:</strong></span> <span class='ocrx_word' id='word_1_89' title='bbox 1934 1003 2049 1054; x_wconf 83' lang='lat' dir='ltr'><strong>Non</strong></span> 
     </span>
    </p>
   </div>
   <div class='ocr_carea' id='block_1_13' title="bbox 492 1089 2051 1164">
    <p class='ocr_par' dir='ltr' id='par_1_13' title="bbox 492 1089 2051 1164">
     <span class='ocr_line' id='line_1_13' title="bbox 492 1089 2051 1164; baseline 0.002 -23"><span class='ocrx_word' id='word_1_90' title='bbox 492 1089 665 1146; x_wconf 84' lang='lat' dir='ltr'><strong>habeo</strong></span> <span class='ocrx_word' id='word_1_91' title='bbox 707 1095 1071 1148; x_wconf 88' lang='lat' dir='ltr'><strong>necessarium</strong></span> <span class='ocrx_word' id='word_1_92' title='bbox 1115 1095 1214 1150; x_wconf 84' lang='lat' dir='ltr'><strong>hoc</strong></span> <span class='ocrx_word' id='word_1_93' title='bbox 1251 1096 1526 1164; x_wconf 87' lang='lat' dir='ltr'><strong>recipere;</strong></span> <span class='ocrx_word' id='word_1_94' title='bbox 1569 1095 1698 1148; x_wconf 90' lang='lat' dir='ltr'><strong>illud</strong></span> <span class='ocrx_word' id='word_1_95' title='bbox 1738 1095 1865 1148; x_wconf 87' lang='lat' dir='ltr'><strong>mihi</strong></span> <span class='ocrx_word' id='word_1_96' title='bbox 1904 1095 2051 1146; x_wconf 83' lang='lat' dir='ltr'><strong>solli-</strong></span> 
     </span>
    </p>
   </div>
   <div class='ocr_carea' id='block_1_14' title="bbox 483 1185 2050 1254">
    <p class='ocr_par' dir='ltr' id='par_1_14' title="bbox 483 1185 2050 1254">
     <span class='ocr_line' id='line_1_14' title="bbox 483 1185 2050 1254; baseline 0.002 -21"><span class='ocrx_word' id='word_1_97' title='bbox 483 1185 593 1246; x_wconf 78' lang='lat' dir='ltr'><strong>cit,</strong></span> <span class='ocrx_word' id='word_1_98' title='bbox 626 1186 670 1238; x_wconf 83' lang='lat' dir='ltr'><strong>si</strong></span> <span class='ocrx_word' id='word_1_99' title='bbox 699 1185 1096 1254; x_wconf 82' lang='lat' dir='ltr'><strong>dispensatione</strong></span> <span class='ocrx_word' id='word_1_100' title='bbox 1135 1195 1220 1239; x_wconf 91' lang='lat' dir='ltr'><strong>tua</strong></span> <span class='ocrx_word' id='word_1_101' title='bbox 1262 1200 1520 1254; x_wconf 81' lang='lat' dir='ltr'><strong>pauperes</strong></span> <span class='ocrx_word' id='word_1_102' title='bbox 1559 1187 1648 1254; x_wconf 91' lang='lat' dir='ltr'><strong>qui</strong></span> <span class='ocrx_word' id='word_1_103' title='bbox 1679 1185 2050 1254; x_wconf 86' lang='lat' dir='ltr'><strong>opprimeban-</strong></span> 
     </span>
    </p>
   </div>
   <div class='ocr_carea' id='block_1_15' title="bbox 495 1276 2049 1347">
    <p class='ocr_par' dir='ltr' id='par_1_15' title="bbox 495 1276 2049 1347">
     <span class='ocr_line' id='line_1_15' title="bbox 495 1276 2049 1347; baseline 0.002 -22"><span class='ocrx_word' id='word_1_104' title='bbox 495 1287 582 1326; x_wconf 89' lang='lat' dir='ltr'><strong>tur</strong></span> <span class='ocrx_word' id='word_1_105' title='bbox 619 1276 826 1344; x_wconf 80' lang='lat' dir='ltr'><strong>inOpia,</strong></span> <span class='ocrx_word' id='word_1_106' title='bbox 873 1293 964 1345; x_wconf 90' lang='lat' dir='ltr'><strong>per</strong></span> <span class='ocrx_word' id='word_1_107' title='bbox 1007 1289 1145 1330; x_wconf 84' lang='lat' dir='ltr'><strong>tuam</strong></span> <span class='ocrx_word' id='word_1_108' title='bbox 1186 1281 1606 1347; x_wconf 77' lang='lat' dir='ltr'><strong>suggestionem,</strong></span> <span class='ocrx_word' id='word_1_109' title='bbox 1636 1279 1718 1332; x_wconf 91' lang='lat' dir='ltr'><strong>vel</strong></span> <span class='ocrx_word' id='word_1_110' title='bbox 1748 1294 1840 1346; x_wconf 87' lang='lat' dir='ltr'><strong>per</strong></span> <span class='ocrx_word' id='word_1_111' title='bbox 1879 1292 2049 1329; x_wconf 86' lang='lat' dir='ltr'><strong>meam</strong></span> 
     </span>
    </p>
   </div>
   <div class='ocr_carea' id='block_1_16' title="bbox 494 1366 2052 1440">
    <p class='ocr_par' dir='ltr' id='par_1_16' title="bbox 494 1366 2052 1440">
     <span class='ocr_line' id='line_1_16' title="bbox 494 1366 2052 1440; baseline 0.002 -23"><span class='ocrx_word' id='word_1_112' title='bbox 494 1366 788 1434; x_wconf 84' lang='lat' dir='ltr'><strong>largitatem</strong></span> <span class='ocrx_word' id='word_1_113' title='bbox 815 1377 937 1420; x_wconf 84' lang='lat' dir='ltr'><strong>sunt</strong></span> <span class='ocrx_word' id='word_1_114' title='bbox 964 1369 1206 1422; x_wconf 82' lang='lat' dir='ltr'><strong>relevati.</strong></span> <span class='ocrx_word' id='word_1_115' title='bbox 1233 1370 1301 1422; x_wconf 88' lang='lat' dir='ltr'><strong>Et</strong></span> <span class='ocrx_word' id='word_1_116' title='bbox 1327 1369 1453 1423; x_wconf 85' lang='lat' dir='ltr'><strong>nihil</strong></span> <span class='ocrx_word' id='word_1_117' title='bbox 1482 1369 1731 1440; x_wconf 77' lang='lat' dir='ltr'><strong>exigens,</strong></span> <span class='ocrx_word' id='word_1_118' title='bbox 1756 1369 2052 1423; x_wconf 81' lang='lat' dir='ltr'><strong>antedictos</strong></span> 
     </span>
    </p>
   </div>
   <div class='ocr_carea' id='block_1_17' title="bbox 492 1453 1038 1510">
    <p class='ocr_par' dir='ltr' id='par_1_17' title="bbox 492 1453 1038 1510">
     <span class='ocr_line' id='line_1_17' title="bbox 492 1453 1038 1510; baseline 0.009 -5"><span class='ocrx_word' id='word_1_119' title='bbox 492 1453 637 1506; x_wconf 60' lang='lat' dir='ltr'><strong>cites</strong></span> <span class='ocrx_word' id='word_1_120' title='bbox 665 1455 860 1508; x_wconf 81' lang='lat' dir='ltr'><strong>divites</strong></span> <span class='ocrx_word' id='word_1_121' title='bbox 893 1455 1038 1510; x_wconf 83' lang='lat' dir='ltr'><strong>fecit.</strong></span> 
     </span>
    </p>
   </div>
   <div class='ocr_carea' id='block_1_18' title="bbox 554 1543 2047 1638">
    <p class='ocr_par' dir='ltr' id='par_1_18' title="bbox 554 1543 2047 1638">
     <span class='ocr_line' id='line_1_18' title="bbox 554 1543 2047 1638; baseline 0.003 -22"><span class='ocrx_word' id='word_1_122' title='bbox 554 1563 780 1618; x_wconf 70' lang='lat' dir='ltr'><strong>XXXV.</strong></span> <span class='ocrx_word' id='word_1_123' title='bbox 811 1566 1070 1621; x_wconf 80' lang='lat' dir='ltr'><strong>Defuncto</strong></span> <span class='ocrx_word' id='word_1_124' title='bbox 1090 1579 1264 1621; x_wconf 88' lang='lat' dir='ltr'><strong>autem</strong></span> <span class='ocrx_word' id='word_1_125' title='bbox 1303 1543 1440 1638; x_wconf 90' lang='lat' dir='ltr'><strong>apud</strong></span> <span class='ocrx_word' id='word_1_126' title='bbox 1478 1569 1665 1624; x_wconf 82' lang='lat' dir='ltr'><strong>urbem</strong></span> <span class='ocrx_word' id='word_1_127' title='bbox 1696 1568 2047 1638; x_wconf 85' lang='lat' dir='ltr'><strong>sopradictam</strong></span> 
     </span>
    </p>
   </div>
   <div class='ocr_carea' id='block_1_19' title="bbox 2153 365 3778 432">
    <p class='ocr_par' dir='ltr' id='par_1_19' title="bbox 2153 365 3778 432">
     <span class='ocr_line' id='line_1_19' title="bbox 2153 365 3778 432; baseline -0.003 -13"><span class='ocrx_word' id='word_1_128' title='bbox 2153 368 2348 419; x_wconf 86' lang='lat' dir='ltr'><strong>tionem</strong></span> <span class='ocrx_word' id='word_1_129' title='bbox 2374 381 2466 418; x_wconf 91' lang='lat' dir='ltr'><strong>sua</strong></span> <span class='ocrx_word' id='word_1_130' title='bbox 2491 366 2872 432; x_wconf 78' lang='lat' dir='ltr'><strong>praedicatione</strong></span> <span class='ocrx_word' id='word_1_131' title='bbox 2891 366 3324 429; x_wconf 84' lang='lat' dir='ltr'><strong>comprimerent.</strong></span> <span class='ocrx_word' id='word_1_132' title='bbox 3351 365 3560 428; x_wconf 75' lang='lat' dir='ltr'><strong>Quibus</strong></span> <span class='ocrx_word' id='word_1_133' title='bbox 3582 379 3778 418; x_wconf 73' lang='lat' dir='ltr'><strong>eiun-</strong></span> 
     </span>
    </p>
   </div>
   <div class='ocr_carea' id='block_1_20' title="bbox 2151 454 3778 522">
    <p class='ocr_par' dir='ltr' id='par_1_20' title="bbox 2151 454 3778 522">
     <span class='ocr_line' id='line_1_20' title="bbox 2151 454 3778 522; baseline -0.002 -14"><span class='ocrx_word' id='word_1_134' title='bbox 2151 456 2322 522; x_wconf 84' lang='lat' dir='ltr'><strong>tibus,</strong></span> <span class='ocrx_word' id='word_1_135' title='bbox 2353 464 2509 508; x_wconf 90' lang='lat' dir='ltr'><strong>nocte</strong></span> <span class='ocrx_word' id='word_1_136' title='bbox 2546 456 2669 507; x_wconf 90' lang='lat' dir='ltr'><strong>dum</strong></span> <span class='ocrx_word' id='word_1_137' title='bbox 2710 457 2762 507; x_wconf 91' lang='lat' dir='ltr'><strong>in</strong></span> <span class='ocrx_word' id='word_1_138' title='bbox 2801 463 2973 508; x_wconf 88' lang='lat' dir='ltr'><strong>strato</strong></span> <span class='ocrx_word' id='word_1_139' title='bbox 3009 470 3106 508; x_wconf 91' lang='lat' dir='ltr'><strong>suo</strong></span> <span class='ocrx_word' id='word_1_140' title='bbox 3137 454 3504 518; x_wconf 88' lang='lat' dir='ltr'><strong>decumberet,</strong></span> <span class='ocrx_word' id='word_1_141' title='bbox 3542 455 3778 508; x_wconf 66' lang='lat' dir='ltr'><strong>subita</strong></span> 
     </span>
    </p>
   </div>
   <div class='ocr_carea' id='block_1_21' title="bbox 2149 546 3774 615">
    <p class='ocr_par' dir='ltr' id='par_1_21' title="bbox 2149 546 3774 615">
     <span class='ocr_line' id='line_1_21' title="bbox 2149 546 3774 615; baseline 0 -17"><span class='ocrx_word' id='word_1_142' title='bbox 2149 563 2244 614; x_wconf 89' lang='lat' dir='ltr'><strong>per</strong></span> <span class='ocrx_word' id='word_1_143' title='bbox 2271 547 2537 600; x_wconf 89' lang='lat' dir='ltr'><strong>somnium</strong></span> <span class='ocrx_word' id='word_1_144' title='bbox 2563 562 2751 600; x_wconf 87' lang='lat' dir='ltr'><strong>vocem</strong></span> <span class='ocrx_word' id='word_1_145' title='bbox 2782 547 3244 615; x_wconf 87' lang='lat' dir='ltr'><strong>magnam-emittit</strong></span> <span class='ocrx_word' id='word_1_146' title='bbox 3264 583 3279 605; x_wconf 85' lang='lat'><strong>.</strong></span> <span class='ocrx_word' id='word_1_147' title='bbox 3307 546 3495 600; x_wconf 89' lang='lat' dir='ltr'><strong>dicens</strong></span> <span class='ocrx_word' id='word_1_148' title='bbox 3524 563 3535 597; x_wconf 95' lang='lat'><strong>:</strong></span> <span class='ocrx_word' id='word_1_149' title='bbox 3569 547 3726 600; x_wconf 85' lang='lat' dir='ltr'><strong>lleu</strong></span> <span class='ocrx_word' id='word_1_150' title='bbox 3751 587 3774 607; x_wconf 87' lang='lat'><strong>,</strong></span> 
     </span>
    </p>
   </div>
   <div class='ocr_carea' id='block_1_22' title="bbox 2150 636 3775 704">
    <p class='ocr_par' dir='ltr' id='par_1_22' title="bbox 2150 636 3775 704">
     <span class='ocr_line' id='line_1_22' title="bbox 2150 636 3775 704; baseline 0 -15"><span class='ocrx_word' id='word_1_151' title='bbox 2150 637 2252 691; x_wconf 92' lang='lat' dir='ltr'><strong>heo</strong></span> <span class='ocrx_word' id='word_1_152' title='bbox 2279 639 2291 690; x_wconf 86' lang='lat'>!</span> <span class='ocrx_word' id='word_1_153' title='bbox 2331 637 2636 692; x_wconf 85' lang='lat' dir='ltr'><strong>Succurrite</strong></span> <span class='ocrx_word' id='word_1_154' title='bbox 2672 637 2762 704; x_wconf 91' lang='lat' dir='ltr'><strong>qui</strong></span> <span class='ocrx_word' id='word_1_155' title='bbox 2796 636 3028 700; x_wconf 77' lang='lat' dir='ltr'><strong>adestis,</strong></span> <span class='ocrx_word' id='word_1_156' title='bbox 3061 648 3113 689; x_wconf 87' lang='lat' dir='ltr'><strong>et</strong></span> <span class='ocrx_word' id='word_1_157' title='bbox 3151 638 3406 690; x_wconf 79' lang='lat' dir='ltr'><strong>auxilium</strong></span> <span class='ocrx_word' id='word_1_158' title='bbox 3437 637 3570 690; x_wconf 87' lang='lat' dir='ltr'><strong>ferte</strong></span> <span class='ocrx_word' id='word_1_159' title='bbox 3603 650 3775 702; x_wconf 80' lang='lat' dir='ltr'><strong>per-</strong></span> 
     </span>
    </p>
   </div>
   <div class='ocr_carea' id='block_1_23' title="bbox 2147 727 3768 797">
    <p class='ocr_par' dir='ltr' id='par_1_23' title="bbox 2147 727 3768 797">
     <span class='ocr_line' id='line_1_23' title="bbox 2147 727 3768 797; baseline -0.002 -17"><span class='ocrx_word' id='word_1_160' title='bbox 2147 727 2332 780; x_wconf 88' lang='lat' dir='ltr'><strong>eunti!</strong></span> <span class='ocrx_word' id='word_1_161' title='bbox 2377 729 2420 780; x_wconf 88' lang='lat' dir='ltr'><strong>A</strong></span> <span class='ocrx_word' id='word_1_162' title='bbox 2457 742 2563 796; x_wconf 91' lang='lat' dir='ltr'><strong>quo</strong></span> <span class='ocrx_word' id='word_1_163' title='bbox 2618 727 2850 779; x_wconf 90' lang='lat' dir='ltr'><strong>clamore</strong></span> <span class='ocrx_word' id='word_1_164' title='bbox 2905 728 3269 797; x_wconf 80' lang='lat' dir='ltr'><strong>expergefacti</strong></span> <span class='ocrx_word' id='word_1_165' title='bbox 3315 728 3403 795; x_wconf 91' lang='lat' dir='ltr'><strong>qui</strong></span> <span class='ocrx_word' id='word_1_166' title='bbox 3454 727 3711 780; x_wconf 73' lang='lat' dir='ltr'><strong>aderant</strong></span> <span class='ocrx_word' id='word_1_167' title='bbox 3744 767 3768 789; x_wconf 89' lang='lat'><strong>,</strong></span> 
     </span>
    </p>
   </div>
   <div class='ocr_carea' id='block_1_24' title="bbox 2152 815 3772 888">
    <p class='ocr_par' dir='ltr' id='par_1_24' title="bbox 2152 815 3772 888">
     <span class='ocr_line' id='line_1_24' title="bbox 2152 815 3772 888; baseline -0.001 -19"><span class='ocrx_word' id='word_1_168' title='bbox 2152 816 2486 888; x_wconf 76' lang='lat' dir='ltr'><strong>interrogant</strong></span> <span class='ocrx_word' id='word_1_169' title='bbox 2510 817 2636 886; x_wconf 90' lang='lat' dir='ltr'><strong>quid</strong></span> <span class='ocrx_word' id='word_1_170' title='bbox 2666 815 2765 869; x_wconf 89' lang='lat' dir='ltr'><strong>hoc</strong></span> <span class='ocrx_word' id='word_1_171' title='bbox 2789 828 2951 872; x_wconf 86' lang='lat' dir='ltr'><strong>esset.</strong></span> <span class='ocrx_word' id='word_1_172' title='bbox 2981 818 3271 885; x_wconf 73' lang='lat' dir='ltr'><strong>Respondit</strong></span> <span class='ocrx_word' id='word_1_173' title='bbox 3295 819 3423 871; x_wconf 89' lang='lat' dir='ltr'><strong>ille:</strong></span> <span class='ocrx_word' id='word_1_174' title='bbox 3453 817 3772 870; x_wconf 82' lang='lat' dir='ltr'><strong>Ausanius</strong></span> 
     </span>
    </p>
   </div>
   <div class='ocr_carea' id='block_1_25' title="bbox 2150 905 3767 976">
    <p class='ocr_par' dir='ltr' id='par_1_25' title="bbox 2150 905 3767 976">
     <span class='ocr_line' id='line_1_25' title="bbox 2150 905 3767 976; baseline -0.001 -18"><span class='ocrx_word' id='word_1_175' title='bbox 2150 907 2351 959; x_wconf 88' lang='lat' dir='ltr'><strong>amicus</strong></span> <span class='ocrx_word' id='word_1_176' title='bbox 2391 922 2544 960; x_wconf 87' lang='lat' dir='ltr'><strong>meus</strong></span> <span class='ocrx_word' id='word_1_177' title='bbox 2582 922 2701 959; x_wconf 77' lang='lat' dir='ltr'><strong>cuin</strong></span> <span class='ocrx_word' id='word_1_178' title='bbox 2746 905 3034 972; x_wconf 83' lang='lat' dir='ltr'><strong>Papianilla</strong></span> <span class='ocrx_word' id='word_1_179' title='bbox 3066 917 3089 944; x_wconf 74' lang='grc' dir='ltr'>ε</span> <span class='ocrx_word' id='word_1_180' title='bbox 3119 908 3382 976; x_wconf 86' lang='lat' dir='ltr'><strong>conjuge,</strong></span> <span class='ocrx_word' id='word_1_181' title='bbox 3414 924 3550 975; x_wconf 90' lang='lat' dir='ltr'><strong>quos</strong></span> <span class='ocrx_word' id='word_1_182' title='bbox 3590 907 3767 958; x_wconf 84' lang='lat' dir='ltr'><strong>olim</strong></span> 
     </span>
    </p>
   </div>
   <div class='ocr_carea' id='block_1_26' title="bbox 2151 997 3752 1066">
    <p class='ocr_par' dir='ltr' id='par_1_26' title="bbox 2151 997 3752 1066">
     <span class='ocr_line' id='line_1_26' title="bbox 2151 997 3752 1066; baseline 0.001 -17"><span class='ocrx_word' id='word_1_183' title='bbox 2151 997 2426 1064; x_wconf 84' lang='lat' dir='ltr'><strong>interfeci,</strong></span> <span class='ocrx_word' id='word_1_184' title='bbox 2482 998 2549 1052; x_wconf 90' lang='lat' dir='ltr'><strong>ad</strong></span> <span class='ocrx_word' id='word_1_185' title='bbox 2601 998 2860 1066; x_wconf 90' lang='lat' dir='ltr'><strong>judicium</strong></span> <span class='ocrx_word' id='word_1_186' title='bbox 2904 1015 2989 1054; x_wconf 90' lang='lat' dir='ltr'><strong>me</strong></span> <span class='ocrx_word' id='word_1_187' title='bbox 3025 1006 3396 1063; x_wconf 85' lang='lat' dir='ltr'><strong>arcessebant,</strong></span> <span class='ocrx_word' id='word_1_188' title='bbox 3437 1003 3752 1054; x_wconf 86' lang='lat' dir='ltr'><strong>dicentes:</strong></span> 
     </span>
    </p>
   </div>
   <div class='ocr_carea' id='block_1_27' title="bbox 2152 1090 3764 1161">
    <p class='ocr_par' dir='ltr' id='par_1_27' title="bbox 2152 1090 3764 1161">
     <span class='ocr_line' id='line_1_27' title="bbox 2152 1090 3764 1161; baseline -0.001 -16"><span class='ocrx_word' id='word_1_189' title='bbox 2152 1090 2286 1145; x_wconf 79' lang='lat' dir='ltr'><strong>Veni</strong></span> <span class='ocrx_word' id='word_1_190' title='bbox 2313 1091 2377 1142; x_wconf 90' lang='lat' dir='ltr'><strong>ad</strong></span> <span class='ocrx_word' id='word_1_191' title='bbox 2410 1092 2860 1161; x_wconf 84' lang='lat' dir='ltr'><strong>reSpondendom,</strong></span> <span class='ocrx_word' id='word_1_192' title='bbox 2883 1095 3003 1160; x_wconf 87' lang='lat' dir='ltr'><strong>quia</strong></span> <span class='ocrx_word' id='word_1_193' title='bbox 3028 1105 3340 1146; x_wconf 83' lang='lat' dir='ltr'><strong>causatoros</strong></span> <span class='ocrx_word' id='word_1_194' title='bbox 3361 1107 3422 1146; x_wconf 90' lang='lat' dir='ltr'><strong>es</strong></span> <span class='ocrx_word' id='word_1_195' title='bbox 3444 1093 3764 1146; x_wconf 85' lang='lat' dir='ltr'><strong>nobiscum</strong></span> 
     </span>
    </p>
   </div>
   <div class='ocr_carea' id='block_1_28' title="bbox 2151 1181 3762 1252">
    <p class='ocr_par' dir='ltr' id='par_1_28' title="bbox 2151 1181 3762 1252">
     <span class='ocr_line' id='line_1_28' title="bbox 2151 1181 3762 1252; baseline 0.002 -19"><span class='ocrx_word' id='word_1_196' title='bbox 2151 1195 2329 1234; x_wconf 91' lang='lat' dir='ltr'><strong>coram</strong></span> <span class='ocrx_word' id='word_1_197' title='bbox 2357 1181 2602 1237; x_wconf 91' lang='lat' dir='ltr'><strong>Domino.</strong></span> <span class='ocrx_word' id='word_1_198' title='bbox 2624 1183 2748 1236; x_wconf 86' lang='lat' dir='ltr'><strong>Zelo</strong></span> <span class='ocrx_word' id='word_1_199' title='bbox 2771 1187 2912 1238; x_wconf 90' lang='lat' dir='ltr'><strong>enim</strong></span> <span class='ocrx_word' id='word_1_200' title='bbox 2941 1185 3130 1239; x_wconf 89' lang='lat' dir='ltr'><strong>ductos</strong></span> <span class='ocrx_word' id='word_1_201' title='bbox 3154 1195 3278 1237; x_wconf 88' lang='lat' dir='ltr'><strong>ante</strong></span> <span class='ocrx_word' id='word_1_202' title='bbox 3303 1199 3473 1237; x_wconf 84' lang='lat' dir='ltr'><strong>annos</strong></span> <span class='ocrx_word' id='word_1_203' title='bbox 3516 1184 3762 1252; x_wconf 76' lang='lat' dir='ltr'><strong>aliquot</strong></span> 
     </span>
    </p>
   </div>
   <div class='ocr_carea' id='block_1_29' title="bbox 2153 1273 3763 1344">
    <p class='ocr_par' dir='ltr' id='par_1_29' title="bbox 2153 1273 3763 1344">
     <span class='ocr_line' id='line_1_29' title="bbox 2153 1273 3763 1344; baseline 0.004 -20"><span class='ocrx_word' id='word_1_204' title='bbox 2153 1273 2434 1340; x_wconf 87' lang='lat' dir='ltr'><strong>conjugem</strong></span> <span class='ocrx_word' id='word_1_205' title='bbox 2484 1273 2851 1340; x_wconf 88' lang='lat' dir='ltr'><strong>innocentem,</strong></span> <span class='ocrx_word' id='word_1_206' title='bbox 2891 1277 3223 1344; x_wconf 84' lang='lat' dir='ltr'><strong>amicumque</strong></span> <span class='ocrx_word' id='word_1_207' title='bbox 3259 1286 3580 1344; x_wconf 79' lang='lat' dir='ltr'><strong>peremerat.</strong></span> <span class='ocrx_word' id='word_1_208' title='bbox 3626 1277 3763 1343; x_wconf 78' lang='lat' dir='ltr'><strong>lgi-</strong></span> 
     </span>
    </p>
   </div>
   <div class='ocr_carea' id='block_1_30' title="bbox 2155 1362 3736 1433">
    <p class='ocr_par' dir='ltr' id='par_1_30' title="bbox 2155 1362 3736 1433">
     <span class='ocr_line' id='line_1_30' title="bbox 2155 1362 3736 1433; baseline 0.003 -18"><span class='ocrx_word' id='word_1_209' title='bbox 2155 1373 2240 1415; x_wconf 88' lang='lat' dir='ltr'><strong>tur</strong></span> <span class='ocrx_word' id='word_1_210' title='bbox 2297 1362 2673 1417; x_wconf 84' lang='lat' dir='ltr'><strong>accedentibus</strong></span> <span class='ocrx_word' id='word_1_211' title='bbox 2736 1367 3000 1433; x_wconf 87' lang='lat' dir='ltr'><strong>episcopis</strong></span> <span class='ocrx_word' id='word_1_212' title='bbox 3037 1368 3100 1418; x_wconf 86' lang='lat' dir='ltr'><strong>ad</strong></span> <span class='ocrx_word' id='word_1_213' title='bbox 3136 1368 3453 1419; x_wconf 88' lang='lat' dir='ltr'><strong>antedictam</strong></span> <span class='ocrx_word' id='word_1_214' title='bbox 3495 1367 3736 1420; x_wconf 85' lang='lat' dir='ltr'><strong>urbem.</strong></span> 
     </span>
    </p>
   </div>
   <div class='ocr_carea' id='block_1_31' title="bbox 2151 1452 3736 1523">
    <p class='ocr_par' dir='ltr' id='par_1_31' title="bbox 2151 1452 3736 1523">
     <span class='ocr_line' id='line_1_31' title="bbox 2151 1452 3736 1523; baseline 0.003 -15"><span class='ocrx_word' id='word_1_215' title='bbox 2151 1468 2273 1508; x_wconf 91' lang='lat' dir='ltr'><strong>cum</strong></span> <span class='ocrx_word' id='word_1_216' title='bbox 2300 1452 2582 1520; x_wconf 82' lang='lat' dir='ltr'><strong>strepentis</strong></span> <span class='ocrx_word' id='word_1_217' title='bbox 2615 1455 2788 1522; x_wconf 88' lang='lat' dir='ltr'><strong>populi</strong></span> <span class='ocrx_word' id='word_1_218' title='bbox 2819 1456 3134 1508; x_wconf 87' lang='lat' dir='ltr'><strong>seditionem</strong></span> <span class='ocrx_word' id='word_1_219' title='bbox 3167 1457 3306 1510; x_wconf 86' lang='lat' dir='ltr'><strong>ferre</strong></span> <span class='ocrx_word' id='word_1_220' title='bbox 3333 1471 3436 1510; x_wconf 93' lang='lat' dir='ltr'><strong>non</strong></span> <span class='ocrx_word' id='word_1_221' title='bbox 3470 1466 3736 1523; x_wconf 72' lang='lat' dir='ltr'><strong>possent.</strong></span> 
     </span>
    </p>
   </div>
   <div class='ocr_carea' id='block_1_32' title="bbox 2161 1543 3752 1613">
    <p class='ocr_par' dir='ltr' id='par_1_32' title="bbox 2161 1543 3752 1613">
     <span class='ocr_line' id='line_1_32' title="bbox 2161 1543 3752 1613; baseline -0.002 -14"><span class='ocrx_word' id='word_1_222' title='bbox 2161 1543 2313 1613; x_wconf 81' lang='lat'><strong>137</strong></span> <span class='ocrx_word' id='word_1_223' title='bbox 2343 1559 2467 1597; x_wconf 91' lang='lat' dir='ltr'><strong>eum</strong></span> <span class='ocrx_word' id='word_1_224' title='bbox 2498 1544 2550 1596; x_wconf 92' lang='lat' dir='ltr'><strong>in</strong></span> <span class='ocrx_word' id='word_1_225' title='bbox 2579 1543 2803 1598; x_wconf 60' lang='lat' dir='ltr'><strong>ecclesia</strong></span> <span class='ocrx_word' id='word_1_226' title='bbox 2833 1545 3030 1598; x_wconf 87' lang='lat' dir='ltr'><strong>abdere</strong></span> <span class='ocrx_word' id='word_1_227' title='bbox 3057 1546 3365 1610; x_wconf 91' lang='lat' dir='ltr'><strong>voluerunt,</strong></span> <span class='ocrx_word' id='word_1_228' title='bbox 3394 1546 3607 1600; x_wconf 88' lang='lat' dir='ltr'><strong>scilicet</strong></span> <span class='ocrx_word' id='word_1_229' title='bbox 3635 1562 3752 1612; x_wconf 71' lang='lat' dir='ltr'><strong>po—</strong></span> 
     </span>
    </p>
   </div>
   <div class='ocr_carea' id='block_1_33' title="bbox 476 1634 3754 1729">
    <p class='ocr_par' dir='ltr' id='par_1_33' title="bbox 476 1634 3754 1729">
     <span class='ocr_line' id='line_1_33' title="bbox 476 1634 3754 1729; baseline 0 -21"><span class='ocrx_word' id='word_1_230' title='bbox 476 1667 787 1711; x_wconf 76' lang='lat' dir='ltr'><strong>inemorato</strong></span> <span class='ocrx_word' id='word_1_231' title='bbox 811 1659 1046 1712; x_wconf 88' lang='lat' dir='ltr'><strong>antistite</strong></span> <span class='ocrx_word' id='word_1_232' title='bbox 1069 1701 1083 1726; x_wconf 98' lang='lat'><strong>,</strong></span> <span class='ocrx_word' id='word_1_233' title='bbox 1117 1634 1362 1729; x_wconf 84' lang='lat' dir='ltr'><strong>Agiricos</strong></span> <span class='ocrx_word' id='word_1_234' title='bbox 1391 1661 1604 1726; x_wconf 86' lang='lat' dir='ltr'><strong>quidam</strong></span> <span class='ocrx_word' id='word_1_235' title='bbox 1631 1634 1883 1714; x_wconf 79' lang='lat' dir='ltr'><strong>ecivibus</strong></span> <span class='ocrx_word' id='word_1_236' title='bbox 1905 1658 1954 1712; x_wconf 93' lang='lat' dir='ltr'><strong>iu</strong></span> <span class='ocrx_word' id='word_1_237' title='bbox 1977 1675 2060 1712; x_wconf 88' lang='lat' dir='ltr'><strong>ca-</strong></span> <span class='ocrx_word' id='word_1_238' title='bbox 2094 1651 2138 1709; x_wconf 76' lang='grc' dir='ltr'><strong>Β</strong></span> <span class='ocrx_word' id='word_1_239' title='bbox 2166 1644 2351 1688; x_wconf 57' lang='lat' dir='ltr'><strong>“mnes</strong></span> <span class='ocrx_word' id='word_1_240' title='bbox 2392 1647 2512 1686; x_wconf 70' lang='lat' dir='ltr'><strong>eum</strong></span> <span class='ocrx_word' id='word_1_241' title='bbox 2563 1634 2612 1685; x_wconf 66' lang='lat' dir='ltr'><strong>i&quot;</strong></span> <span class='ocrx_word' id='word_1_242' title='bbox 2657 1650 2810 1729; x_wconf 50' lang='lat' dir='ltr'><strong>arca}</strong></span> <span class='ocrx_word' id='word_1_243' title='bbox 2852 1644 2904 1688; x_wconf 65' lang='grc' dir='ltr'><strong>εί</strong></span> <span class='ocrx_word' id='word_1_244' title='bbox 2951 1635 3183 1729; x_wconf 36' lang='lat' dir='ltr'><strong>“sui”?</strong></span> <span class='ocrx_word' id='word_1_245' title='bbox 3219 1645 3521 1729; x_wconf 38' lang='grc' dir='ltr'><strong>διέτηθημεδ</strong></span> <span class='ocrx_word' id='word_1_246' title='bbox 3564 1638 3754 1691; x_wconf 58' lang='lat'><strong>&quot;3515“</strong></span> 
     </span>
    </p>
   </div>
   <div class='ocr_carea' id='block_1_34' title="bbox 495 1745 2055 1819">
    <p class='ocr_par' dir='ltr' id='par_1_34' title="bbox 495 1745 2055 1819">
     <span class='ocr_line' id='line_1_34' title="bbox 495 1745 2055 1819; baseline 0.003 -21"><span class='ocrx_word' id='word_1_247' title='bbox 495 1745 736 1798; x_wconf 75' lang='lat' dir='ltr'><strong>thvdram</strong></span> <span class='ocrx_word' id='word_1_248' title='bbox 761 1747 874 1814; x_wconf 77' lang='lat' dir='ltr'><strong>ejus</strong></span> <span class='ocrx_word' id='word_1_249' title='bbox 896 1750 1235 1816; x_wconf 76' lang='lat' dir='ltr'><strong>subrogator.</strong></span> <span class='ocrx_word' id='word_1_250' title='bbox 1261 1749 1500 1819; x_wconf 76' lang='lat' dir='ltr'><strong>Siagrios</strong></span> <span class='ocrx_word' id='word_1_251' title='bbox 1524 1751 1547 1786; x_wconf 73' lang='grc' dir='ltr'>δ</span> <span class='ocrx_word' id='word_1_252' title='bbox 1564 1759 1748 1807; x_wconf 77' lang='lat' dir='ltr'><strong>autem</strong></span> <span class='ocrx_word' id='word_1_253' title='bbox 1778 1749 1913 1802; x_wconf 86' lang='lat' dir='ltr'><strong>filius</strong></span> <span class='ocrx_word' id='word_1_254' title='bbox 1941 1748 2055 1818; x_wconf 84' lang='lat' dir='ltr'><strong>ejus</strong></span> 
     </span>
    </p>
   </div>
   <div class='ocr_carea' id='block_1_35' title="bbox 494 1838 2056 1910">
    <p class='ocr_par' dir='ltr' id='par_1_35' title="bbox 494 1838 2056 1910">
     <span class='ocr_line' id='line_1_35' title="bbox 494 1838 2056 1910; baseline 0.001 -18"><span class='ocrx_word' id='word_1_255' title='bbox 494 1838 838 1892; x_wconf 70' lang='lat' dir='ltr'><strong>reminiscens</strong></span> <span class='ocrx_word' id='word_1_256' title='bbox 863 1839 1080 1908; x_wconf 84' lang='lat' dir='ltr'><strong>injurias</strong></span> <span class='ocrx_word' id='word_1_257' title='bbox 1111 1841 1308 1907; x_wconf 87' lang='lat' dir='ltr'><strong>patris,</strong></span> <span class='ocrx_word' id='word_1_258' title='bbox 1349 1842 1582 1910; x_wconf 87' lang='lat' dir='ltr'><strong>qualiter</strong></span> <span class='ocrx_word' id='word_1_259' title='bbox 1619 1856 1647 1894; x_wconf 91' lang='lat' dir='ltr'><strong>a</strong></span> <span class='ocrx_word' id='word_1_260' title='bbox 1687 1840 1953 1896; x_wconf 84' lang='lat' dir='ltr'><strong>Sirivaldo</strong></span> <span class='ocrx_word' id='word_1_261' title='bbox 1989 1841 2056 1894; x_wconf 86' lang='lat' dir='ltr'><strong>ad</strong></span> 
     </span>
    </p>
   </div>
   <div class='ocr_carea' id='block_1_36' title="bbox 496 1927 2054 2001">
    <p class='ocr_par' dir='ltr' id='par_1_36' title="bbox 496 1927 2054 2001">
     <span class='ocr_line' id='line_1_36' title="bbox 496 1927 2054 2001; baseline 0.004 -23"><span class='ocrx_word' id='word_1_262' title='bbox 496 1939 676 1995; x_wconf 81' lang='lat' dir='ltr'><strong>regem</strong></span> <span class='ocrx_word' id='word_1_263' title='bbox 701 1927 1088 1982; x_wconf 68' lang='lat' dir='ltr'><strong>Theodericum</strong></span> <span class='ocrx_word' id='word_1_264' title='bbox 1118 1931 1420 1996; x_wconf 85' lang='lat' dir='ltr'><strong>incusatus,</strong></span> <span class='ocrx_word' id='word_1_265' title='bbox 1443 1947 1547 1984; x_wconf 90' lang='lat' dir='ltr'><strong>non</strong></span> <span class='ocrx_word' id='word_1_266' title='bbox 1576 1932 1745 1984; x_wconf 88' lang='lat' dir='ltr'><strong>solum</strong></span> <span class='ocrx_word' id='word_1_267' title='bbox 1777 1931 2054 2001; x_wconf 65' lang='lat' dir='ltr'><strong>spoliatos,</strong></span> 
     </span>
    </p>
   </div>
   <div class='ocr_carea' id='block_1_37' title="bbox 500 2020 2056 2088">
    <p class='ocr_par' dir='ltr' id='par_1_37' title="bbox 500 2020 2056 2088">
     <span class='ocr_line' id='line_1_37' title="bbox 500 2020 2056 2088; baseline 0.003 -19"><span class='ocrx_word' id='word_1_268' title='bbox 500 2031 685 2070; x_wconf 74' lang='lat' dir='ltr'><strong>verum</strong></span> <span class='ocrx_word' id='word_1_269' title='bbox 726 2023 884 2071; x_wconf 88' lang='lat' dir='ltr'><strong>etiam</strong></span> <span class='ocrx_word' id='word_1_270' title='bbox 928 2020 1200 2087; x_wconf 66' lang='lat' dir='ltr'><strong>sopj.l.ciis</strong></span> <span class='ocrx_word' id='word_1_271' title='bbox 1235 2021 1454 2075; x_wconf 77' lang='lat' dir='ltr'><strong>allectus</strong></span> <span class='ocrx_word' id='word_1_272' title='bbox 1490 2021 1703 2088; x_wconf 83' lang='lat' dir='ltr'><strong>fuisset,</strong></span> <span class='ocrx_word' id='word_1_273' title='bbox 1745 2035 2056 2088; x_wconf 72' lang='lat' dir='ltr'><strong>oppressum</strong></span> 
     </span>
    </p>
   </div>
   <div class='ocr_carea' id='block_1_38' title="bbox 474 2112 2058 2168">
    <p class='ocr_par' dir='ltr' id='par_1_38' title="bbox 474 2112 2058 2168">
     <span class='ocr_line' id='line_1_38' title="bbox 474 2112 2058 2168; baseline 0.003 -6"><span class='ocrx_word' id='word_1_274' title='bbox 474 2123 620 2162; x_wconf 75' lang='lat' dir='ltr'><strong>cum</strong></span> <span class='ocrx_word' id='word_1_275' title='bbox 670 2121 872 2164; x_wconf 81' lang='lat' dir='ltr'><strong>armata</strong></span> <span class='ocrx_word' id='word_1_276' title='bbox 943 2127 1102 2165; x_wconf 87' lang='lat' dir='ltr'><strong>manu</strong></span> <span class='ocrx_word' id='word_1_277' title='bbox 1161 2112 1495 2167; x_wconf 80' lang='lat' dir='ltr'><strong>&#39;Sirivaldum</strong></span> <span class='ocrx_word' id='word_1_278' title='bbox 1549 2115 1722 2167; x_wconf 81' lang='lat' dir='ltr'><strong>taliter</strong></span> <span class='ocrx_word' id='word_1_279' title='bbox 1772 2112 2058 2168; x_wconf 83' lang='lat' dir='ltr'><strong>interfecit.</strong></span> 
     </span>
    </p>
   </div>
   <div class='ocr_carea' id='block_1_39' title="bbox 483 2202 2061 2277">
    <p class='ocr_par' dir='ltr' id='par_1_39' title="bbox 483 2202 2061 2277">
     <span class='ocr_line' id='line_1_39' title="bbox 483 2202 2061 2277; baseline 0.001 -20"><span class='ocrx_word' id='word_1_280' title='bbox 483 2202 646 2257; x_wconf 68' lang='lat' dir='ltr'><strong>Tunc</strong></span> <span class='ocrx_word' id='word_1_281' title='bbox 675 2217 830 2257; x_wconf 89' lang='lat' dir='ltr'><strong>mane</strong></span> <span class='ocrx_word' id='word_1_282' title='bbox 856 2203 1014 2270; x_wconf 81' lang='lat' dir='ltr'><strong>facto,</strong></span> <span class='ocrx_word' id='word_1_283' title='bbox 1040 2221 1158 2257; x_wconf 75' lang='lat' dir='ltr'><strong>cum</strong></span> <span class='ocrx_word' id='word_1_284' title='bbox 1188 2208 1377 2260; x_wconf 90' lang='lat' dir='ltr'><strong>nebula</strong></span> <span class='ocrx_word' id='word_1_285' title='bbox 1409 2218 1549 2261; x_wconf 79' lang='lat' dir='ltr'><strong>esset</strong></span> <span class='ocrx_word' id='word_1_286' title='bbox 1573 2208 1878 2272; x_wconf 68' lang='lat' dir='ltr'><strong>condensa,</strong></span> <span class='ocrx_word' id='word_1_287' title='bbox 1906 2209 2061 2277; x_wconf 75' lang='lat'><strong>136</strong></span> 
     </span>
    </p>
   </div>
   <div class='ocr_carea' id='block_1_40' title="bbox 497 2295 2060 2369">
    <p class='ocr_par' dir='ltr' id='par_1_40' title="bbox 497 2295 2060 2369">
     <span class='ocr_line' id='line_1_40' title="bbox 497 2295 2060 2369; baseline 0.004 -21"><span class='ocrx_word' id='word_1_288' title='bbox 497 2305 554 2348; x_wconf 88' lang='lat' dir='ltr'><strong>et</strong></span> <span class='ocrx_word' id='word_1_289' title='bbox 589 2295 674 2348; x_wconf 76' lang='lat' dir='ltr'><strong>vix</strong></span> <span class='ocrx_word' id='word_1_290' title='bbox 716 2295 891 2349; x_wconf 78' lang='lat' dir='ltr'><strong>adhuc</strong></span> <span class='ocrx_word' id='word_1_291' title='bbox 921 2297 1371 2364; x_wconf 83' lang='lat' dir='ltr'><strong>disrumpentibus</strong></span> <span class='ocrx_word' id='word_1_292' title='bbox 1413 2301 1642 2353; x_wconf 75' lang='lat' dir='ltr'><strong>tenebris</strong></span> <span class='ocrx_word' id='word_1_293' title='bbox 1697 2299 1892 2369; x_wconf 81' lang='lat' dir='ltr'><strong>aliquid</strong></span> <span class='ocrx_word' id='word_1_294' title='bbox 1939 2301 2060 2366; x_wconf 86' lang='lat' dir='ltr'><strong>quis</strong></span> 
     </span>
    </p>
   </div>
   <div class='ocr_carea' id='block_1_41' title="bbox 498 2387 2062 2458">
    <p class='ocr_par' dir='ltr' id='par_1_41' title="bbox 498 2387 2062 2458">
     <span class='ocr_line' id='line_1_41' title="bbox 498 2387 2062 2458; baseline 0.003 -21"><span class='ocrx_word' id='word_1_295' title='bbox 498 2397 684 2456; x_wconf 86' lang='lat' dir='ltr'><strong>posset</strong></span> <span class='ocrx_word' id='word_1_296' title='bbox 713 2387 1044 2450; x_wconf 67' lang='lat' dir='ltr'><strong>dizcerncre,</strong></span> <span class='ocrx_word' id='word_1_297' title='bbox 1077 2391 1218 2440; x_wconf 90' lang='lat' dir='ltr'><strong>venit</strong></span> <span class='ocrx_word' id='word_1_298' title='bbox 1250 2389 1313 2442; x_wconf 82' lang='lat' dir='ltr'><strong>ad</strong></span> <span class='ocrx_word' id='word_1_299' title='bbox 1342 2390 1512 2441; x_wconf 80' lang='lat' dir='ltr'><strong>villam</strong></span> <span class='ocrx_word' id='word_1_300' title='bbox 1539 2391 1654 2458; x_wconf 88' lang='lat' dir='ltr'><strong>ejus</strong></span> <span class='ocrx_word' id='word_1_301' title='bbox 1682 2391 1733 2443; x_wconf 93' lang='lat' dir='ltr'><strong>in</strong></span> <span class='ocrx_word' id='word_1_302' title='bbox 1759 2389 2062 2444; x_wconf 88' lang='lat' dir='ltr'><strong>Divionensi</strong></span> 
     </span>
    </p>
   </div>
   <div class='ocr_carea' id='block_1_42' title="bbox 483 2478 2062 2552">
    <p class='ocr_par' dir='ltr' id='par_1_42' title="bbox 483 2478 2062 2552">
     <span class='ocr_line' id='line_1_42' title="bbox 483 2478 2062 2552; baseline 0.002 -19"><span class='ocrx_word' id='word_1_303' title='bbox 483 2478 790 2542; x_wconf 66' lang='lat' dir='ltr'><strong>territorio,</strong></span> <span class='ocrx_word' id='word_1_304' title='bbox 821 2481 905 2532; x_wconf 91' lang='lat' dir='ltr'><strong>cui</strong></span> <span class='ocrx_word' id='word_1_305' title='bbox 948 2495 1139 2532; x_wconf 89' lang='lat' dir='ltr'><strong>nomen</strong></span> <span class='ocrx_word' id='word_1_306' title='bbox 1179 2492 1260 2534; x_wconf 88' lang='lat' dir='ltr'><strong>est</strong></span> <span class='ocrx_word' id='word_1_307' title='bbox 1299 2480 1592 2536; x_wconf 80' lang='lat' dir='ltr'><strong>Floriacuni</strong></span> <span class='ocrx_word' id='word_1_308' title='bbox 1638 2494 1699 2536; x_wconf 73' lang='grc' dir='ltr'><strong>ες</strong></span> <span class='ocrx_word' id='word_1_309' title='bbox 1742 2499 2062 2552; x_wconf 80' lang='lat' dir='ltr'><strong>cgressoqoe</strong></span> 
     </span>
    </p>
   </div>
   <div class='ocr_carea' id='block_1_43' title="bbox 501 2572 2058 2642">
    <p class='ocr_par' dir='ltr' id='par_1_43' title="bbox 501 2572 2058 2642">
     <span class='ocr_line' id='line_1_43' title="bbox 501 2572 2058 2642; baseline 0 -16"><span class='ocrx_word' id='word_1_310' title='bbox 501 2572 714 2626; x_wconf 90' lang='lat' dir='ltr'><strong>domum</strong></span> <span class='ocrx_word' id='word_1_311' title='bbox 775 2587 880 2625; x_wconf 92' lang='lat' dir='ltr'><strong>uno</strong></span> <span class='ocrx_word' id='word_1_312' title='bbox 933 2573 1261 2636; x_wconf 89' lang='lat' dir='ltr'><strong>amicorum,</strong></span> <span class='ocrx_word' id='word_1_313' title='bbox 1318 2582 1561 2641; x_wconf 83' lang='lat' dir='ltr'><strong>putantes</strong></span> <span class='ocrx_word' id='word_1_314' title='bbox 1611 2573 1780 2642; x_wconf 84' lang='lat' dir='ltr'><strong>ipsum</strong></span> <span class='ocrx_word' id='word_1_315' title='bbox 1839 2574 2058 2629; x_wconf 77' lang='lat' dir='ltr'><strong>Siriva|~</strong></span> 
     </span>
    </p>
   </div>
   <div class='ocr_carea' id='block_1_44' title="bbox 503 2661 2059 2731">
    <p class='ocr_par' dir='ltr' id='par_1_44' title="bbox 503 2661 2059 2731">
     <span class='ocr_line' id='line_1_44' title="bbox 503 2661 2059 2731; baseline -0.001 -13"><span class='ocrx_word' id='word_1_316' title='bbox 503 2664 629 2718; x_wconf 84' lang='lat' dir='ltr'><strong>dum</strong></span> <span class='ocrx_word' id='word_1_317' title='bbox 668 2677 786 2718; x_wconf 90' lang='lat' dir='ltr'><strong>esse</strong></span> <span class='ocrx_word' id='word_1_318' title='bbox 811 2704 824 2726; x_wconf 85' lang='lat'><strong>,</strong></span> <span class='ocrx_word' id='word_1_319' title='bbox 867 2663 1249 2718; x_wconf 80' lang='lat' dir='ltr'><strong>interfeCerunt</strong></span> <span class='ocrx_word' id='word_1_320' title='bbox 1285 2679 1447 2730; x_wconf 88' lang='lat' dir='ltr'><strong>eum;</strong></span> <span class='ocrx_word' id='word_1_321' title='bbox 1487 2681 1535 2719; x_wconf 84' lang='lat' dir='ltr'><strong>ei</strong></span> <span class='ocrx_word' id='word_1_322' title='bbox 1579 2665 1963 2718; x_wconf 80' lang='lat' dir='ltr'><strong>reVertentibus</strong></span> <span class='ocrx_word' id='word_1_323' title='bbox 2011 2661 2059 2731; x_wconf 75' lang='grc' dir='ltr'><strong>ἀ,</strong></span> 
     </span>
    </p>
   </div>
   <div class='ocr_carea' id='block_1_45' title="bbox 502 2747 2064 2826">
    <p class='ocr_par' dir='ltr' id='par_1_45' title="bbox 502 2747 2064 2826">
     <span class='ocr_line' id='line_1_45' title="bbox 502 2747 2064 2826; baseline 0.001 -18"><span class='ocrx_word' id='word_1_324' title='bbox 502 2747 653 2826; x_wconf 69' lang='grc' dir='ltr'><strong>(ιυειέί</strong></span> <span class='ocrx_word' id='word_1_325' title='bbox 685 2758 960 2811; x_wconf 79' lang='lat' dir='ltr'><strong>victoriam</strong></span> <span class='ocrx_word' id='word_1_326' title='bbox 991 2757 1346 2812; x_wconf 74' lang='lat' dir='ltr'><strong>obtinuissmt</strong></span> <span class='ocrx_word' id='word_1_327' title='bbox 1374 2759 1437 2811; x_wconf 92' lang='lat' dir='ltr'><strong>de</strong></span> <span class='ocrx_word' id='word_1_328' title='bbox 1482 2758 1716 2822; x_wconf 76' lang='lat' dir='ltr'><strong>inimico,</strong></span> <span class='ocrx_word' id='word_1_329' title='bbox 1755 2757 1950 2812; x_wconf 89' lang='lat' dir='ltr'><strong>indicat</strong></span> <span class='ocrx_word' id='word_1_330' title='bbox 1987 2757 2064 2810; x_wconf 88' lang='lat' dir='ltr'><strong>eis</strong></span> 
     </span>
    </p>
   </div>
   <div class='ocr_carea' id='block_1_46' title="bbox 503 2847 2062 2912">
    <p class='ocr_par' dir='ltr' id='par_1_46' title="bbox 503 2847 2062 2912">
     <span class='ocr_line' id='line_1_46' title="bbox 503 2847 2062 2912; baseline 0 -10"><span class='ocrx_word' id='word_1_331' title='bbox 503 2863 641 2902; x_wconf 80' lang='lat' dir='ltr'><strong>unus</strong></span> <span class='ocrx_word' id='word_1_332' title='bbox 670 2862 731 2902; x_wconf 77' lang='lat' dir='ltr'><strong>ex</strong></span> <span class='ocrx_word' id='word_1_333' title='bbox 769 2847 964 2902; x_wconf 87' lang='lat' dir='ltr'><strong>familia</strong></span> <span class='ocrx_word' id='word_1_334' title='bbox 983 2888 998 2912; x_wconf 93' lang='lat'><strong>,</strong></span> <span class='ocrx_word' id='word_1_335' title='bbox 1032 2865 1135 2902; x_wconf 91' lang='lat' dir='ltr'><strong>non</strong></span> <span class='ocrx_word' id='word_1_336' title='bbox 1164 2863 1255 2902; x_wconf 88' lang='lat' dir='ltr'><strong>eos</strong></span> <span class='ocrx_word' id='word_1_337' title='bbox 1283 2849 1554 2902; x_wconf 86' lang='lat' dir='ltr'><strong>dominum</strong></span> <span class='ocrx_word' id='word_1_338' title='bbox 1589 2850 1938 2911; x_wconf 77' lang='lat' dir='ltr'><strong>interfeciSse,</strong></span> <span class='ocrx_word' id='word_1_339' title='bbox 1970 2848 2062 2902; x_wconf 90' lang='lat' dir='ltr'><strong>sed</strong></span> 
     </span>
    </p>
   </div>
   <div class='ocr_carea' id='block_1_47' title="bbox 500 2941 2059 3012">
    <p class='ocr_par' dir='ltr' id='par_1_47' title="bbox 500 2941 2059 3012">
     <span class='ocr_line' id='line_1_47' title="bbox 500 2941 2059 3012; baseline -0.003 -15"><span class='ocrx_word' id='word_1_340' title='bbox 500 2942 794 2999; x_wconf 86' lang='lat' dir='ltr'><strong>subditum.</strong></span> <span class='ocrx_word' id='word_1_341' title='bbox 837 2945 907 2995; x_wconf 85' lang='lat' dir='ltr'><strong>At</strong></span> <span class='ocrx_word' id='word_1_342' title='bbox 944 2942 1018 2996; x_wconf 91' lang='lat' dir='ltr'><strong>illi</strong></span> <span class='ocrx_word' id='word_1_343' title='bbox 1048 2943 1308 3011; x_wconf 82' lang='lat' dir='ltr'><strong>regressi,</strong></span> <span class='ocrx_word' id='word_1_344' title='bbox 1351 2941 1681 3012; x_wconf 79' lang='lat' dir='ltr'><strong>requirentes</strong></span> <span class='ocrx_word' id='word_1_345' title='bbox 1707 2958 1859 3006; x_wconf 90' lang='lat' dir='ltr'><strong>cum,</strong></span> <span class='ocrx_word' id='word_1_346' title='bbox 1893 2942 2059 2995; x_wconf 83' lang='lat' dir='ltr'><strong>cellu-</strong></span> 
     </span>
    </p>
   </div>
   <div class='ocr_carea' id='block_1_48' title="bbox 2157 1726 3750 1796">
    <p class='ocr_par' dir='ltr' id='par_1_48' title="bbox 2157 1726 3750 1796">
     <span class='ocr_line' id='line_1_48' title="bbox 2157 1726 3750 1796; baseline 0.001 -17"><span class='ocrx_word' id='word_1_347' title='bbox 2157 1737 2364 1791; x_wconf 90' lang='lat' dir='ltr'><strong>menta,</strong></span> <span class='ocrx_word' id='word_1_348' title='bbox 2395 1740 2512 1794; x_wconf 74' lang='lat' dir='ltr'><strong>qua:</strong></span> <span class='ocrx_word' id='word_1_349' title='bbox 2545 1735 2696 1779; x_wconf 84' lang='lat' dir='ltr'><strong>erant</strong></span> <span class='ocrx_word' id='word_1_350' title='bbox 2722 1726 2786 1778; x_wconf 89' lang='lat' dir='ltr'><strong>ad</strong></span> <span class='ocrx_word' id='word_1_351' title='bbox 2817 1740 2967 1779; x_wconf 89' lang='lat' dir='ltr'><strong>osum</strong></span> <span class='ocrx_word' id='word_1_352' title='bbox 2997 1727 3257 1780; x_wconf 72' lang='lat' dir='ltr'><strong>ecclesirc.</strong></span> <span class='ocrx_word' id='word_1_353' title='bbox 3287 1727 3517 1796; x_wconf 85' lang='lat' dir='ltr'><strong>Populos</strong></span> <span class='ocrx_word' id='word_1_354' title='bbox 3543 1737 3750 1781; x_wconf 83' lang='lat' dir='ltr'><strong>autem</strong></span> 
     </span>
    </p>
   </div>
   <div class='ocr_carea' id='block_1_49' title="bbox 2158 1818 3750 1888">
    <p class='ocr_par' dir='ltr' id='par_1_49' title="bbox 2158 1818 3750 1888">
     <span class='ocr_line' id='line_1_49' title="bbox 2158 1818 3750 1888; baseline -0.001 -16"><span class='ocrx_word' id='word_1_355' title='bbox 2158 1818 2462 1887; x_wconf 84' lang='lat' dir='ltr'><strong>ingressus,</strong></span> <span class='ocrx_word' id='word_1_356' title='bbox 2497 1828 2960 1885; x_wconf 68' lang='lat' dir='ltr'><strong>perscrutatusque</strong></span> <span class='ocrx_word' id='word_1_357' title='bbox 2993 1819 3268 1872; x_wconf 88' lang='lat' dir='ltr'><strong>universos</strong></span> <span class='ocrx_word' id='word_1_358' title='bbox 3293 1819 3515 1888; x_wconf 85' lang='lat' dir='ltr'><strong>angulos</strong></span> <span class='ocrx_word' id='word_1_359' title='bbox 3545 1821 3750 1872; x_wconf 84' lang='lat' dir='ltr'><strong>eccle-</strong></span> 
     </span>
    </p>
   </div>
   <div class='ocr_carea' id='block_1_50' title="bbox 2157 1909 3745 1977">
    <p class='ocr_par' dir='ltr' id='par_1_50' title="bbox 2157 1909 3745 1977">
     <span class='ocr_line' id='line_1_50' title="bbox 2157 1909 3745 1977; baseline -0.001 -14"><span class='ocrx_word' id='word_1_360' title='bbox 2157 1911 2288 1974; x_wconf 68' lang='lat' dir='ltr'><strong>siae,</strong></span> <span class='ocrx_word' id='word_1_361' title='bbox 2320 1923 2439 1962; x_wconf 90' lang='lat' dir='ltr'><strong>cum</strong></span> <span class='ocrx_word' id='word_1_362' title='bbox 2483 1909 2614 1962; x_wconf 89' lang='lat' dir='ltr'><strong>nihil</strong></span> <span class='ocrx_word' id='word_1_363' title='bbox 2660 1912 2980 1977; x_wconf 88' lang='lat' dir='ltr'><strong>reperisset,</strong></span> <span class='ocrx_word' id='word_1_364' title='bbox 3031 1910 3282 1964; x_wconf 88' lang='lat' dir='ltr'><strong>frendens</strong></span> <span class='ocrx_word' id='word_1_365' title='bbox 3320 1912 3745 1976; x_wconf 79' lang='lat' dir='ltr'><strong>egrediebatur-</strong></span> 
     </span>
    </p>
   </div>
   <div class='ocr_carea' id='block_1_51' title="bbox 2158 2003 3743 2066">
    <p class='ocr_par' dir='ltr' id='par_1_51' title="bbox 2158 2003 3743 2066">
     <span class='ocr_line' id='line_1_51' title="bbox 2158 2003 3743 2066; baseline -0.001 -10"><span class='ocrx_word' id='word_1_366' title='bbox 2158 2003 2306 2058; x_wconf 89' lang='lat' dir='ltr'><strong>Tunc</strong></span> <span class='ocrx_word' id='word_1_367' title='bbox 2330 2017 2464 2056; x_wconf 88' lang='lat' dir='ltr'><strong>unus</strong></span> <span class='ocrx_word' id='word_1_368' title='bbox 2493 2016 2556 2054; x_wconf 77' lang='lat' dir='ltr'><strong>ex</strong></span> <span class='ocrx_word' id='word_1_369' title='bbox 2585 2003 2891 2066; x_wconf 71' lang='lat' dir='ltr'><strong>susliicione</strong></span> <span class='ocrx_word' id='word_1_370' title='bbox 2920 2003 3126 2056; x_wconf 69' lang='lat' dir='ltr'><strong>locutos</strong></span> <span class='ocrx_word' id='word_1_371' title='bbox 3145 2043 3160 2066; x_wconf 92' lang='lat'><strong>,</strong></span> <span class='ocrx_word' id='word_1_372' title='bbox 3194 2005 3266 2055; x_wconf 88' lang='lat' dir='ltr'><strong>ait</strong></span> <span class='ocrx_word' id='word_1_373' title='bbox 3290 2019 3303 2054; x_wconf 90' lang='lat'>:</span> <span class='ocrx_word' id='word_1_374' title='bbox 3338 2003 3412 2056; x_wconf 87' lang='lat' dir='ltr'><strong>En</strong></span> <span class='ocrx_word' id='word_1_375' title='bbox 3459 2018 3580 2055; x_wconf 70' lang='lat' dir='ltr'><strong>arra</strong></span> <span class='ocrx_word' id='word_1_376' title='bbox 3611 2045 3625 2062; x_wconf 84' lang='grc'>,</span> <span class='ocrx_word' id='word_1_377' title='bbox 3674 2005 3743 2055; x_wconf 77' lang='lat' dir='ltr'><strong>in</strong></span> 
     </span>
    </p>
   </div>
   <div class='ocr_carea' id='block_1_52' title="bbox 2159 2094 3742 2165">
    <p class='ocr_par' dir='ltr' id='par_1_52' title="bbox 2159 2094 3742 2165">
     <span class='ocr_line' id='line_1_52' title="bbox 2159 2094 3742 2165; baseline -0.001 -17"><span class='ocrx_word' id='word_1_378' title='bbox 2159 2112 2260 2165; x_wconf 84' lang='lat' dir='ltr'><strong>qua</strong></span> <span class='ocrx_word' id='word_1_379' title='bbox 2289 2112 2391 2149; x_wconf 91' lang='lat' dir='ltr'><strong>non</strong></span> <span class='ocrx_word' id='word_1_380' title='bbox 2417 2104 2496 2148; x_wconf 90' lang='lat' dir='ltr'><strong>est</strong></span> <span class='ocrx_word' id='word_1_381' title='bbox 2522 2094 2803 2163; x_wconf 89' lang='lat' dir='ltr'><strong>inquisitos</strong></span> <span class='ocrx_word' id='word_1_382' title='bbox 2827 2095 3166 2149; x_wconf 85' lang='lat' dir='ltr'><strong>adversarius</strong></span> <span class='ocrx_word' id='word_1_383' title='bbox 3192 2106 3391 2148; x_wconf 71' lang='lat' dir='ltr'><strong>noster.</strong></span> <span class='ocrx_word' id='word_1_384' title='bbox 3417 2095 3742 2148; x_wconf 87' lang='lat' dir='ltr'><strong>Dicentibus</strong></span> 
     </span>
    </p>
   </div>
   <div class='ocr_carea' id='block_1_53' title="bbox 2161 2186 3739 2251">
    <p class='ocr_par' dir='ltr' id='par_1_53' title="bbox 2161 2186 3739 2251">
     <span class='ocr_line' id='line_1_53' title="bbox 2161 2186 3739 2251; baseline -0.001 -11"><span class='ocrx_word' id='word_1_385' title='bbox 2161 2203 2287 2241; x_wconf 89' lang='lat' dir='ltr'><strong>vero</strong></span> <span class='ocrx_word' id='word_1_386' title='bbox 2309 2186 2643 2251; x_wconf 88' lang='lat' dir='ltr'><strong>custodibus,</strong></span> <span class='ocrx_word' id='word_1_387' title='bbox 2677 2186 2806 2239; x_wconf 93' lang='lat' dir='ltr'><strong>nihil</strong></span> <span class='ocrx_word' id='word_1_388' title='bbox 2838 2187 2889 2239; x_wconf 92' lang='lat' dir='ltr'><strong>in</strong></span> <span class='ocrx_word' id='word_1_389' title='bbox 2919 2202 2978 2240; x_wconf 90' lang='lat' dir='ltr'><strong>ea</strong></span> <span class='ocrx_word' id='word_1_390' title='bbox 3010 2187 3151 2240; x_wconf 86' lang='lat' dir='ltr'><strong>aliud</strong></span> <span class='ocrx_word' id='word_1_391' title='bbox 3182 2188 3279 2239; x_wconf 87' lang='lat' dir='ltr'><strong>nisi</strong></span> <span class='ocrx_word' id='word_1_392' title='bbox 3301 2196 3614 2240; x_wconf 87' lang='lat' dir='ltr'><strong>ornamenta</strong></span> <span class='ocrx_word' id='word_1_393' title='bbox 3639 2200 3739 2238; x_wconf 86' lang='lat' dir='ltr'><strong>ec—</strong></span> 
     </span>
    </p>
   </div>
   <div class='ocr_carea' id='block_1_54' title="bbox 2160 2277 3738 2347">
    <p class='ocr_par' dir='ltr' id='par_1_54' title="bbox 2160 2277 3738 2347">
     <span class='ocr_line' id='line_1_54' title="bbox 2160 2277 3738 2347; baseline -0.001 -15"><span class='ocrx_word' id='word_1_394' title='bbox 2160 2281 2342 2333; x_wconf 71' lang='lat' dir='ltr'><strong>clesia:</strong></span> <span class='ocrx_word' id='word_1_395' title='bbox 2371 2279 2656 2345; x_wconf 84' lang='lat' dir='ltr'><strong>contineri,</strong></span> <span class='ocrx_word' id='word_1_396' title='bbox 2687 2278 2758 2331; x_wconf 79' lang='lat' dir='ltr'><strong>illi</strong></span> <span class='ocrx_word' id='word_1_397' title='bbox 2787 2279 2990 2332; x_wconf 84' lang='lat' dir='ltr'><strong>clavem</strong></span> <span class='ocrx_word' id='word_1_398' title='bbox 3025 2279 3312 2347; x_wconf 86' lang='lat' dir='ltr'><strong>posmlant.</strong></span> <span class='ocrx_word' id='word_1_399' title='bbox 3346 2281 3552 2330; x_wconf 65' lang='lat' dir='ltr'><strong>aientr-s</strong></span> <span class='ocrx_word' id='word_1_400' title='bbox 3580 2294 3593 2330; x_wconf 93' lang='lat'><strong>:</strong></span> <span class='ocrx_word' id='word_1_401' title='bbox 3617 2277 3738 2330; x_wconf 83' lang='lat' dir='ltr'><strong>Nisi</strong></span> 
     </span>
    </p>
   </div>
   <div class='ocr_carea' id='block_1_55' title="bbox 2163 2367 3734 2437">
    <p class='ocr_par' dir='ltr' id='par_1_55' title="bbox 2163 2367 3734 2437">
     <span class='ocr_line' id='line_1_55' title="bbox 2163 2367 3734 2437; baseline -0.003 -14"><span class='ocrx_word' id='word_1_402' title='bbox 2163 2368 2528 2423; x_wconf 60' lang='lat' dir='ltr'><strong>reseratu-ritis</strong></span> <span class='ocrx_word' id='word_1_403' title='bbox 2549 2369 2813 2432; x_wconf 88' lang='lat' dir='ltr'><strong>velocius,</strong></span> <span class='ocrx_word' id='word_1_404' title='bbox 2846 2370 2946 2437; x_wconf 90' lang='lat' dir='ltr'><strong>ipsi</strong></span> <span class='ocrx_word' id='word_1_405' title='bbox 2972 2384 3087 2422; x_wconf 88' lang='lat' dir='ltr'><strong>eam</strong></span> <span class='ocrx_word' id='word_1_406' title='bbox 3115 2379 3302 2434; x_wconf 89' lang='lat' dir='ltr'><strong>sponte</strong></span> <span class='ocrx_word' id='word_1_407' title='bbox 3322 2367 3734 2436; x_wconf 83' lang='lat' dir='ltr'><strong>confringimus.</strong></span> 
     </span>
    </p>
   </div>
   <div class='ocr_carea' id='block_1_56' title="bbox 2164 2457 3743 2527">
    <p class='ocr_par' dir='ltr' id='par_1_56' title="bbox 2164 2457 3743 2527">
     <span class='ocr_line' id='line_1_56' title="bbox 2164 2457 3743 2527; baseline -0.002 -15"><span class='ocrx_word' id='word_1_408' title='bbox 2164 2457 2402 2527; x_wconf 89' lang='lat' dir='ltr'><strong>Denique</strong></span> <span class='ocrx_word' id='word_1_409' title='bbox 2424 2468 2662 2512; x_wconf 85' lang='lat' dir='ltr'><strong>reserata</strong></span> <span class='ocrx_word' id='word_1_410' title='bbox 2692 2473 2813 2512; x_wconf 88' lang='lat' dir='ltr'><strong>arca</strong></span> <span class='ocrx_word' id='word_1_411' title='bbox 2834 2497 2850 2524; x_wconf 97' lang='lat'><strong>,</strong></span> <span class='ocrx_word' id='word_1_412' title='bbox 2883 2460 3076 2512; x_wconf 80' lang='lat' dir='ltr'><strong>amntis</strong></span> <span class='ocrx_word' id='word_1_413' title='bbox 3103 2459 3519 2522; x_wconf 83' lang='lat' dir='ltr'><strong>linteaminibus,</strong></span> <span class='ocrx_word' id='word_1_414' title='bbox 3557 2459 3743 2510; x_wconf 81' lang='lat' dir='ltr'><strong>inven-</strong></span> 
     </span>
    </p>
   </div>
   <div class='ocr_carea' id='block_1_57' title="bbox 2166 2549 3734 2619">
    <p class='ocr_par' dir='ltr' id='par_1_57' title="bbox 2166 2549 3734 2619">
     <span class='ocr_line' id='line_1_57' title="bbox 2166 2549 3734 2619; baseline -0.001 -15"><span class='ocrx_word' id='word_1_415' title='bbox 2166 2560 2274 2604; x_wconf 91' lang='lat' dir='ltr'><strong>turn</strong></span> <span class='ocrx_word' id='word_1_416' title='bbox 2307 2550 2621 2614; x_wconf 81' lang='lat' dir='ltr'><strong>extrahunt,</strong></span> <span class='ocrx_word' id='word_1_417' title='bbox 2655 2549 2966 2618; x_wconf 84' lang='lat' dir='ltr'><strong>plaudentes</strong></span> <span class='ocrx_word' id='word_1_418' title='bbox 2994 2560 3151 2619; x_wconf 89' lang='lat' dir='ltr'><strong>atque</strong></span> <span class='ocrx_word' id='word_1_419' title='bbox 3179 2551 3458 2604; x_wconf 86' lang='lat' dir='ltr'><strong>dicentes:</strong></span> <span class='ocrx_word' id='word_1_420' title='bbox 3489 2550 3734 2603; x_wconf 83' lang='lat' dir='ltr'><strong>Tradidit</strong></span> 
     </span>
    </p>
   </div>
   <div class='ocr_carea' id='block_1_58' title="bbox 2163 2641 3734 2698">
    <p class='ocr_par' dir='ltr' id='par_1_58' title="bbox 2163 2641 3734 2698">
     <span class='ocr_line' id='line_1_58' title="bbox 2163 2641 3734 2698; baseline 0.002 -3"><span class='ocrx_word' id='word_1_421' title='bbox 2163 2641 2302 2697; x_wconf 88' lang='lat' dir='ltr'><strong>Deos</strong></span> <span class='ocrx_word' id='word_1_422' title='bbox 2329 2641 2597 2697; x_wconf 90' lang='lat' dir='ltr'><strong>inimicum</strong></span> <span class='ocrx_word' id='word_1_423' title='bbox 2630 2653 2866 2696; x_wconf 88' lang='lat' dir='ltr'><strong>uostrmu</strong></span> <span class='ocrx_word' id='word_1_424' title='bbox 2898 2646 2948 2696; x_wconf 92' lang='lat' dir='ltr'><strong>in</strong></span> <span class='ocrx_word' id='word_1_425' title='bbox 2980 2661 3164 2698; x_wconf 76' lang='lat' dir='ltr'><strong>manus</strong></span> <span class='ocrx_word' id='word_1_426' title='bbox 3194 2655 3422 2698; x_wconf 85' lang='lat' dir='ltr'><strong>nostras.</strong></span> <span class='ocrx_word' id='word_1_427' title='bbox 3449 2643 3599 2697; x_wconf 87' lang='lat' dir='ltr'><strong>Tunc</strong></span> <span class='ocrx_word' id='word_1_428' title='bbox 3625 2658 3734 2698; x_wconf 53' lang='grc' dir='ltr'><strong>σὺ</strong></span> 
     </span>
    </p>
   </div>
   <div class='ocr_carea' id='block_1_59' title="bbox 2165 2734 3734 2806">
    <p class='ocr_par' dir='ltr' id='par_1_59' title="bbox 2165 2734 3734 2806">
     <span class='ocr_line' id='line_1_59' title="bbox 2165 2734 3734 2806; baseline -0.001 -18"><span class='ocrx_word' id='word_1_429' title='bbox 2165 2734 2354 2789; x_wconf 88' lang='lat' dir='ltr'><strong>dentes</strong></span> <span class='ocrx_word' id='word_1_430' title='bbox 2385 2751 2506 2789; x_wconf 89' lang='lat' dir='ltr'><strong>eum</strong></span> <span class='ocrx_word' id='word_1_431' title='bbox 2539 2737 2757 2804; x_wconf 84' lang='lat' dir='ltr'><strong>pugnis,</strong></span> <span class='ocrx_word' id='word_1_432' title='bbox 2788 2737 3065 2805; x_wconf 87' lang='lat' dir='ltr'><strong>sputisqne</strong></span> <span class='ocrx_word' id='word_1_433' title='bbox 3095 2747 3438 2806; x_wconf 86' lang='lat' dir='ltr'><strong>perurgentes</strong></span> <span class='ocrx_word' id='word_1_434' title='bbox 3468 2734 3512 2801; x_wconf 73' lang='grc' dir='ltr'><strong>ί,</strong></span> <span class='ocrx_word' id='word_1_435' title='bbox 3541 2738 3734 2790; x_wconf 51' lang='lat' dir='ltr'><strong>vinctis-</strong></span> 
     </span>
    </p>
   </div>
   <div class='ocr_carea' id='block_1_60' title="bbox 2165 2828 3736 2897">
    <p class='ocr_par' dir='ltr' id='par_1_60' title="bbox 2165 2828 3736 2897">
     <span class='ocr_line' id='line_1_60' title="bbox 2165 2828 3736 2897; baseline 0.001 -16"><span class='ocrx_word' id='word_1_436' title='bbox 2165 2837 2285 2896; x_wconf 90' lang='lat' dir='ltr'><strong>post</strong></span> <span class='ocrx_word' id='word_1_437' title='bbox 2313 2836 2519 2896; x_wconf 84' lang='lat' dir='ltr'><strong>tergum</strong></span> <span class='ocrx_word' id='word_1_438' title='bbox 2553 2828 2796 2882; x_wconf 84' lang='lat' dir='ltr'><strong>manibus</strong></span> <span class='ocrx_word' id='word_1_439' title='bbox 2825 2828 2888 2882; x_wconf 90' lang='lat' dir='ltr'><strong>ad</strong></span> <span class='ocrx_word' id='word_1_440' title='bbox 2916 2829 3213 2882; x_wconf 85' lang='lat' dir='ltr'><strong>columnam</strong></span> <span class='ocrx_word' id='word_1_441' title='bbox 3251 2830 3510 2897; x_wconf 89' lang='lat' dir='ltr'><strong>lapidibus</strong></span> <span class='ocrx_word' id='word_1_442' title='bbox 3536 2831 3736 2884; x_wconf 84' lang='lat' dir='ltr'><strong>obrue-</strong></span> 
     </span>
    </p>
   </div>
   <div class='ocr_carea' id='block_1_61' title="bbox 2163 2917 3734 2990">
    <p class='ocr_par' dir='ltr' id='par_1_61' title="bbox 2163 2917 3734 2990">
     <span class='ocr_line' id='line_1_61' title="bbox 2163 2917 3734 2990; baseline 0.001 -20"><span class='ocrx_word' id='word_1_443' title='bbox 2163 2927 2306 2971; x_wconf 86' lang='lat' dir='ltr'><strong>runt.</strong></span> <span class='ocrx_word' id='word_1_444' title='bbox 2348 2917 2472 2974; x_wconf 85' lang='lat' dir='ltr'><strong>Fuit</strong></span> <span class='ocrx_word' id='word_1_445' title='bbox 2509 2933 2684 2973; x_wconf 87' lang='lat' dir='ltr'><strong>autem</strong></span> <span class='ocrx_word' id='word_1_446' title='bbox 2727 2919 2777 2972; x_wconf 92' lang='lat' dir='ltr'><strong>in</strong></span> <span class='ocrx_word' id='word_1_447' title='bbox 2819 2918 2952 2972; x_wconf 89' lang='lat' dir='ltr'><strong>cibis</strong></span> <span class='ocrx_word' id='word_1_448' title='bbox 2995 2920 3156 2990; x_wconf 75' lang='lat'><strong>138</strong></span> <span class='ocrx_word' id='word_1_449' title='bbox 3193 2920 3346 2974; x_wconf 89' lang='lat' dir='ltr'><strong>valde</strong></span> <span class='ocrx_word' id='word_1_450' title='bbox 3385 2935 3598 2973; x_wconf 80' lang='lat' dir='ltr'><strong>vorax:</strong></span> <span class='ocrx_word' id='word_1_451' title='bbox 3639 2921 3734 2972; x_wconf 83' lang='lat' dir='ltr'><strong>sed</strong></span> 
     </span>
    </p>
   </div>
   <div class='ocr_carea' id='block_1_62' title="bbox 506 3010 3733 3102">
    <p class='ocr_par' dir='ltr' id='par_1_62' title="bbox 506 3010 3733 3102">
     <span class='ocr_line' id='line_1_62' title="bbox 506 3010 3733 3102; baseline 0.001 -43"><span class='ocrx_word' id='word_1_452' title='bbox 506 3037 646 3101; x_wconf 51' lang='lat' dir='ltr'><strong>iam,</strong></span> <span class='ocrx_word' id='word_1_453' title='bbox 677 3035 729 3087; x_wconf 70' lang='lat' dir='ltr'><strong>in</strong></span> <span class='ocrx_word' id='word_1_454' title='bbox 757 3045 856 3102; x_wconf 65' lang='lat' dir='ltr'><strong>qua</strong></span> <span class='ocrx_word' id='word_1_455' title='bbox 885 3010 1132 3088; x_wconf 41' lang='lat' dir='ltr'><strong>domum,</strong></span> <span class='ocrx_word' id='word_1_456' title='bbox 1161 3033 1346 3086; x_wconf 67' lang='lat' dir='ltr'><strong>soliws</strong></span> <span class='ocrx_word' id='word_1_457' title='bbox 1383 3010 1524 3099; x_wconf 44' lang='grc' dir='ltr'><strong>θέει,</strong></span> <span class='ocrx_word' id='word_1_458' title='bbox 1566 3042 1830 3101; x_wconf 51' lang='lat' dir='ltr'><strong>repertam</strong></span> <span class='ocrx_word' id='word_1_459' title='bbox 1870 3048 2063 3102; x_wconf 47' lang='grc' dir='ltr'><strong>ηενρ,</strong></span> <span class='ocrx_word' id='word_1_460' title='bbox 2095 3037 2138 3096; x_wconf 77' lang='lat' dir='ltr'>C</span> <span class='ocrx_word' id='word_1_461' title='bbox 2168 3024 2286 3078; x_wconf 68' lang='lat' dir='ltr'><strong>qua:</strong></span> <span class='ocrx_word' id='word_1_462' title='bbox 2323 3011 2602 3076; x_wconf 90' lang='lat' dir='ltr'><strong>sumebat,</strong></span> <span class='ocrx_word' id='word_1_463' title='bbox 2635 3025 2740 3080; x_wconf 91' lang='lat' dir='ltr'><strong>quo</strong></span> <span class='ocrx_word' id='word_1_464' title='bbox 2769 3010 2995 3065; x_wconf 88' lang='lat' dir='ltr'><strong>celerius</strong></span> <span class='ocrx_word' id='word_1_465' title='bbox 3023 3013 3088 3065; x_wconf 91' lang='lat' dir='ltr'><strong>ad</strong></span> <span class='ocrx_word' id='word_1_466' title='bbox 3117 3011 3544 3064; x_wconf 89' lang='lat' dir='ltr'><strong>manducandum</strong></span> <span class='ocrx_word' id='word_1_467' title='bbox 3587 3026 3733 3063; x_wconf 84' lang='lat' dir='ltr'><strong>com-</strong></span> 
     </span>
    </p>
   </div>
   <div class='ocr_carea' id='block_1_63' title="bbox 500 3124 2062 3193">
    <p class='ocr_par' dir='ltr' id='par_1_63' title="bbox 500 3124 2062 3193">
     <span class='ocr_line' id='line_1_63' title="bbox 500 3124 2062 3193; baseline -0.003 -11"><span class='ocrx_word' id='word_1_468' title='bbox 500 3127 742 3182; x_wconf 85' lang='lat' dir='ltr'><strong>diuntur.</strong></span> <span class='ocrx_word' id='word_1_469' title='bbox 771 3128 854 3179; x_wconf 48' lang='lat' dir='ltr'><strong>‘Ad</strong></span> <span class='ocrx_word' id='word_1_470' title='bbox 884 3127 1034 3191; x_wconf 84' lang='lat' dir='ltr'><strong>cujus</strong></span> <span class='ocrx_word' id='word_1_471' title='bbox 1060 3127 1252 3178; x_wconf 90' lang='lat' dir='ltr'><strong>ostium</strong></span> <span class='ocrx_word' id='word_1_472' title='bbox 1282 3125 1576 3178; x_wconf 88' lang='lat' dir='ltr'><strong>diutissime</strong></span> <span class='ocrx_word' id='word_1_473' title='bbox 1599 3133 1908 3193; x_wconf 86' lang='lat' dir='ltr'><strong>pugnantes,</strong></span> <span class='ocrx_word' id='word_1_474' title='bbox 1935 3124 2062 3177; x_wconf 73' lang='lat' dir='ltr'><strong>nihil</strong></span> 
     </span>
    </p>
   </div>
   <div class='ocr_carea' id='block_1_64' title="bbox 504 3213 2062 3283">
    <p class='ocr_par' dir='ltr' id='par_1_64' title="bbox 504 3213 2062 3283">
     <span class='ocr_line' id='line_1_64' title="bbox 504 3213 2062 3283; baseline -0.001 -13"><span class='ocrx_word' id='word_1_475' title='bbox 504 3217 554 3271; x_wconf 88' lang='lat' dir='ltr'><strong>ei</strong></span> <span class='ocrx_word' id='word_1_476' title='bbox 587 3225 829 3283; x_wconf 87' lang='lat' dir='ltr'><strong>poterant</strong></span> <span class='ocrx_word' id='word_1_477' title='bbox 868 3218 1177 3282; x_wconf 66' lang='lat' dir='ltr'><strong>prwvalere.</strong></span> <span class='ocrx_word' id='word_1_478' title='bbox 1218 3215 1419 3268; x_wconf 86' lang='lat' dir='ltr'><strong>Dehinc</strong></span> <span class='ocrx_word' id='word_1_479' title='bbox 1457 3225 1612 3269; x_wconf 89' lang='lat' dir='ltr'><strong>eruto</strong></span> <span class='ocrx_word' id='word_1_480' title='bbox 1651 3216 1718 3268; x_wconf 90' lang='lat' dir='ltr'><strong>ab</strong></span> <span class='ocrx_word' id='word_1_481' title='bbox 1757 3230 1860 3269; x_wconf 89' lang='lat' dir='ltr'><strong>uno</strong></span> <span class='ocrx_word' id='word_1_482' title='bbox 1896 3213 2062 3268; x_wconf 67' lang='lat' dir='ltr'><strong>latere</strong></span> 
     </span>
    </p>
   </div>
   <div class='ocr_carea' id='block_1_65' title="bbox 503 3302 2065 3374">
    <p class='ocr_par' dir='ltr' id='par_1_65' title="bbox 503 3302 2065 3374">
     <span class='ocr_line' id='line_1_65' title="bbox 503 3302 2065 3374; baseline -0.001 -18"><span class='ocrx_word' id='word_1_483' title='bbox 503 3305 708 3374; x_wconf 88' lang='lat' dir='ltr'><strong>pariete</strong></span> <span class='ocrx_word' id='word_1_484' title='bbox 737 3305 1090 3371; x_wconf 85' lang='lat' dir='ltr'><strong>ingredientes</strong></span> <span class='ocrx_word' id='word_1_485' title='bbox 1113 3346 1126 3369; x_wconf 91' lang='lat'><strong>,</strong></span> <span class='ocrx_word' id='word_1_486' title='bbox 1158 3302 1332 3372; x_wconf 87' lang='lat' dir='ltr'><strong>gladio</strong></span> <span class='ocrx_word' id='word_1_487' title='bbox 1362 3317 1483 3357; x_wconf 89' lang='lat' dir='ltr'><strong>eum</strong></span> <span class='ocrx_word' id='word_1_488' title='bbox 1515 3304 1909 3358; x_wconf 79' lang='lat' dir='ltr'><strong>iiiterleCeront.</strong></span> <span class='ocrx_word' id='word_1_489' title='bbox 1941 3303 2065 3356; x_wconf 88' lang='lat' dir='ltr'><strong>Post</strong></span> 
     </span>
    </p>
   </div>
   <div class='ocr_carea' id='block_1_66' title="bbox 497 3390 1826 3447">
    <p class='ocr_par' dir='ltr' id='par_1_66' title="bbox 497 3390 1826 3447">
     <span class='ocr_line' id='line_1_66' title="bbox 497 3390 1826 3447; baseline -0.002 0"><span class='ocrx_word' id='word_1_490' title='bbox 497 3403 730 3447; x_wconf 75' lang='lat' dir='ltr'><strong>nionem</strong></span> <span class='ocrx_word' id='word_1_491' title='bbox 761 3396 901 3447; x_wconf 86' lang='lat' dir='ltr'><strong>enim</strong></span> <span class='ocrx_word' id='word_1_492' title='bbox 929 3390 1246 3447; x_wconf 88' lang='lat' dir='ltr'><strong>Theoderici</strong></span> <span class='ocrx_word' id='word_1_493' title='bbox 1279 3396 1364 3446; x_wconf 92' lang='lat' dir='ltr'><strong>hic</strong></span> <span class='ocrx_word' id='word_1_494' title='bbox 1391 3393 1698 3447; x_wconf 79' lang='lat' dir='ltr'><strong>interfecms</strong></span> <span class='ocrx_word' id='word_1_495' title='bbox 1725 3403 1826 3447; x_wconf 88' lang='lat' dir='ltr'><strong>est.</strong></span> 
     </span>
    </p>
   </div>
   <div class='ocr_carea' id='block_1_67' title="bbox 576 3483 2060 3555">
    <p class='ocr_par' dir='ltr' id='par_1_67' title="bbox 576 3483 2060 3555">
     <span class='ocr_line' id='line_1_67' title="bbox 576 3483 2060 3555; baseline 0 -17"><span class='ocrx_word' id='word_1_496' title='bbox 576 3484 813 3539; x_wconf 68' lang='lat' dir='ltr'><strong>XXXVI.</strong></span> <span class='ocrx_word' id='word_1_497' title='bbox 869 3485 962 3540; x_wconf 88' lang='lat' dir='ltr'><strong>llis</strong></span> <span class='ocrx_word' id='word_1_498' title='bbox 1015 3485 1246 3554; x_wconf 90' lang='lat' dir='ltr'><strong>denique</strong></span> <span class='ocrx_word' id='word_1_499' title='bbox 1299 3485 1463 3555; x_wconf 83' lang='lat' dir='ltr'><strong>gestis</strong></span> <span class='ocrx_word' id='word_1_500' title='bbox 1511 3483 1910 3538; x_wconf 88' lang='lat' dir='ltr'><strong>Theodebertus</strong></span> <span class='ocrx_word' id='word_1_501' title='bbox 1967 3499 2060 3538; x_wconf 84' lang='lat' dir='ltr'><strong>rex</strong></span> 
     </span>
    </p>
   </div>
   <div class='ocr_carea' id='block_1_68' title="bbox 497 3575 2062 3646">
    <p class='ocr_par' dir='ltr' id='par_1_68' title="bbox 497 3575 2062 3646">
     <span class='ocr_line' id='line_1_68' title="bbox 497 3575 2062 3646; baseline -0.003 -14"><span class='ocrx_word' id='word_1_502' title='bbox 497 3588 758 3646; x_wconf 68' lang='lat' dir='ltr'><strong>aegrotare</strong></span> <span class='ocrx_word' id='word_1_503' title='bbox 787 3577 971 3645; x_wconf 74' lang='lat' dir='ltr'><strong>erepit.</strong></span> <span class='ocrx_word' id='word_1_504' title='bbox 1003 3577 1080 3630; x_wconf 84' lang='lat' dir='ltr'><strong>Ad</strong></span> <span class='ocrx_word' id='word_1_505' title='bbox 1120 3591 1276 3645; x_wconf 86' lang='lat' dir='ltr'><strong>quem</strong></span> <span class='ocrx_word' id='word_1_506' title='bbox 1317 3576 1509 3630; x_wconf 91' lang='lat' dir='ltr'><strong>medici</strong></span> <span class='ocrx_word' id='word_1_507' title='bbox 1554 3576 1718 3629; x_wconf 90' lang='lat' dir='ltr'><strong>multa</strong></span> <span class='ocrx_word' id='word_1_508' title='bbox 1753 3575 1925 3630; x_wconf 87' lang='lat' dir='ltr'><strong>studia</strong></span> <span class='ocrx_word' id='word_1_509' title='bbox 1969 3591 2062 3628; x_wconf 86' lang='lat' dir='ltr'><strong>mi-</strong></span> 
     </span>
    </p>
   </div>
   <div class='ocr_carea' id='block_1_69' title="bbox 499 3666 2062 3738">
    <p class='ocr_par' dir='ltr' id='par_1_69' title="bbox 499 3666 2062 3738">
     <span class='ocr_line' id='line_1_69' title="bbox 499 3666 2062 3738; baseline -0.001 -16"><span class='ocrx_word' id='word_1_510' title='bbox 499 3668 845 3738; x_wconf 88' lang='lat' dir='ltr'><strong>peuderunt:</strong></span> <span class='ocrx_word' id='word_1_511' title='bbox 874 3666 967 3722; x_wconf 82' lang='lat' dir='ltr'><strong>sed</strong></span> <span class='ocrx_word' id='word_1_512' title='bbox 999 3667 1130 3720; x_wconf 91' lang='lat' dir='ltr'><strong>nihil</strong></span> <span class='ocrx_word' id='word_1_513' title='bbox 1153 3667 1351 3733; x_wconf 88' lang='lat' dir='ltr'><strong>valuit,</strong></span> <span class='ocrx_word' id='word_1_514' title='bbox 1385 3668 1504 3735; x_wconf 88' lang='lat' dir='ltr'><strong>quia</strong></span> <span class='ocrx_word' id='word_1_515' title='bbox 1532 3682 1652 3721; x_wconf 90' lang='lat' dir='ltr'><strong>eum</strong></span> <span class='ocrx_word' id='word_1_516' title='bbox 1677 3667 1785 3736; x_wconf 87' lang='lat' dir='ltr'><strong>jam</strong></span> <span class='ocrx_word' id='word_1_517' title='bbox 1810 3666 2062 3720; x_wconf 90' lang='lat' dir='ltr'><strong>Dominus</strong></span> 
     </span>
    </p>
   </div>
   <div class='ocr_carea' id='block_1_70' title="bbox 500 3756 2062 3828">
    <p class='ocr_par' dir='ltr' id='par_1_70' title="bbox 500 3756 2062 3828">
     <span class='ocr_line' id='line_1_70' title="bbox 500 3756 2062 3828; baseline -0.001 -16"><span class='ocrx_word' id='word_1_518' title='bbox 500 3763 677 3813; x_wconf 87' lang='lat' dir='ltr'><strong>vocari</strong></span> <span class='ocrx_word' id='word_1_519' title='bbox 704 3757 948 3827; x_wconf 86' lang='lat' dir='ltr'><strong>jubebat.</strong></span> <span class='ocrx_word' id='word_1_520' title='bbox 982 3757 1121 3828; x_wconf 85' lang='lat' dir='ltr'><strong>Ergo</strong></span> <span class='ocrx_word' id='word_1_521' title='bbox 1151 3771 1270 3812; x_wconf 91' lang='lat' dir='ltr'><strong>cum</strong></span> <span class='ocrx_word' id='word_1_522' title='bbox 1301 3756 1599 3812; x_wconf 86' lang='lat' dir='ltr'><strong>diutissime</strong></span> <span class='ocrx_word' id='word_1_523' title='bbox 1626 3768 1962 3826; x_wconf 85' lang='lat' dir='ltr'><strong>a-grotasset,</strong></span> <span class='ocrx_word' id='word_1_524' title='bbox 1995 3757 2062 3810; x_wconf 89' lang='lat' dir='ltr'><strong>ab</strong></span> 
     </span>
    </p>
   </div>
   <div class='ocr_carea' id='block_1_71' title="bbox 500 3846 2058 3918">
    <p class='ocr_par' dir='ltr' id='par_1_71' title="bbox 500 3846 2058 3918">
     <span class='ocr_line' id='line_1_71' title="bbox 500 3846 2058 3918; baseline -0.003 -13"><span class='ocrx_word' id='word_1_525' title='bbox 500 3849 615 3918; x_wconf 84' lang='lat' dir='ltr'><strong>ipsa</strong></span> <span class='ocrx_word' id='word_1_526' title='bbox 653 3850 961 3904; x_wconf 82' lang='lat' dir='ltr'><strong>infirmitate</strong></span> <span class='ocrx_word' id='word_1_527' title='bbox 999 3846 1252 3903; x_wconf 86' lang='lat' dir='ltr'><strong>deficiens</strong></span> <span class='ocrx_word' id='word_1_528' title='bbox 1272 3889 1286 3914; x_wconf 91' lang='lat'><strong>,</strong></span> <span class='ocrx_word' id='word_1_529' title='bbox 1318 3847 1547 3902; x_wconf 88' lang='lat' dir='ltr'><strong>reddidit</strong></span> <span class='ocrx_word' id='word_1_530' title='bbox 1573 3849 1840 3918; x_wconf 91' lang='lat' dir='ltr'><strong>spiritum.</strong></span> <span class='ocrx_word' id='word_1_531' title='bbox 1871 3847 2058 3902; x_wconf 87' lang='lat' dir='ltr'><strong>Franci</strong></span> 
     </span>
    </p>
   </div>
   <div class='ocr_carea' id='block_1_72' title="bbox 498 3943 2061 4012">
    <p class='ocr_par' dir='ltr' id='par_1_72' title="bbox 498 3943 2061 4012">
     <span class='ocr_line' id='line_1_72' title="bbox 498 3943 2061 4012; baseline -0.001 -14"><span class='ocrx_word' id='word_1_532' title='bbox 498 3958 626 3998; x_wconf 81' lang='lat' dir='ltr'><strong>vero</strong></span> <span class='ocrx_word' id='word_1_533' title='bbox 656 3959 775 3999; x_wconf 88' lang='lat' dir='ltr'><strong>cum</strong></span> <span class='ocrx_word' id='word_1_534' title='bbox 807 3943 1148 3999; x_wconf 83' lang='lat' dir='ltr'><strong>Parthenium</strong></span> <span class='ocrx_word' id='word_1_535' title='bbox 1181 3943 1232 3997; x_wconf 93' lang='lat' dir='ltr'><strong>in</strong></span> <span class='ocrx_word' id='word_1_536' title='bbox 1261 3943 1386 3996; x_wconf 91' lang='lat' dir='ltr'><strong>odio</strong></span> <span class='ocrx_word' id='word_1_537' title='bbox 1428 3958 1620 4012; x_wconf 91' lang='lat' dir='ltr'><strong>tnagno</strong></span> <span class='ocrx_word' id='word_1_538' title='bbox 1647 3943 1933 4006; x_wconf 87' lang='lat' dir='ltr'><strong>haberent,</strong></span> <span class='ocrx_word' id='word_1_539' title='bbox 1965 3959 2061 4011; x_wconf 86' lang='lat' dir='ltr'><strong>pro</strong></span> 
     </span>
    </p>
   </div>
   <div class='ocr_carea' id='block_1_73' title="bbox 497 4033 2056 4106">
    <p class='ocr_par' dir='ltr' id='par_1_73' title="bbox 497 4033 2056 4106">
     <span class='ocr_line' id='line_1_73' title="bbox 497 4033 2056 4106; baseline -0.003 -14"><span class='ocrx_word' id='word_1_540' title='bbox 497 4050 564 4092; x_wconf 85' lang='lat' dir='ltr'><strong>eo</strong></span> <span class='ocrx_word' id='word_1_541' title='bbox 600 4034 740 4106; x_wconf 89' lang='lat' dir='ltr'><strong>quod</strong></span> <span class='ocrx_word' id='word_1_542' title='bbox 780 4035 857 4090; x_wconf 88' lang='lat' dir='ltr'><strong>eis</strong></span> <span class='ocrx_word' id='word_1_543' title='bbox 898 4035 1093 4089; x_wconf 80' lang='lat' dir='ltr'><strong>tributa</strong></span> <span class='ocrx_word' id='word_1_544' title='bbox 1121 4033 1370 4088; x_wconf 89' lang='lat' dir='ltr'><strong>antedicti</strong></span> <span class='ocrx_word' id='word_1_545' title='bbox 1399 4034 1541 4102; x_wconf 87' lang='lat' dir='ltr'><strong>regis</strong></span> <span class='ocrx_word' id='word_1_546' title='bbox 1571 4044 1807 4103; x_wconf 89' lang='lat' dir='ltr'><strong>tempore</strong></span> <span class='ocrx_word' id='word_1_547' title='bbox 1837 4035 2056 4088; x_wconf 79' lang='lat' dir='ltr'><strong>inflixis-</strong></span> 
     </span>
    </p>
   </div>
   <div class='ocr_carea' id='block_1_74' title="bbox 495 4124 2060 4196">
    <p class='ocr_par' dir='ltr' id='par_1_74' title="bbox 495 4124 2060 4196">
     <span class='ocr_line' id='line_1_74' title="bbox 495 4124 2060 4196; baseline -0.003 -14"><span class='ocrx_word' id='word_1_548' title='bbox 495 4136 604 4193; x_wconf 86' lang='lat' dir='ltr'><strong>set,</strong></span> <span class='ocrx_word' id='word_1_549' title='bbox 646 4141 767 4181; x_wconf 90' lang='lat' dir='ltr'><strong>eum</strong></span> <span class='ocrx_word' id='word_1_550' title='bbox 811 4126 1058 4196; x_wconf 86' lang='lat' dir='ltr'><strong>persequi</strong></span> <span class='ocrx_word' id='word_1_551' title='bbox 1095 4135 1393 4194; x_wconf 74' lang='lat' dir='ltr'><strong>coeperunt.</strong></span> <span class='ocrx_word' id='word_1_552' title='bbox 1437 4124 1528 4178; x_wconf 89' lang='lat' dir='ltr'><strong>llle</strong></span> <span class='ocrx_word' id='word_1_553' title='bbox 1568 4139 1694 4179; x_wconf 83' lang='lat' dir='ltr'><strong>vero</strong></span> <span class='ocrx_word' id='word_1_554' title='bbox 1733 4127 1784 4178; x_wconf 91' lang='lat' dir='ltr'><strong>in</strong></span> <span class='ocrx_word' id='word_1_555' title='bbox 1825 4125 2060 4193; x_wconf 88' lang='lat' dir='ltr'><strong>periculo</strong></span> 
     </span>
    </p>
   </div>
   <div class='ocr_carea' id='block_1_75' title="bbox 496 4211 2058 4288">
    <p class='ocr_par' dir='ltr' id='par_1_75' title="bbox 496 4211 2058 4288">
     <span class='ocr_line' id='line_1_75' title="bbox 496 4211 2058 4288; baseline -0.003 -17"><span class='ocrx_word' id='word_1_556' title='bbox 496 4217 728 4288; x_wconf 88' lang='lat' dir='ltr'><strong>positum</strong></span> <span class='ocrx_word' id='word_1_557' title='bbox 771 4231 830 4271; x_wconf 90' lang='lat' dir='ltr'><strong>se</strong></span> <span class='ocrx_word' id='word_1_558' title='bbox 868 4230 1124 4283; x_wconf 88' lang='lat' dir='ltr'><strong>cernens,</strong></span> <span class='ocrx_word' id='word_1_559' title='bbox 1155 4214 1459 4285; x_wconf 77' lang='lat' dir='ltr'><strong>confugium</strong></span> <span class='ocrx_word' id='word_1_560' title='bbox 1505 4213 1572 4267; x_wconf 89' lang='lat' dir='ltr'><strong>ab</strong></span> <span class='ocrx_word' id='word_1_561' title='bbox 1611 4213 1741 4267; x_wconf 85' lang='lat' dir='ltr'><strong>urbe</strong></span> <span class='ocrx_word' id='word_1_562' title='bbox 1768 4211 1922 4279; x_wconf 89' lang='lat' dir='ltr'><strong>facit,</strong></span> <span class='ocrx_word' id='word_1_563' title='bbox 1950 4224 2002 4266; x_wconf 91' lang='lat' dir='ltr'><strong>et</strong></span> <span class='ocrx_word' id='word_1_564' title='bbox 2030 4229 2058 4265; x_wconf 83' lang='lat' dir='ltr'><strong>a</strong></span> 
     </span>
    </p>
   </div>
   <div class='ocr_carea' id='block_1_76' title="bbox 496 4301 2059 4374">
    <p class='ocr_par' dir='ltr' id='par_1_76' title="bbox 496 4301 2059 4374">
     <span class='ocr_line' id='line_1_76' title="bbox 496 4301 2059 4374; baseline -0.004 -14"><span class='ocrx_word' id='word_1_565' title='bbox 496 4306 703 4362; x_wconf 90' lang='lat' dir='ltr'><strong>duobus</strong></span> <span class='ocrx_word' id='word_1_566' title='bbox 729 4306 995 4374; x_wconf 90' lang='lat' dir='ltr'><strong>episcopis</strong></span> <span class='ocrx_word' id='word_1_567' title='bbox 1019 4306 1334 4373; x_wconf 77' lang='lat' dir='ltr'><strong>suppliciter</strong></span> <span class='ocrx_word' id='word_1_568' title='bbox 1361 4316 1580 4369; x_wconf 82' lang='lat' dir='ltr'><strong>exorat,</strong></span> <span class='ocrx_word' id='word_1_569' title='bbox 1622 4311 1680 4356; x_wconf 93' lang='lat' dir='ltr'><strong>ot</strong></span> <span class='ocrx_word' id='word_1_570' title='bbox 1715 4317 1835 4356; x_wconf 91' lang='lat' dir='ltr'><strong>eum</strong></span> <span class='ocrx_word' id='word_1_571' title='bbox 1875 4301 1941 4354; x_wconf 85' lang='lat' dir='ltr'><strong>ad</strong></span> <span class='ocrx_word' id='word_1_572' title='bbox 1973 4318 2059 4354; x_wconf 82' lang='lat' dir='ltr'><strong>or-</strong></span> 
     </span>
    </p>
   </div>
   <div class='ocr_carea' id='block_1_77' title="bbox 620 4479 1978 4550">
    <p class='ocr_par' dir='ltr' id='par_1_77' title="bbox 620 4479 1978 4550">
     <span class='ocr_line' id='line_1_77' title="bbox 620 4479 1978 4550; baseline -0.001 -14"><span class='ocrx_word' id='word_1_573' title='bbox 620 4481 709 4536; x_wconf 90' lang='lat' dir='ltr'><strong>Sic</strong></span> <span class='ocrx_word' id='word_1_574' title='bbox 739 4494 868 4536; x_wconf 92' lang='lat' dir='ltr'><strong>mss.</strong></span> <span class='ocrx_word' id='word_1_575' title='bbox 898 4481 997 4534; x_wconf 82' lang='lat' dir='ltr'><strong>Ed.</strong></span> <span class='ocrx_word' id='word_1_576' title='bbox 1028 4495 1152 4534; x_wconf 85' lang='lat' dir='ltr'><strong>vero</strong></span> <span class='ocrx_word' id='word_1_577' title='bbox 1173 4520 1188 4543; x_wconf 93' lang='lat'><strong>,</strong></span> <span class='ocrx_word' id='word_1_578' title='bbox 1220 4479 1582 4550; x_wconf 31' lang='lat' dir='ltr'><strong>sponsionem.-</strong></span> <span class='ocrx_word' id='word_1_579' title='bbox 1636 4545 1646 4550; x_wconf 93' lang='lat'>_</span> <span class='ocrx_word' id='word_1_580' title='bbox 1697 4543 1715 4550; x_wconf 87' lang='lat'>_</span> <span class='ocrx_word' id='word_1_581' title='bbox 1930 4542 1978 4550; x_wconf 35' lang='grc' dir='ltr'><strong>Α,</strong></span> 
     </span>
    </p>
   </div>
   <div class='ocr_carea' id='block_1_78' title="bbox 577 4542 2053 4619">
    <p class='ocr_par' dir='ltr' id='par_1_78' title="bbox 577 4542 2053 4619">
     <span class='ocr_line' id='line_1_78' title="bbox 577 4542 2053 4619; baseline -0.007 -15"><span class='ocrx_word' id='word_1_582' title='bbox 577 4547 598 4589; x_wconf 70' lang='lat'><strong>1</strong></span> <span class='ocrx_word' id='word_1_583' title='bbox 629 4550 784 4619; x_wconf 80' lang='lat' dir='ltr'><strong>Reg.,</strong></span> <span class='ocrx_word' id='word_1_584' title='bbox 815 4551 968 4604; x_wconf 80' lang='lat' dir='ltr'><strong>Colb.</strong></span> <span class='ocrx_word' id='word_1_585' title='bbox 997 4559 1051 4604; x_wconf 84' lang='lat' dir='ltr'><strong>et</strong></span> <span class='ocrx_word' id='word_1_586' title='bbox 1080 4542 1776 4619; x_wconf 23' lang='lat' dir='ltr'><strong>Bad.,VSiacrius._Et_infra_</strong></span> <span class='ocrx_word' id='word_1_587' title='bbox 1802 4557 1893 4610; x_wconf 70' lang='lat' dir='ltr'><strong>pro</strong></span> <span class='ocrx_word' id='word_1_588' title='bbox 1923 4542 2053 4596; x_wconf 76' lang='lat' dir='ltr'><strong>Siri-</strong></span> 
     </span>
    </p>
   </div>
   <div class='ocr_carea' id='block_1_79' title="bbox 491 4613 2052 4689">
    <p class='ocr_par' dir='ltr' id='par_1_79' title="bbox 491 4613 2052 4689">
     <span class='ocr_line' id='line_1_79' title="bbox 491 4613 2052 4689; baseline -0.007 -13"><span class='ocrx_word' id='word_1_589' title='bbox 491 4620 644 4676; x_wconf 73' lang='lat' dir='ltr'><strong>valdo</strong></span> <span class='ocrx_word' id='word_1_590' title='bbox 666 4613 869 4689; x_wconf 70' lang='lat' dir='ltr'><strong>aliquot</strong></span> <span class='ocrx_word' id='word_1_591' title='bbox 889 4619 1019 4673; x_wconf 89' lang='lat' dir='ltr'><strong>editi</strong></span> <span class='ocrx_word' id='word_1_592' title='bbox 1041 4631 1093 4673; x_wconf 90' lang='lat' dir='ltr'><strong>et</strong></span> <span class='ocrx_word' id='word_1_593' title='bbox 1123 4633 1276 4680; x_wconf 64' lang='lat' dir='ltr'><strong>nos,</strong></span> <span class='ocrx_word' id='word_1_594' title='bbox 1303 4617 1582 4689; x_wconf 77' lang='lat' dir='ltr'><strong>Sirit-uldo.</strong></span> <span class='ocrx_word' id='word_1_595' title='bbox 1610 4613 1845 4689; x_wconf 65' lang='lat' dir='ltr'><strong>Siagrios</strong></span> <span class='ocrx_word' id='word_1_596' title='bbox 1874 4626 2052 4666; x_wconf 87' lang='lat' dir='ltr'><strong>autem</strong></span> 
     </span>
    </p>
   </div>
   <div class='ocr_carea' id='block_1_80' title="bbox 490 4683 2048 4755">
    <p class='ocr_par' dir='ltr' id='par_1_80' title="bbox 490 4683 2048 4755">
     <span class='ocr_line' id='line_1_80' title="bbox 490 4683 2048 4755; baseline -0.008 -8"><span class='ocrx_word' id='word_1_597' title='bbox 490 4694 631 4747; x_wconf 80' lang='lat' dir='ltr'><strong>filius</strong></span> <span class='ocrx_word' id='word_1_598' title='bbox 681 4683 778 4743; x_wconf 78' lang='lat' dir='ltr'><strong>fuit</strong></span> <span class='ocrx_word' id='word_1_599' title='bbox 829 4689 1147 4752; x_wconf 88' lang='lat' dir='ltr'><strong>Desiderati,</strong></span> <span class='ocrx_word' id='word_1_600' title='bbox 1180 4691 1268 4755; x_wconf 92' lang='lat' dir='ltr'><strong>qui</strong></span> <span class='ocrx_word' id='word_1_601' title='bbox 1308 4686 1561 4755; x_wconf 78' lang='lat' dir='ltr'><strong>injurias,</strong></span> <span class='ocrx_word' id='word_1_602' title='bbox 1603 4683 1670 4737; x_wconf 90' lang='lat' dir='ltr'><strong>de</strong></span> <span class='ocrx_word' id='word_1_603' title='bbox 1699 4684 1889 4750; x_wconf 85' lang='lat' dir='ltr'><strong>quibus</strong></span> <span class='ocrx_word' id='word_1_604' title='bbox 1928 4699 2048 4748; x_wconf 88' lang='lat' dir='ltr'><strong>cap.</strong></span> 
     </span>
    </p>
   </div>
   <div class='ocr_carea' id='block_1_81' title="bbox 492 4756 2051 4832">
    <p class='ocr_par' dir='ltr' id='par_1_81' title="bbox 492 4756 2051 4832">
     <span class='ocr_line' id='line_1_81' title="bbox 492 4756 2051 4832; baseline -0.008 -14"><span class='ocrx_word' id='word_1_605' title='bbox 492 4761 847 4832; x_wconf 62' lang='lat' dir='ltr'><strong>pracedenti,</strong></span> <span class='ocrx_word' id='word_1_606' title='bbox 882 4774 1010 4827; x_wconf 82' lang='lat' dir='ltr'><strong>quas</strong></span> <span class='ocrx_word' id='word_1_607' title='bbox 1039 4770 1207 4832; x_wconf 88' lang='lat' dir='ltr'><strong>pater_</strong></span> <span class='ocrx_word' id='word_1_608' title='bbox 1229 4757 1688 4832; x_wconf 77' lang='lat' dir='ltr'><strong>sub_&#39;l&#39;_lieod0t&#39;ic0</strong></span> <span class='ocrx_word' id='word_1_609' title='bbox 1733 4756 2051 4822; x_wconf 74' lang='lat' dir='ltr'><strong>pertulerat,</strong></span> 
     </span>
    </p>
   </div>
   <div class='ocr_carea' id='block_1_82' title="bbox 492 4829 1584 4896">
    <p class='ocr_par' dir='ltr' id='par_1_82' title="bbox 492 4829 1584 4896">
     <span class='ocr_line' id='line_1_82' title="bbox 492 4829 1584 4896; baseline -0.007 -9"><span class='ocrx_word' id='word_1_610' title='bbox 492 4829 636 4888; x_wconf 79' lang='lat' dir='ltr'><strong>ultus</strong></span> <span class='ocrx_word' id='word_1_611' title='bbox 659 4841 763 4886; x_wconf 88' lang='lat' dir='ltr'><strong>est.</strong></span> <span class='ocrx_word' id='word_1_612' title='bbox 800 4829 875 4884; x_wconf 88' lang='lat' dir='ltr'><strong>De</strong></span> <span class='ocrx_word' id='word_1_613' title='bbox 906 4832 1129 4896; x_wconf 77' lang='lat' dir='ltr'><strong>Agerico</strong></span> <span class='ocrx_word' id='word_1_614' title='bbox 1161 4829 1308 4894; x_wconf 89' lang='lat' dir='ltr'><strong>plora</strong></span> <span class='ocrx_word' id='word_1_615' title='bbox 1343 4829 1584 4880; x_wconf 81' lang='lat' dir='ltr'><strong>inferius.</strong></span> 
     </span>
    </p>
   </div>
   <div class='ocr_carea' id='block_1_83' title="bbox 564 4895 2042 4964">
    <p class='ocr_par' dir='ltr' id='par_1_83' title="bbox 564 4895 2042 4964">
     <span class='ocr_line' id='line_1_83' title="bbox 564 4895 2042 4964; baseline -0.004 -10"><span class='ocrx_word' id='word_1_616' title='bbox 564 4913 586 4942; x_wconf 69' lang='grc' dir='ltr'><strong><em>τ</em></strong></span> <span class='ocrx_word' id='word_1_617' title='bbox 613 4902 895 4956; x_wconf 73' lang='lat' dir='ltr'><strong>&#39;Vicus-ad</strong></span> <span class='ocrx_word' id='word_1_618' title='bbox 936 4895 1186 4952; x_wconf 81' lang='lat' dir='ltr'><strong>Oscaram</strong></span> <span class='ocrx_word' id='word_1_619' title='bbox 1229 4899 1446 4951; x_wconf 83' lang='lat' dir='ltr'><strong>ﬂuvium</strong></span> <span class='ocrx_word' id='word_1_620' title='bbox 1491 4897 1542 4952; x_wconf 91' lang='lat' dir='ltr'><strong>in</strong></span> <span class='ocrx_word' id='word_1_621' title='bbox 1583 4895 1800 4960; x_wconf 71' lang='lat' dir='ltr'><strong>dimcesi</strong></span> <span class='ocrx_word' id='word_1_622' title='bbox 1850 4895 2042 4964; x_wconf 85' lang='lat' dir='ltr'><strong>Lingo-</strong></span> 
     </span>
    </p>
   </div>
   <div class='ocr_carea' id='block_1_84' title="bbox 487 4967 2050 5040">
    <p class='ocr_par' dir='ltr' id='par_1_84' title="bbox 487 4967 2050 5040">
     <span class='ocr_line' id='line_1_84' title="bbox 487 4967 2050 5040; baseline -0.006 -12"><span class='ocrx_word' id='word_1_623' title='bbox 487 4973 640 5028; x_wconf 75' lang='lat' dir='ltr'><strong>ncnsi</strong></span> <span class='ocrx_word' id='word_1_624' title='bbox 668 5017 682 5037; x_wconf 89' lang='lat'><strong>,</strong></span> <span class='ocrx_word' id='word_1_625' title='bbox 715 4971 870 5040; x_wconf 78' lang='lat' dir='ltr'><strong>volgo</strong></span> <span class='ocrx_word' id='word_1_626' title='bbox 902 4968 1108 5038; x_wconf 80' lang='lat' dir='ltr'><strong>Florcy.</strong></span> <span class='ocrx_word' id='word_1_627' title='bbox 1146 4968 1378 5022; x_wconf 77' lang='lat' dir='ltr'><strong>Pertinet</strong></span> <span class='ocrx_word' id='word_1_628' title='bbox 1415 4967 1480 5022; x_wconf 89' lang='lat' dir='ltr'><strong>ad</strong></span> <span class='ocrx_word' id='word_1_629' title='bbox 1525 4967 1906 5021; x_wconf 80' lang='lat' dir='ltr'><strong>monasterium</strong></span> <span class='ocrx_word' id='word_1_630' title='bbox 1951 4969 2050 5020; x_wconf 71' lang='lat' dir='ltr'><strong>Ca-</strong></span> 
     </span>
    </p>
   </div>
   <div class='ocr_carea' id='block_1_85' title="bbox 486 5040 1255 5100">
    <p class='ocr_par' dir='ltr' id='par_1_85' title="bbox 486 5040 1255 5100">
     <span class='ocr_line' id='line_1_85' title="bbox 486 5040 1255 5100; baseline -0.013 0"><span class='ocrx_word' id='word_1_631' title='bbox 486 5041 781 5100; x_wconf 68' lang='lat' dir='ltr'><strong>billonense</strong></span> <span class='ocrx_word' id='word_1_632' title='bbox 809 5041 975 5095; x_wconf 78' lang='lat' dir='ltr'><strong>sancti</strong></span> <span class='ocrx_word' id='word_1_633' title='bbox 1003 5040 1255 5093; x_wconf 81' lang='lat' dir='ltr'><strong>Marcelli.</strong></span> 
     </span>
    </p>
   </div>
   <div class='ocr_carea' id='block_1_86' title="bbox 555 5109 1350 5183">
    <p class='ocr_par' dir='ltr' id='par_1_86' title="bbox 555 5109 1350 5183">
     <span class='ocr_line' id='line_1_86' title="bbox 555 5109 1350 5183; baseline -0.01 -15"><span class='ocrx_word' id='word_1_634' title='bbox 555 5109 589 5154; x_wconf 69' lang='grc' dir='ltr'>ά</span> <span class='ocrx_word' id='word_1_635' title='bbox 621 5112 829 5183; x_wconf 44' lang='lat' dir='ltr'><strong>Hegio”</strong></span> <span class='ocrx_word' id='word_1_636' title='bbox 862 5111 1231 5166; x_wconf 70' lang='lat' dir='ltr'><strong>exsultantibus</strong></span> <span class='ocrx_word' id='word_1_637' title='bbox 1260 5109 1350 5164; x_wconf 72' lang='lat' dir='ltr'><strong>eis.</strong></span> 
     </span>
    </p>
   </div>
   <div class='ocr_carea' id='block_1_87' title="bbox 1817 5338 2056 5352">
    <p class='ocr_par' dir='ltr' id='par_1_87' title="bbox 1817 5338 2056 5352">
     <span class='ocr_line' id='line_1_87' title="bbox 1817 5338 2056 5352; baseline 0 0"><span class='ocrx_word' id='word_1_638' title='bbox 1817 5338 1979 5352; x_wconf 51' lang='lat' dir='ltr'><strong>.m-r‘&quot;</strong></span> <span class='ocrx_word' id='word_1_639' title='bbox 1991 5347 2001 5352; x_wconf 64' lang='grc' dir='ltr'><strong>λ</strong></span> <span class='ocrx_word' id='word_1_640' title='bbox 2033 5338 2056 5352; x_wconf 59' lang='grc' dir='ltr'><strong><em>Δ</em></strong></span> 
     </span>
    </p>
   </div>
   <div class='ocr_carea' id='block_1_88' title="bbox 2087 4479 2136 4538">
    <p class='ocr_par' dir='ltr' id='par_1_88' title="bbox 2087 4479 2136 4538">
     <span class='ocr_line' id='line_1_88' title="bbox 2087 4479 2136 4538; baseline 0 0"><span class='ocrx_word' id='word_1_641' title='bbox 2087 4479 2136 4538; x_wconf 91' lang='lat' dir='ltr'><strong>D</strong></span> 
     </span>
    </p>
   </div>
   <div class='ocr_carea' id='block_1_89' title="bbox 2173 3102 3733 3171">
    <p class='ocr_par' dir='ltr' id='par_1_89' title="bbox 2173 3102 3733 3171">
     <span class='ocr_line' id='line_1_89' title="bbox 2173 3102 3733 3171; baseline 0 -18"><span class='ocrx_word' id='word_1_642' title='bbox 2173 3111 2494 3164; x_wconf 88' lang='lat' dir='ltr'><strong>moveretur,</strong></span> <span class='ocrx_word' id='word_1_643' title='bbox 2523 3112 2736 3170; x_wconf 87' lang='lat' dir='ltr'><strong>sorupto</strong></span> <span class='ocrx_word' id='word_1_644' title='bbox 2765 3102 2882 3155; x_wconf 87' lang='lat' dir='ltr'><strong>aloe</strong></span> <span class='ocrx_word' id='word_1_645' title='bbox 2914 3103 3167 3156; x_wconf 80' lang='lat' dir='ltr'><strong>velociter</strong></span> <span class='ocrx_word' id='word_1_646' title='bbox 3195 3102 3504 3171; x_wconf 86' lang='lat' dir='ltr'><strong>digerebat,</strong></span> <span class='ocrx_word' id='word_1_647' title='bbox 3545 3103 3640 3157; x_wconf 88' lang='lat' dir='ltr'><strong>sed</strong></span> <span class='ocrx_word' id='word_1_648' title='bbox 3681 3111 3733 3154; x_wconf 72' lang='grc' dir='ltr'><strong>ιιι</strong></span> 
     </span>
    </p>
   </div>
   <div class='ocr_carea' id='block_1_90' title="bbox 2167 3192 3732 3260">
    <p class='ocr_par' dir='ltr' id='par_1_90' title="bbox 2167 3192 3732 3260">
     <span class='ocr_line' id='line_1_90' title="bbox 2167 3192 3732 3260; baseline 0.004 -16"><span class='ocrx_word' id='word_1_649' title='bbox 2167 3193 2424 3256; x_wconf 87' lang='lat' dir='ltr'><strong>strepitus</strong></span> <span class='ocrx_word' id='word_1_650' title='bbox 2447 3192 2649 3246; x_wconf 87' lang='lat' dir='ltr'><strong>ventris</strong></span> <span class='ocrx_word' id='word_1_651' title='bbox 2677 3194 2876 3260; x_wconf 88' lang='lat' dir='ltr'><strong>absque</strong></span> <span class='ocrx_word' id='word_1_652' title='bbox 2900 3194 3001 3246; x_wconf 91' lang='lat' dir='ltr'><strong>ulla</strong></span> <span class='ocrx_word' id='word_1_653' title='bbox 3022 3194 3318 3248; x_wconf 89' lang='lat' dir='ltr'><strong>auditorum</strong></span> <span class='ocrx_word' id='word_1_654' title='bbox 3351 3195 3648 3248; x_wconf 83' lang='lat' dir='ltr'><strong>reverentia</strong></span> <span class='ocrx_word' id='word_1_655' title='bbox 3680 3195 3732 3250; x_wconf 78' lang='lat' dir='ltr'><strong>in</strong></span> 
     </span>
    </p>
   </div>
   <div class='ocr_carea' id='block_1_91' title="bbox 2166 3282 3733 3354">
    <p class='ocr_par' dir='ltr' id='par_1_91' title="bbox 2166 3282 3733 3354">
     <span class='ocr_line' id='line_1_91' title="bbox 2166 3282 3733 3354; baseline 0.003 -20"><span class='ocrx_word' id='word_1_656' title='bbox 2166 3282 2374 3350; x_wconf 90' lang='lat' dir='ltr'><strong>publico</strong></span> <span class='ocrx_word' id='word_1_657' title='bbox 2406 3283 2707 3338; x_wconf 85' lang='lat' dir='ltr'><strong>emittebat.</strong></span> <span class='ocrx_word' id='word_1_658' title='bbox 2737 3283 2849 3338; x_wconf 87' lang='lat' dir='ltr'><strong>Hoc</strong></span> <span class='ocrx_word' id='word_1_659' title='bbox 2886 3300 3010 3354; x_wconf 89' lang='lat' dir='ltr'><strong>ergo</strong></span> <span class='ocrx_word' id='word_1_660' title='bbox 3045 3287 3196 3339; x_wconf 78' lang='lat' dir='ltr'><strong>exitu</strong></span> <span class='ocrx_word' id='word_1_661' title='bbox 3226 3295 3625 3340; x_wconf 87' lang='lat' dir='ltr'><strong>consummatos</strong></span> <span class='ocrx_word' id='word_1_662' title='bbox 3655 3287 3733 3340; x_wconf 88' lang='lat' dir='ltr'><strong>iu-</strong></span> 
     </span>
    </p>
   </div>
   <div class='ocr_carea' id='block_1_92' title="bbox 2165 3375 2561 3440">
    <p class='ocr_par' dir='ltr' id='par_1_92' title="bbox 2165 3375 2561 3440">
     <span class='ocr_line' id='line_1_92' title="bbox 2165 3375 2561 3440; baseline -0.01 -12"><span class='ocrx_word' id='word_1_663' title='bbox 2165 3375 2326 3428; x_wconf 87' lang='lat' dir='ltr'><strong>teriit.</strong></span> <span class='ocrx_word' id='word_1_664' title='bbox 2557 3430 2561 3440; x_wconf 27' lang='grc' dir='ltr'><strong>,η</strong></span> 
     </span>
    </p>
   </div>
   <div class='ocr_carea' id='block_1_93' title="bbox 2233 3482 3730 3556">
    <p class='ocr_par' dir='ltr' id='par_1_93' title="bbox 2233 3482 3730 3556">
     <span class='ocr_line' id='line_1_93' title="bbox 2233 3482 3730 3556; baseline 0.003 -19"><span class='ocrx_word' id='word_1_665' title='bbox 2233 3482 2494 3539; x_wconf 71' lang='lat' dir='ltr'><strong>XXXVII.</strong></span> <span class='ocrx_word' id='word_1_666' title='bbox 2537 3485 2761 3539; x_wconf 82' lang='lat' dir='ltr'><strong>Gravem</strong></span> <span class='ocrx_word' id='word_1_667' title='bbox 2802 3501 2867 3540; x_wconf 90' lang='lat' dir='ltr'><strong>eo</strong></span> <span class='ocrx_word' id='word_1_668' title='bbox 2902 3501 3076 3551; x_wconf 85' lang='lat' dir='ltr'><strong>anno,</strong></span> <span class='ocrx_word' id='word_1_669' title='bbox 3113 3497 3169 3541; x_wconf 87' lang='lat' dir='ltr'><strong>et</strong></span> <span class='ocrx_word' id='word_1_670' title='bbox 3207 3488 3365 3542; x_wconf 83' lang='lat' dir='ltr'><strong>solito</strong></span> <span class='ocrx_word' id='word_1_671' title='bbox 3401 3490 3730 3556; x_wconf 79' lang='lat' dir='ltr'><strong>asperiorem</strong></span> 
     </span>
    </p>
   </div>
   <div class='ocr_carea' id='block_1_94' title="bbox 2167 3571 3730 3649">
    <p class='ocr_par' dir='ltr' id='par_1_94' title="bbox 2167 3571 3730 3649">
     <span class='ocr_line' id='line_1_94' title="bbox 2167 3571 3730 3649; baseline 0.003 -21"><span class='ocrx_word' id='word_1_672' title='bbox 2167 3574 2409 3645; x_wconf 80' lang='lat' dir='ltr'><strong>hyemem</strong></span> <span class='ocrx_word' id='word_1_673' title='bbox 2449 3571 2574 3629; x_wconf 86' lang='lat' dir='ltr'><strong>fecit</strong></span> <span class='ocrx_word' id='word_1_674' title='bbox 2602 3585 2652 3642; x_wconf 76' lang='grc' dir='ltr'><strong>ε,</strong></span> <span class='ocrx_word' id='word_1_675' title='bbox 2696 3576 2766 3629; x_wconf 88' lang='lat' dir='ltr'><strong>ita</strong></span> <span class='ocrx_word' id='word_1_676' title='bbox 2806 3588 2862 3630; x_wconf 91' lang='lat' dir='ltr'><strong>ut</strong></span> <span class='ocrx_word' id='word_1_677' title='bbox 2899 3587 3160 3632; x_wconf 88' lang='lat' dir='ltr'><strong>torrentes</strong></span> <span class='ocrx_word' id='word_1_678' title='bbox 3197 3582 3531 3634; x_wconf 87' lang='lat' dir='ltr'><strong>concatenali</strong></span> <span class='ocrx_word' id='word_1_679' title='bbox 3568 3581 3690 3649; x_wconf 88' lang='lat' dir='ltr'><strong>gelo</strong></span> <span class='ocrx_word' id='word_1_680' title='bbox 3715 3622 3730 3643; x_wconf 92' lang='lat'><strong>,</strong></span> 
     </span>
    </p>
   </div>
   <div class='ocr_carea' id='block_1_95' title="bbox 2163 3666 3704 3740">
    <p class='ocr_par' dir='ltr' id='par_1_95' title="bbox 2163 3666 3704 3740">
     <span class='ocr_line' id='line_1_95' title="bbox 2163 3666 3704 3740; baseline 0.005 -23"><span class='ocrx_word' id='word_1_681' title='bbox 2163 3668 2407 3734; x_wconf 64' lang='lat' dir='ltr'><strong>pervium</strong></span> <span class='ocrx_word' id='word_1_682' title='bbox 2439 3666 2645 3735; x_wconf 88' lang='lat' dir='ltr'><strong>populis</strong></span> <span class='ocrx_word' id='word_1_683' title='bbox 2676 3668 2792 3728; x_wconf 89' lang='lat' dir='ltr'><strong>iter.</strong></span> <span class='ocrx_word' id='word_1_684' title='bbox 2828 3678 3075 3737; x_wconf 88' lang='lat' dir='ltr'><strong>tanquam</strong></span> <span class='ocrx_word' id='word_1_685' title='bbox 3109 3670 3308 3739; x_wconf 87' lang='lat' dir='ltr'><strong>reliqua</strong></span> <span class='ocrx_word' id='word_1_686' title='bbox 3341 3671 3560 3736; x_wconf 89' lang='lat' dir='ltr'><strong>humus,</strong></span> <span class='ocrx_word' id='word_1_687' title='bbox 3592 3687 3704 3740; x_wconf 69' lang='lat' dir='ltr'><strong>pre</strong></span> 
     </span>
    </p>
   </div>
   <div class='ocr_carea' id='block_1_96' title="bbox 2164 3761 3732 3832">
    <p class='ocr_par' dir='ltr' id='par_1_96' title="bbox 2164 3761 3732 3832">
     <span class='ocr_line' id='line_1_96' title="bbox 2164 3761 3732 3832; baseline 0.003 -19"><span class='ocrx_word' id='word_1_688' title='bbox 2164 3761 2373 3813; x_wconf 84' lang='lat' dir='ltr'><strong>herent.</strong></span> <span class='ocrx_word' id='word_1_689' title='bbox 2397 3765 2534 3812; x_wconf 78' lang='lat' dir='ltr'><strong>Aves</strong></span> <span class='ocrx_word' id='word_1_690' title='bbox 2557 3775 2769 3827; x_wconf 65' lang='lat' dir='ltr'><strong>queque</strong></span> <span class='ocrx_word' id='word_1_691' title='bbox 2797 3761 2972 3829; x_wconf 87' lang='lat' dir='ltr'><strong>rigore</strong></span> <span class='ocrx_word' id='word_1_692' title='bbox 2996 3763 3200 3816; x_wconf 60' lang='lat' dir='ltr'><strong>allectat</strong></span> <span class='ocrx_word' id='word_1_693' title='bbox 3225 3764 3302 3815; x_wconf 89' lang='lat' dir='ltr'><strong>vel</strong></span> <span class='ocrx_word' id='word_1_694' title='bbox 3335 3766 3494 3829; x_wconf 82' lang='lat' dir='ltr'><strong>tame,</strong></span> <span class='ocrx_word' id='word_1_695' title='bbox 3525 3765 3732 3832; x_wconf 87' lang='lat' dir='ltr'><strong>absque</strong></span> 
     </span>
    </p>
   </div>
   <div class='ocr_carea' id='block_1_97' title="bbox 2164 3851 3730 3921">
    <p class='ocr_par' dir='ltr' id='par_1_97' title="bbox 2164 3851 3730 3921">
     <span class='ocr_line' id='line_1_97' title="bbox 2164 3851 3730 3921; baseline 0.003 -18"><span class='ocrx_word' id='word_1_696' title='bbox 2164 3852 2272 3903; x_wconf 92' lang='lat' dir='ltr'><strong>ullo</strong></span> <span class='ocrx_word' id='word_1_697' title='bbox 2309 3851 2587 3903; x_wconf 88' lang='lat' dir='ltr'><strong>hominum</strong></span> <span class='ocrx_word' id='word_1_698' title='bbox 2609 3851 2754 3916; x_wconf 90' lang='lat' dir='ltr'><strong>dolo,</strong></span> <span class='ocrx_word' id='word_1_699' title='bbox 2779 3867 2900 3904; x_wconf 90' lang='lat' dir='ltr'><strong>cum</strong></span> <span class='ocrx_word' id='word_1_700' title='bbox 2929 3868 3134 3921; x_wconf 72' lang='lat' dir='ltr'><strong>magnae</strong></span> <span class='ocrx_word' id='word_1_701' title='bbox 3163 3863 3340 3907; x_wconf 88' lang='lat' dir='ltr'><strong>essent</strong></span> <span class='ocrx_word' id='word_1_702' title='bbox 3367 3854 3540 3917; x_wconf 85' lang='lat' dir='ltr'><strong>nives,</strong></span> <span class='ocrx_word' id='word_1_703' title='bbox 3571 3869 3730 3908; x_wconf 82' lang='lat' dir='ltr'><strong>manu</strong></span> 
     </span>
    </p>
   </div>
   <div class='ocr_carea' id='block_1_98' title="bbox 2161 3944 3727 4014">
    <p class='ocr_par' dir='ltr' id='par_1_98' title="bbox 2161 3944 3727 4014">
     <span class='ocr_line' id='line_1_98' title="bbox 2161 3944 3727 4014; baseline 0.004 -20"><span class='ocrx_word' id='word_1_704' title='bbox 2161 3944 2533 4010; x_wconf 83' lang='lat' dir='ltr'><strong>capiebantur.</strong></span> <span class='ocrx_word' id='word_1_705' title='bbox 2567 3950 2604 3996; x_wconf 81' lang='grc' dir='ltr'><strong>Λ</strong></span> <span class='ocrx_word' id='word_1_706' title='bbox 2642 3944 2868 3997; x_wconf 88' lang='lat' dir='ltr'><strong>transito</strong></span> <span class='ocrx_word' id='word_1_707' title='bbox 2905 3944 3063 4012; x_wconf 90' lang='lat' dir='ltr'><strong>igitur</strong></span> <span class='ocrx_word' id='word_1_708' title='bbox 3092 3944 3446 3999; x_wconf 83' lang='lat' dir='ltr'><strong>Chlodovechi</strong></span> <span class='ocrx_word' id='word_1_709' title='bbox 3478 3962 3647 4014; x_wconf 89' lang='lat' dir='ltr'><strong>usque</strong></span> <span class='ocrx_word' id='word_1_710' title='bbox 3677 3949 3727 4001; x_wconf 90' lang='lat' dir='ltr'><strong>in</strong></span> 
     </span>
    </p>
   </div>
   <div class='ocr_carea' id='block_1_99' title="bbox 2164 4033 3726 4104">
    <p class='ocr_par' dir='ltr' id='par_1_99' title="bbox 2164 4033 3726 4104">
     <span class='ocr_line' id='line_1_99' title="bbox 2164 4033 3726 4104; baseline 0.004 -22"><span class='ocrx_word' id='word_1_711' title='bbox 2164 4039 2441 4085; x_wconf 88' lang='lat' dir='ltr'><strong>transitum</strong></span> <span class='ocrx_word' id='word_1_712' title='bbox 2492 4033 2883 4098; x_wconf 85' lang='lat' dir='ltr'><strong>Theodeberti,</strong></span> <span class='ocrx_word' id='word_1_713' title='bbox 2923 4045 3301 4103; x_wconf 87' lang='lat' dir='ltr'><strong>computantur</strong></span> <span class='ocrx_word' id='word_1_714' title='bbox 3339 4039 3462 4090; x_wconf 87' lang='lat' dir='ltr'><strong>anni</strong></span> <span class='ocrx_word' id='word_1_715' title='bbox 3511 4037 3726 4104; x_wconf 83' lang='lat' dir='ltr'><strong>triginta</strong></span> 
     </span>
    </p>
   </div>
   <div class='ocr_carea' id='block_1_100' title="bbox 2161 4119 3729 4194">
    <p class='ocr_par' dir='ltr' id='par_1_100' title="bbox 2161 4119 3729 4194">
     <span class='ocr_line' id='line_1_100' title="bbox 2161 4119 3729 4194; baseline 0.004 -20"><span class='ocrx_word' id='word_1_716' title='bbox 2161 4130 2363 4190; x_wconf 85' lang='lat' dir='ltr'><strong>septem</strong></span> <span class='ocrx_word' id='word_1_717' title='bbox 2397 4119 2446 4177; x_wconf 65' lang='grc' dir='ltr'><strong>δ.</strong></span> <span class='ocrx_word' id='word_1_718' title='bbox 2477 4125 2680 4178; x_wconf 80' lang='lat' dir='ltr'><strong>Mortuo</strong></span> <span class='ocrx_word' id='word_1_719' title='bbox 2709 4141 2834 4194; x_wconf 83' lang='lat' dir='ltr'><strong>ergo</strong></span> <span class='ocrx_word' id='word_1_720' title='bbox 2866 4125 3265 4189; x_wconf 83' lang='lat' dir='ltr'><strong>Theudeberlo,</strong></span> <span class='ocrx_word' id='word_1_721' title='bbox 3300 4139 3492 4193; x_wconf 86' lang='lat' dir='ltr'><strong>quarto</strong></span> <span class='ocrx_word' id='word_1_722' title='bbox 3520 4129 3729 4181; x_wconf 88' lang='lat' dir='ltr'><strong>decimo</strong></span> 
     </span>
    </p>
   </div>
   <div class='ocr_carea' id='block_1_101' title="bbox 2160 4214 3728 4289">
    <p class='ocr_par' dir='ltr' id='par_1_101' title="bbox 2160 4214 3728 4289">
     <span class='ocr_line' id='line_1_101' title="bbox 2160 4214 3728 4289; baseline 0.004 -22"><span class='ocrx_word' id='word_1_723' title='bbox 2160 4214 2310 4282; x_wconf 86' lang='lat' dir='ltr'><strong>regni</strong></span> <span class='ocrx_word' id='word_1_724' title='bbox 2337 4215 2416 4267; x_wconf 86' lang='lat' dir='ltr'><strong>sui</strong></span> <span class='ocrx_word' id='word_1_725' title='bbox 2444 4230 2618 4281; x_wconf 90' lang='lat' dir='ltr'><strong>anno,</strong></span> <span class='ocrx_word' id='word_1_726' title='bbox 2661 4220 2898 4286; x_wconf 86' lang='lat' dir='ltr'><strong>regnavit</strong></span> <span class='ocrx_word' id='word_1_727' title='bbox 2936 4217 3345 4272; x_wconf 84' lang='lat' dir='ltr'><strong>Theodobaldus</strong></span> <span class='ocrx_word' id='word_1_728' title='bbox 3381 4217 3396 4256; x_wconf 71' lang='grc' dir='ltr'>ί</span> <span class='ocrx_word' id='word_1_729' title='bbox 3433 4220 3572 4274; x_wconf 68' lang='lat' dir='ltr'><strong>libus</strong></span> <span class='ocrx_word' id='word_1_730' title='bbox 3611 4221 3728 4289; x_wconf 83' lang='lat' dir='ltr'><strong>ejus</strong></span> 
     </span>
    </p>
   </div>
   <div class='ocr_carea' id='block_1_102' title="bbox 2160 4320 2365 4374">
    <p class='ocr_par' dir='ltr' id='par_1_102' title="bbox 2160 4320 2365 4374">
     <span class='ocr_line' id='line_1_102' title="bbox 2160 4320 2365 4374; baseline -0.005 -15"><span class='ocrx_word' id='word_1_731' title='bbox 2160 4320 2256 4374; x_wconf 89' lang='lat' dir='ltr'><strong>pro</strong></span> <span class='ocrx_word' id='word_1_732' title='bbox 2281 4321 2365 4359; x_wconf 88' lang='lat' dir='ltr'><strong>eo.</strong></span> 
     </span>
    </p>
   </div>
   <div class='ocr_carea' id='block_1_103' title="bbox 2235 4479 3722 4553">
    <p class='ocr_par' dir='ltr' id='par_1_103' title="bbox 2235 4479 3722 4553">
     <span class='ocr_line' id='line_1_103' title="bbox 2235 4479 3722 4553; baseline 0.005 -21"><span class='ocrx_word' id='word_1_733' title='bbox 2235 4489 2258 4516; x_wconf 77' lang='grc' dir='ltr'>ε</span> <span class='ocrx_word' id='word_1_734' title='bbox 2295 4479 2480 4541; x_wconf 76' lang='lat' dir='ltr'><strong>Co&#39;b.,</strong></span> <span class='ocrx_word' id='word_1_735' title='bbox 2527 4479 2692 4553; x_wconf 80' lang='lat' dir='ltr'><strong>Papia</strong></span> <span class='ocrx_word' id='word_1_736' title='bbox 2729 4481 2868 4534; x_wconf 80' lang='lat' dir='ltr'><strong>illius</strong></span> <span class='ocrx_word' id='word_1_737' title='bbox 2889 4485 3122 4553; x_wconf 80' lang='lat' dir='ltr'><strong>conjuge,</strong></span> <span class='ocrx_word' id='word_1_738' title='bbox 3155 4485 3244 4537; x_wconf 78' lang='lat' dir='ltr'><strong>sed</strong></span> <span class='ocrx_word' id='word_1_739' title='bbox 3283 4485 3569 4546; x_wconf 85' lang='lat' dir='ltr'><strong>mendose;</strong></span> <span class='ocrx_word' id='word_1_740' title='bbox 3603 4504 3722 4540; x_wconf 79' lang='lat' dir='ltr'><strong>nam</strong></span> 
     </span>
    </p>
   </div>
   <div class='ocr_carea' id='block_1_104' title="bbox 2161 4551 3723 4620">
    <p class='ocr_par' dir='ltr' id='par_1_104' title="bbox 2161 4551 3723 4620">
     <span class='ocr_line' id='line_1_104' title="bbox 2161 4551 3723 4620; baseline 0.005 -20"><span class='ocrx_word' id='word_1_741' title='bbox 2161 4558 2304 4616; x_wconf 77' lang='lat' dir='ltr'><strong>patet</strong></span> <span class='ocrx_word' id='word_1_742' title='bbox 2323 4566 2385 4602; x_wconf 68' lang='lat' dir='ltr'><strong>i-x</strong></span> <span class='ocrx_word' id='word_1_743' title='bbox 2411 4551 2748 4618; x_wconf 85' lang='lat' dir='ltr'><strong>sequenihos</strong></span> <span class='ocrx_word' id='word_1_744' title='bbox 2772 4551 3112 4617; x_wconf 76' lang='lat' dir='ltr'><strong>Papianillam</strong></span> <span class='ocrx_word' id='word_1_745' title='bbox 3137 4554 3400 4607; x_wconf 81' lang='lat' dir='ltr'><strong>Parthenii</strong></span> <span class='ocrx_word' id='word_1_746' title='bbox 3417 4557 3581 4620; x_wconf 87' lang='lat' dir='ltr'><strong>ipsius</strong></span> <span class='ocrx_word' id='word_1_747' title='bbox 3597 4575 3723 4611; x_wconf 82' lang='lat' dir='ltr'><strong>uxo-</strong></span> 
     </span>
    </p>
   </div>
   <div class='ocr_carea' id='block_1_105' title="bbox 2162 4623 3575 4690">
    <p class='ocr_par' dir='ltr' id='par_1_105' title="bbox 2162 4623 3575 4690">
     <span class='ocr_line' id='line_1_105' title="bbox 2162 4623 3575 4690; baseline 0.003 -20"><span class='ocrx_word' id='word_1_748' title='bbox 2162 4635 2274 4674; x_wconf 89' lang='lat' dir='ltr'><strong>rem</strong></span> <span class='ocrx_word' id='word_1_749' title='bbox 2309 4623 2501 4684; x_wconf 87' lang='lat' dir='ltr'><strong>luisse,</strong></span> <span class='ocrx_word' id='word_1_750' title='bbox 2534 4637 2689 4688; x_wconf 85' lang='lat' dir='ltr'><strong>quam</strong></span> <span class='ocrx_word' id='word_1_751' title='bbox 2724 4624 2982 4690; x_wconf 84' lang='lat' dir='ltr'><strong>zelotypia</strong></span> <span class='ocrx_word' id='word_1_752' title='bbox 3013 4625 3256 4678; x_wconf 82' lang='lat' dir='ltr'><strong>laborans</strong></span> <span class='ocrx_word' id='word_1_753' title='bbox 3283 4627 3575 4680; x_wconf 74' lang='lat' dir='ltr'><strong>occiderat.</strong></span> 
     </span>
    </p>
   </div>
   <div class='ocr_carea' id='block_1_106' title="bbox 2237 4689 3508 4764">
    <p class='ocr_par' dir='ltr' id='par_1_106' title="bbox 2237 4689 3508 4764">
     <span class='ocr_line' id='line_1_106' title="bbox 2237 4689 3508 4764; baseline 0.006 -24"><span class='ocrx_word' id='word_1_754' title='bbox 2237 4689 2253 4724; x_wconf 72' lang='grc' dir='ltr'><em>τ</em></span> <span class='ocrx_word' id='word_1_755' title='bbox 2294 4690 2380 4764; x_wconf 76' lang='lat' dir='ltr'><strong>Sic</strong></span> <span class='ocrx_word' id='word_1_756' title='bbox 2412 4708 2573 4752; x_wconf 54' lang='lat' dir='ltr'><strong>niss.;</strong></span> <span class='ocrx_word' id='word_1_757' title='bbox 2611 4701 2661 4742; x_wconf 81' lang='lat' dir='ltr'><strong>at</strong></span> <span class='ocrx_word' id='word_1_758' title='bbox 2695 4689 2930 4764; x_wconf 85' lang='lat' dir='ltr'><strong>plerique</strong></span> <span class='ocrx_word' id='word_1_759' title='bbox 2960 4694 3118 4757; x_wconf 82' lang='lat' dir='ltr'><strong>editi,</strong></span> <span class='ocrx_word' id='word_1_760' title='bbox 3151 4706 3508 4764; x_wconf 74' lang='lat' dir='ltr'><strong>perungentes.</strong></span> 
     </span>
    </p>
   </div>
   <div class='ocr_carea' id='block_1_107' title="bbox 2235 4762 3722 4829">
    <p class='ocr_par' dir='ltr' id='par_1_107' title="bbox 2235 4762 3722 4829">
     <span class='ocr_line' id='line_1_107' title="bbox 2235 4762 3722 4829; baseline 0.007 -17"><span class='ocrx_word' id='word_1_761' title='bbox 2235 4769 2258 4806; x_wconf 80' lang='grc' dir='ltr'>Β</span> <span class='ocrx_word' id='word_1_762' title='bbox 2308 4762 2525 4814; x_wconf 72' lang='lat' dir='ltr'><strong>l’hrasis</strong></span> <span class='ocrx_word' id='word_1_763' title='bbox 2567 4774 2646 4813; x_wconf 75' lang='lat' dir='ltr'><strong>est</strong></span> <span class='ocrx_word' id='word_1_764' title='bbox 2674 4762 2906 4829; x_wconf 74' lang='lat' dir='ltr'><strong>Gallica,</strong></span> <span class='ocrx_word' id='word_1_765' title='bbox 2939 4778 3095 4827; x_wconf 83' lang='lat' dir='ltr'><strong>quam</strong></span> <span class='ocrx_word' id='word_1_766' title='bbox 3126 4762 3473 4819; x_wconf 63' lang='lat' dir='ltr'><strong>habetitttiss.</strong></span> <span class='ocrx_word' id='word_1_767' title='bbox 3505 4782 3722 4822; x_wconf 63' lang='lat' dir='ltr'><strong>omnes.</strong></span> 
     </span>
    </p>
   </div>
   <div class='ocr_carea' id='block_1_108' title="bbox 2163 4831 3716 4905">
    <p class='ocr_par' dir='ltr' id='par_1_108' title="bbox 2163 4831 3716 4905">
     <span class='ocr_line' id='line_1_108' title="bbox 2163 4831 3716 4905; baseline 0.003 -25"><span class='ocrx_word' id='word_1_768' title='bbox 2163 4842 2354 4905; x_wconf 61' lang='lat' dir='ltr'><strong>praeter</strong></span> <span class='ocrx_word' id='word_1_769' title='bbox 2399 4831 2514 4887; x_wconf 81' lang='lat' dir='ltr'><strong>Bec.</strong></span> <span class='ocrx_word' id='word_1_770' title='bbox 2551 4835 2637 4899; x_wconf 90' lang='lat' dir='ltr'><strong>qui</strong></span> <span class='ocrx_word' id='word_1_771' title='bbox 2667 4848 2786 4885; x_wconf 90' lang='lat' dir='ltr'><strong>cum</strong></span> <span class='ocrx_word' id='word_1_772' title='bbox 2817 4833 2901 4886; x_wconf 91' lang='lat' dir='ltr'><strong>ed.</strong></span> <span class='ocrx_word' id='word_1_773' title='bbox 2934 4833 3128 4900; x_wconf 81' lang='lat' dir='ltr'><strong>habet,</strong></span> <span class='ocrx_word' id='word_1_774' title='bbox 3156 4833 3337 4887; x_wconf 77' lang='lat' dir='ltr'><strong>Gravis</strong></span> <span class='ocrx_word' id='word_1_775' title='bbox 3361 4875 3373 4887; x_wconf 94' lang='lat'><strong>.</strong></span> <span class='ocrx_word' id='word_1_776' title='bbox 3400 4873 3417 4890; x_wconf 94' lang='lat'><strong>.</strong></span> <span class='ocrx_word' id='word_1_777' title='bbox 3448 4875 3462 4888; x_wconf 93' lang='lat'><strong>.</strong></span> <span class='ocrx_word' id='word_1_778' title='bbox 3497 4851 3716 4905; x_wconf 76' lang='lat' dir='ltr'><strong>asperior</strong></span> 
     </span>
    </p>
   </div>
   <div class='ocr_carea' id='block_1_109' title="bbox 2158 4900 2459 4965">
    <p class='ocr_par' dir='ltr' id='par_1_109' title="bbox 2158 4900 2459 4965">
     <span class='ocr_line' id='line_1_109' title="bbox 2158 4900 2459 4965; baseline 0.013 -16"><span class='ocrx_word' id='word_1_779' title='bbox 2158 4900 2314 4952; x_wconf 81' lang='lat' dir='ltr'><strong>lucius</strong></span> <span class='ocrx_word' id='word_1_780' title='bbox 2343 4906 2459 4965; x_wconf 74' lang='lat' dir='ltr'><strong>luit.</strong></span> 
     </span>
    </p>
   </div>
   <div class='ocr_carea' id='block_1_110' title="bbox 2228 4968 2804 5040">
    <p class='ocr_par' dir='ltr' id='par_1_110' title="bbox 2228 4968 2804 5040">
     <span class='ocr_line' id='line_1_110' title="bbox 2228 4968 2804 5040; baseline 0.01 -20"><span class='ocrx_word' id='word_1_781' title='bbox 2228 4968 2254 5040; x_wconf 51' lang='grc' dir='ltr'><strong>ξι</strong></span> <span class='ocrx_word' id='word_1_782' title='bbox 2294 4970 2404 5023; x_wconf 76' lang='lat' dir='ltr'><strong>Col.</strong></span> <span class='ocrx_word' id='word_1_783' title='bbox 2428 5010 2442 5034; x_wconf 96' lang='lat'><strong>,</strong></span> <span class='ocrx_word' id='word_1_784' title='bbox 2469 4974 2675 5040; x_wconf 80' lang='lat' dir='ltr'><strong>triginta</strong></span> <span class='ocrx_word' id='word_1_785' title='bbox 2698 4989 2804 5026; x_wconf 72' lang='lat' dir='ltr'><strong>sex.</strong></span> 
     </span>
    </p>
   </div>
   <div class='ocr_carea' id='block_1_111' title="bbox 2235 5039 3718 5114">
    <p class='ocr_par' dir='ltr' id='par_1_111' title="bbox 2235 5039 3718 5114">
     <span class='ocr_line' id='line_1_111' title="bbox 2235 5039 3718 5114; baseline 0.001 -20"><span class='ocrx_word' id='word_1_786' title='bbox 2235 5039 2248 5076; x_wconf 77' lang='grc' dir='ltr'><strong>ί</strong></span> <span class='ocrx_word' id='word_1_787' title='bbox 2294 5043 2380 5094; x_wconf 79' lang='lat' dir='ltr'><strong>Sic</strong></span> <span class='ocrx_word' id='word_1_788' title='bbox 2414 5039 2571 5108; x_wconf 72' lang='lat' dir='ltr'><strong>tsec.;</strong></span> <span class='ocrx_word' id='word_1_789' title='bbox 2602 5044 2688 5097; x_wconf 83' lang='lat' dir='ltr'><strong>alii</strong></span> <span class='ocrx_word' id='word_1_790' title='bbox 2719 5043 3123 5099; x_wconf 77' lang='lat' dir='ltr'><strong>Theodovaldus.</strong></span> <span class='ocrx_word' id='word_1_791' title='bbox 3153 5045 3281 5098; x_wconf 76' lang='lat' dir='ltr'><strong>Vide</strong></span> <span class='ocrx_word' id='word_1_792' title='bbox 3298 5060 3462 5114; x_wconf 87' lang='lat' dir='ltr'><strong>supra</strong></span> <span class='ocrx_word' id='word_1_793' title='bbox 3484 5059 3605 5113; x_wconf 78' lang='lat' dir='ltr'><strong>cap.</strong></span> <span class='ocrx_word' id='word_1_794' title='bbox 3636 5047 3718 5095; x_wconf 71' lang='lat'><strong>.37.</strong></span> 
     </span>
    </p>
   </div>
  </div>
