  <div class='ocr_page' id='page_1' title='image "/cluster/home/n/w/nwhite01/storage/ocr_20150623/71/uva.x000827083/143.png"; bbox 0 0 3994 6194; ppageno 0'>
   <div class='ocr_carea' id='block_1_1' title="bbox 530 274 621 325">
    <p class='ocr_par' dir='ltr' id='par_1_1' title="bbox 530 274 621 325">
     <span class='ocr_line' id='line_1_1' title="bbox 530 274 621 325; baseline -0.011 0"><span class='ocrx_word' id='word_1_1' title='bbox 530 274 621 325; x_wconf 66' lang='lat' dir='ltr'><strong>“III</strong></span> 
     </span>
    </p>
   </div>
   <div class='ocr_carea' id='block_1_2' title="bbox 1509 246 2748 316">
    <p class='ocr_par' dir='ltr' id='par_1_2' title="bbox 1509 246 2748 316">
     <span class='ocr_line' id='line_1_2' title="bbox 1509 246 2748 316; baseline -0.01 0"><span class='ocrx_word' id='word_1_2' title='bbox 1509 261 1566 316; x_wconf 89' lang='lat' dir='ltr'><strong>S.</strong></span> <span class='ocrx_word' id='word_1_3' title='bbox 1611 254 1933 314; x_wconf 50' lang='lat' dir='ltr'><strong>GllE‘GOBII</strong></span> <span class='ocrx_word' id='word_1_4' title='bbox 1980 249 2282 307; x_wconf 74' lang='lat' dir='ltr'><strong>EPISCOPI</strong></span> <span class='ocrx_word' id='word_1_5' title='bbox 2325 246 2748 304; x_wconf 80' lang='lat' dir='ltr'><strong>TURONENSIS</strong></span> 
     </span>
    </p>
   </div>
   <div class='ocr_carea' id='block_1_3' title="bbox 3671 242 3778 298">
    <p class='ocr_par' dir='ltr' id='par_1_3' title="bbox 3671 242 3778 298">
     <span class='ocr_line' id='line_1_3' title="bbox 3671 242 3778 298; baseline -0.019 0"><span class='ocrx_word' id='word_1_6' title='bbox 3671 242 3778 298; x_wconf 70' lang='lat'><strong>27?.</strong></span> 
     </span>
    </p>
   </div>
   <div class='ocr_carea' id='block_1_4' title="bbox 520 358 3779 454">
    <p class='ocr_par' dir='ltr' id='par_1_4' title="bbox 520 358 3779 454">
     <span class='ocr_line' id='line_1_4' title="bbox 520 358 3779 454; baseline -0.01 -11"><span class='ocrx_word' id='word_1_7' title='bbox 520 390 713 443; x_wconf 76' lang='lat' dir='ltr'><strong>beatus</strong></span> <span class='ocrx_word' id='word_1_8' title='bbox 754 383 1045 454; x_wconf 86' lang='lat' dir='ltr'><strong>Iujuriosus</strong></span> <span class='ocrx_word' id='word_1_9' title='bbox 1094 396 1347 449; x_wconf 84' lang='lat' dir='ltr'><strong>respuens</strong></span> <span class='ocrx_word' id='word_1_10' title='bbox 1398 378 1731 433; x_wconf 86' lang='lat' dir='ltr'><strong>subscribere</strong></span> <span class='ocrx_word' id='word_1_11' title='bbox 1778 372 2091 441; x_wconf 71' lang='lat' dir='ltr'><strong>dedignatus</strong></span> <span class='ocrx_word' id='word_1_12' title='bbox 2124 367 2170 425; x_wconf 80' lang='grc' dir='ltr'>Α</span> <span class='ocrx_word' id='word_1_13' title='bbox 2200 368 2383 429; x_wconf 80' lang='lat' dir='ltr'><strong>cessit,</strong></span> <span class='ocrx_word' id='word_1_14' title='bbox 2440 365 2675 420; x_wconf 89' lang='lat' dir='ltr'><strong>decimus</strong></span> <span class='ocrx_word' id='word_1_15' title='bbox 2705 371 2885 418; x_wconf 82' lang='lat' dir='ltr'><strong>sextus</strong></span> <span class='ocrx_word' id='word_1_16' title='bbox 2941 371 3057 431; x_wconf 85' lang='lat' dir='ltr'><strong>post</strong></span> <span class='ocrx_word' id='word_1_17' title='bbox 3108 362 3305 415; x_wconf 84' lang='lat' dir='ltr'><strong>exitum</strong></span> <span class='ocrx_word' id='word_1_18' title='bbox 3357 360 3498 414; x_wconf 87' lang='lat' dir='ltr'><strong>beati</strong></span> <span class='ocrx_word' id='word_1_19' title='bbox 3549 358 3779 413; x_wconf 75' lang='lat' dir='ltr'><strong>Martini.</strong></span> 
     </span>
    </p>
   </div>
   <div class='ocr_carea' id='block_1_5' title="bbox 527 462 2089 544">
    <p class='ocr_par' dir='ltr' id='par_1_5' title="bbox 527 462 2089 544">
     <span class='ocr_line' id='line_1_5' title="bbox 527 462 2089 544; baseline -0.017 -8"><span class='ocrx_word' id='word_1_20' title='bbox 527 492 630 544; x_wconf 85' lang='lat' dir='ltr'><strong>est,</strong></span> <span class='ocrx_word' id='word_1_21' title='bbox 659 480 841 533; x_wconf 88' lang='lat' dir='ltr'><strong>dicens</strong></span> <span class='ocrx_word' id='word_1_22' title='bbox 860 493 879 530; x_wconf 65' lang='grc' dir='ltr'>ς</span> <span class='ocrx_word' id='word_1_23' title='bbox 904 476 959 530; x_wconf 91' lang='lat' dir='ltr'><strong>Si</strong></span> <span class='ocrx_word' id='word_1_24' title='bbox 990 473 1222 528; x_wconf 86' lang='lat' dir='ltr'><strong>volueris</strong></span> <span class='ocrx_word' id='word_1_25' title='bbox 1245 485 1331 525; x_wconf 86' lang='lat' dir='ltr'><strong>res</strong></span> <span class='ocrx_word' id='word_1_26' title='bbox 1357 470 1447 523; x_wconf 89' lang='lat' dir='ltr'><strong>Dei</strong></span> <span class='ocrx_word' id='word_1_27' title='bbox 1482 462 1669 521; x_wconf 56' lang='lat' dir='ltr'><strong>tollet‘e</strong></span> <span class='ocrx_word' id='word_1_28' title='bbox 1690 506 1703 527; x_wconf 91' lang='lat'><strong>,</strong></span> <span class='ocrx_word' id='word_1_29' title='bbox 1728 465 1980 516; x_wconf 78' lang='lat' dir='ltr'><strong>Dominus</strong></span> <span class='ocrx_word' id='word_1_30' title='bbox 2006 475 2089 511; x_wconf 82' lang='lat' dir='ltr'><strong>re-</strong></span> 
     </span>
    </p>
   </div>
   <div class='ocr_carea' id='block_1_6' title="bbox 530 559 2098 643">
    <p class='ocr_par' dir='ltr' id='par_1_6' title="bbox 530 559 2098 643">
     <span class='ocr_line' id='line_1_6' title="bbox 530 559 2098 643; baseline -0.014 -19"><span class='ocrx_word' id='word_1_31' title='bbox 530 587 692 643; x_wconf 87' lang='lat' dir='ltr'><strong>gnttnt</strong></span> <span class='ocrx_word' id='word_1_32' title='bbox 726 581 869 622; x_wconf 92' lang='lat' dir='ltr'><strong>tuum</strong></span> <span class='ocrx_word' id='word_1_33' title='bbox 900 565 1157 620; x_wconf 81' lang='lat' dir='ltr'><strong>velociter</strong></span> <span class='ocrx_word' id='word_1_34' title='bbox 1194 561 1401 615; x_wconf 81' lang='lat' dir='ltr'><strong>auferet</strong></span> <span class='ocrx_word' id='word_1_35' title='bbox 1430 579 1440 610; x_wconf 93' lang='lat'>:</span> <span class='ocrx_word' id='word_1_36' title='bbox 1474 559 1594 627; x_wconf 85' lang='lat' dir='ltr'><strong>quia</strong></span> <span class='ocrx_word' id='word_1_37' title='bbox 1628 559 1864 623; x_wconf 89' lang='lat' dir='ltr'><strong>iniquum</strong></span> <span class='ocrx_word' id='word_1_38' title='bbox 1894 562 2007 613; x_wconf 79' lang='lat' dir='ltr'><strong>est,</strong></span> <span class='ocrx_word' id='word_1_39' title='bbox 2041 561 2098 603; x_wconf 91' lang='lat' dir='ltr'><strong>ttt</strong></span> 
     </span>
    </p>
   </div>
   <div class='ocr_carea' id='block_1_7' title="bbox 533 645 2095 731">
    <p class='ocr_par' dir='ltr' id='par_1_7' title="bbox 533 645 2095 731">
     <span class='ocr_line' id='line_1_7' title="bbox 533 645 2095 731; baseline -0.013 -15"><span class='ocrx_word' id='word_1_40' title='bbox 533 675 792 731; x_wconf 83' lang='lat' dir='ltr'><strong>pauperes</strong></span> <span class='ocrx_word' id='word_1_41' title='bbox 837 673 970 726; x_wconf 83' lang='lat' dir='ltr'><strong>quos</strong></span> <span class='ocrx_word' id='word_1_42' title='bbox 1021 666 1110 708; x_wconf 89' lang='lat' dir='ltr'><strong>tuo</strong></span> <span class='ocrx_word' id='word_1_43' title='bbox 1159 653 1323 708; x_wconf 83' lang='lat' dir='ltr'><strong>debes</strong></span> <span class='ocrx_word' id='word_1_44' title='bbox 1370 651 1516 705; x_wconf 89' lang='lat' dir='ltr'><strong>alere</strong></span> <span class='ocrx_word' id='word_1_45' title='bbox 1566 649 1788 709; x_wconf 83' lang='lat' dir='ltr'><strong>horreo,</strong></span> <span class='ocrx_word' id='word_1_46' title='bbox 1818 645 1884 697; x_wconf 87' lang='lat' dir='ltr'><strong>ab</strong></span> <span class='ocrx_word' id='word_1_47' title='bbox 1914 657 2095 697; x_wconf 86' lang='lat' dir='ltr'><strong>eorum</strong></span> 
     </span>
    </p>
   </div>
   <div class='ocr_carea' id='block_1_8' title="bbox 535 739 2097 822">
    <p class='ocr_par' dir='ltr' id='par_1_8' title="bbox 535 739 2097 822">
     <span class='ocr_line' id='line_1_8' title="bbox 535 739 2097 822; baseline -0.015 -13"><span class='ocrx_word' id='word_1_48' title='bbox 535 758 671 822; x_wconf 85' lang='lat' dir='ltr'><strong>stipe</strong></span> <span class='ocrx_word' id='word_1_49' title='bbox 700 762 784 807; x_wconf 91' lang='lat' dir='ltr'><strong>tua</strong></span> <span class='ocrx_word' id='word_1_50' title='bbox 823 749 976 820; x_wconf 46' lang='lat'><strong>1&amp;2</strong></span> <span class='ocrx_word' id='word_1_51' title='bbox 1010 751 1197 799; x_wconf 75' lang='lat' dir='ltr'><strong>horrea</strong></span> <span class='ocrx_word' id='word_1_52' title='bbox 1235 745 1560 810; x_wconf 76' lang='lat' dir='ltr'><strong>repleantur.</strong></span> <span class='ocrx_word' id='word_1_53' title='bbox 1609 740 1670 792; x_wconf 80' lang='lat' dir='ltr'><strong>Et</strong></span> <span class='ocrx_word' id='word_1_54' title='bbox 1716 739 1878 790; x_wconf 90' lang='lat' dir='ltr'><strong>iratus</strong></span> <span class='ocrx_word' id='word_1_55' title='bbox 1918 745 2097 785; x_wconf 82' lang='lat' dir='ltr'><strong>contra</strong></span> 
     </span>
    </p>
   </div>
   <div class='ocr_carea' id='block_1_9' title="bbox 537 830 2102 913">
    <p class='ocr_par' dir='ltr' id='par_1_9' title="bbox 537 830 2102 913">
     <span class='ocr_line' id='line_1_9' title="bbox 537 830 2102 913; baseline -0.017 -13"><span class='ocrx_word' id='word_1_56' title='bbox 537 860 733 913; x_wconf 84' lang='lat' dir='ltr'><strong>regem,</strong></span> <span class='ocrx_word' id='word_1_57' title='bbox 785 857 882 894; x_wconf 87' lang='lat' dir='ltr'><strong>nec</strong></span> <span class='ocrx_word' id='word_1_58' title='bbox 929 840 1232 893; x_wconf 73' lang='lat' dir='ltr'><strong>Valedicens</strong></span> <span class='ocrx_word' id='word_1_59' title='bbox 1281 833 1563 888; x_wconf 82' lang='lat' dir='ltr'><strong>abscessit.</strong></span> <span class='ocrx_word' id='word_1_60' title='bbox 1607 830 1757 882; x_wconf 85' lang='lat' dir='ltr'><strong>Tunc</strong></span> <span class='ocrx_word' id='word_1_61' title='bbox 1804 833 2102 879; x_wconf 89' lang='lat' dir='ltr'><strong>commotus</strong></span> 
     </span>
    </p>
   </div>
   <div class='ocr_carea' id='block_1_10' title="bbox 537 917 2105 1001">
    <p class='ocr_par' dir='ltr' id='par_1_10' title="bbox 537 917 2105 1001">
     <span class='ocr_line' id='line_1_10' title="bbox 537 917 2105 1001; baseline -0.016 -11"><span class='ocrx_word' id='word_1_62' title='bbox 537 952 654 1001; x_wconf 90' lang='lat' dir='ltr'><strong>rex,</strong></span> <span class='ocrx_word' id='word_1_63' title='bbox 680 935 874 987; x_wconf 88' lang='lat' dir='ltr'><strong>timens</strong></span> <span class='ocrx_word' id='word_1_64' title='bbox 900 931 1060 985; x_wconf 87' lang='lat' dir='ltr'><strong>etiam</strong></span> <span class='ocrx_word' id='word_1_65' title='bbox 1092 929 1338 981; x_wconf 83' lang='lat' dir='ltr'><strong>virtutem</strong></span> <span class='ocrx_word' id='word_1_66' title='bbox 1371 923 1506 977; x_wconf 82' lang='lat' dir='ltr'><strong>beati</strong></span> <span class='ocrx_word' id='word_1_67' title='bbox 1533 918 1740 974; x_wconf 84' lang='lat' dir='ltr'><strong>Martini</strong></span> <span class='ocrx_word' id='word_1_68' title='bbox 1763 960 1776 980; x_wconf 85' lang='lat'><strong>,</strong></span> <span class='ocrx_word' id='word_1_69' title='bbox 1812 917 1957 970; x_wconf 86' lang='lat' dir='ltr'><strong>misit</strong></span> <span class='ocrx_word' id='word_1_70' title='bbox 1985 921 2105 982; x_wconf 88' lang='lat' dir='ltr'><strong>post</strong></span> 
     </span>
    </p>
   </div>
   <div class='ocr_carea' id='block_1_11' title="bbox 540 1002 2103 1080">
    <p class='ocr_par' dir='ltr' id='par_1_11' title="bbox 540 1002 2103 1080">
     <span class='ocr_line' id='line_1_11' title="bbox 540 1002 2103 1080; baseline -0.016 -2"><span class='ocrx_word' id='word_1_71' title='bbox 540 1040 664 1079; x_wconf 84' lang='lat' dir='ltr'><strong>eum</strong></span> <span class='ocrx_word' id='word_1_72' title='bbox 705 1036 825 1076; x_wconf 91' lang='lat' dir='ltr'><strong>cum</strong></span> <span class='ocrx_word' id='word_1_73' title='bbox 867 1019 1204 1077; x_wconf 85' lang='lat' dir='ltr'><strong>muneribus,</strong></span> <span class='ocrx_word' id='word_1_74' title='bbox 1237 1014 1443 1068; x_wconf 79' lang='lat' dir='ltr'><strong>veniam</strong></span> <span class='ocrx_word' id='word_1_75' title='bbox 1475 1024 1695 1080; x_wconf 87' lang='lat' dir='ltr'><strong>precans</strong></span> <span class='ocrx_word' id='word_1_76' title='bbox 1716 1050 1729 1073; x_wconf 94' lang='lat'><strong>,</strong></span> <span class='ocrx_word' id='word_1_77' title='bbox 1762 1017 1814 1061; x_wconf 90' lang='lat' dir='ltr'><strong>et</strong></span> <span class='ocrx_word' id='word_1_78' title='bbox 1841 1007 1940 1059; x_wconf 85' lang='lat' dir='ltr'><strong>hoc</strong></span> <span class='ocrx_word' id='word_1_79' title='bbox 1968 1002 2103 1072; x_wconf 86' lang='lat' dir='ltr'><strong>quod</strong></span> 
     </span>
    </p>
   </div>
   <div class='ocr_carea' id='block_1_12' title="bbox 544 1097 2108 1172">
    <p class='ocr_par' dir='ltr' id='par_1_12' title="bbox 544 1097 2108 1172">
     <span class='ocr_line' id='line_1_12' title="bbox 544 1097 2108 1172; baseline -0.015 -2"><span class='ocrx_word' id='word_1_80' title='bbox 544 1116 739 1170; x_wconf 80' lang='lat' dir='ltr'><strong>fecerat</strong></span> <span class='ocrx_word' id='word_1_81' title='bbox 767 1114 1045 1172; x_wconf 86' lang='lat' dir='ltr'><strong>damnans,</strong></span> <span class='ocrx_word' id='word_1_82' title='bbox 1080 1108 1344 1171; x_wconf 76' lang='lat' dir='ltr'><strong>simulque</strong></span> <span class='ocrx_word' id='word_1_83' title='bbox 1377 1119 1567 1172; x_wconf 84' lang='lat' dir='ltr'><strong>rogans</strong></span> <span class='ocrx_word' id='word_1_84' title='bbox 1594 1142 1607 1164; x_wconf 93' lang='lat'><strong>,</strong></span> <span class='ocrx_word' id='word_1_85' title='bbox 1643 1112 1697 1153; x_wconf 84' lang='lat' dir='ltr'><strong>ut</strong></span> <span class='ocrx_word' id='word_1_86' title='bbox 1727 1114 1820 1168; x_wconf 90' lang='lat' dir='ltr'><strong>pro</strong></span> <span class='ocrx_word' id='word_1_87' title='bbox 1851 1113 1910 1151; x_wconf 90' lang='lat' dir='ltr'><strong>se</strong></span> <span class='ocrx_word' id='word_1_88' title='bbox 1940 1097 2108 1149; x_wconf 88' lang='lat' dir='ltr'><strong>virtu-</strong></span> 
     </span>
    </p>
   </div>
   <div class='ocr_carea' id='block_1_13' title="bbox 542 1195 1632 1260">
    <p class='ocr_par' dir='ltr' id='par_1_13' title="bbox 542 1195 1632 1260">
     <span class='ocr_line' id='line_1_13' title="bbox 542 1195 1632 1260; baseline -0.014 0"><span class='ocrx_word' id='word_1_89' title='bbox 542 1216 649 1260; x_wconf 84' lang='lat' dir='ltr'><strong>tem</strong></span> <span class='ocrx_word' id='word_1_90' title='bbox 684 1205 821 1257; x_wconf 85' lang='lat' dir='ltr'><strong>beati</strong></span> <span class='ocrx_word' id='word_1_91' title='bbox 851 1199 1057 1255; x_wconf 82' lang='lat' dir='ltr'><strong>Martini</strong></span> <span class='ocrx_word' id='word_1_92' title='bbox 1084 1195 1336 1250; x_wconf 89' lang='lat' dir='ltr'><strong>antistitis</strong></span> <span class='ocrx_word' id='word_1_93' title='bbox 1366 1201 1632 1247; x_wconf 83' lang='lat' dir='ltr'><strong>exoraret.</strong></span> 
     </span>
    </p>
   </div>
   <div class='ocr_carea' id='block_1_14' title="bbox 623 1274 2112 1353">
    <p class='ocr_par' dir='ltr' id='par_1_14' title="bbox 623 1274 2112 1353">
     <span class='ocr_line' id='line_1_14' title="bbox 623 1274 2112 1353; baseline -0.015 -4"><span class='ocrx_word' id='word_1_94' title='bbox 623 1295 706 1349; x_wconf 93' lang='lat' dir='ltr'><strong>III.</strong></span> <span class='ocrx_word' id='word_1_95' title='bbox 753 1291 1200 1347; x_wconf 87' lang='lat' dir='ltr'><strong>Cltlotbacltarius</strong></span> <span class='ocrx_word' id='word_1_96' title='bbox 1226 1286 1452 1353; x_wconf 84' lang='lat' dir='ltr'><strong>denique</strong></span> <span class='ocrx_word' id='word_1_97' title='bbox 1494 1283 1607 1352; x_wconf 87' lang='lat' dir='ltr'><strong>ipse</strong></span> <span class='ocrx_word' id='word_1_98' title='bbox 1648 1297 1739 1334; x_wconf 87' lang='lat' dir='ltr'><strong>rex</strong></span> <span class='ocrx_word' id='word_1_99' title='bbox 1783 1277 1849 1331; x_wconf 90' lang='lat' dir='ltr'><strong>de</strong></span> <span class='ocrx_word' id='word_1_100' title='bbox 1887 1274 2112 1329; x_wconf 84' lang='lat' dir='ltr'><strong>diversis</strong></span> 
     </span>
    </p>
   </div>
   <div class='ocr_carea' id='block_1_15' title="bbox 552 1367 2111 1449">
    <p class='ocr_par' dir='ltr' id='par_1_15' title="bbox 552 1367 2111 1449">
     <span class='ocr_line' id='line_1_15' title="bbox 552 1367 2111 1449; baseline -0.015 -6"><span class='ocrx_word' id='word_1_101' title='bbox 552 1387 866 1443; x_wconf 73' lang='lat' dir='ltr'><strong>mulieribus</strong></span> <span class='ocrx_word' id='word_1_102' title='bbox 893 1392 1093 1449; x_wconf 87' lang='lat' dir='ltr'><strong>septem</strong></span> <span class='ocrx_word' id='word_1_103' title='bbox 1136 1380 1269 1431; x_wconf 82' lang='lat' dir='ltr'><strong>filios</strong></span> <span class='ocrx_word' id='word_1_104' title='bbox 1301 1376 1512 1437; x_wconf 83' lang='lat' dir='ltr'><strong>ltabnit,</strong></span> <span class='ocrx_word' id='word_1_105' title='bbox 1542 1374 1591 1427; x_wconf 92' lang='lat' dir='ltr'><strong>id</strong></span> <span class='ocrx_word' id='word_1_106' title='bbox 1624 1382 1706 1427; x_wconf 91' lang='lat' dir='ltr'><strong>est</strong></span> <span class='ocrx_word' id='word_1_107' title='bbox 1744 1371 1809 1424; x_wconf 90' lang='lat' dir='ltr'><strong>de</strong></span> <span class='ocrx_word' id='word_1_108' title='bbox 1842 1367 2075 1438; x_wconf 83' lang='lat' dir='ltr'><strong>lngunde</strong></span> <span class='ocrx_word' id='word_1_109' title='bbox 2096 1406 2111 1430; x_wconf 92' lang='lat'><strong>,</strong></span> 
     </span>
    </p>
   </div>
   <div class='ocr_carea' id='block_1_16' title="bbox 549 1459 2115 1537">
    <p class='ocr_par' dir='ltr' id='par_1_16' title="bbox 549 1459 2115 1537">
     <span class='ocr_line' id='line_1_16' title="bbox 549 1459 2115 1537; baseline -0.017 -3"><span class='ocrx_word' id='word_1_110' title='bbox 549 1477 918 1537; x_wconf 86' lang='lat' dir='ltr'><strong>Guntltarium,</strong></span> <span class='ocrx_word' id='word_1_111' title='bbox 943 1471 1322 1531; x_wconf 88' lang='lat' dir='ltr'><strong>Cltildericnm,</strong></span> <span class='ocrx_word' id='word_1_112' title='bbox 1347 1467 1734 1523; x_wconf 70' lang='lat' dir='ltr'><strong>(Jltaribertttnt,</strong></span> <span class='ocrx_word' id='word_1_113' title='bbox 1765 1459 2115 1514; x_wconf 83' lang='lat' dir='ltr'><strong>Guntcltratn-</strong></span> 
     </span>
    </p>
   </div>
   <div class='ocr_carea' id='block_1_17' title="bbox 557 1552 2114 1635">
    <p class='ocr_par' dir='ltr' id='par_1_17' title="bbox 557 1552 2114 1635">
     <span class='ocr_line' id='line_1_17' title="bbox 557 1552 2114 1635; baseline -0.015 -11"><span class='ocrx_word' id='word_1_114' title='bbox 557 1586 679 1625; x_wconf 90' lang='lat' dir='ltr'><strong>tmttt</strong></span> <span class='ocrx_word' id='word_1_115' title='bbox 708 1611 720 1631; x_wconf 94' lang='lat'><strong>,</strong></span> <span class='ocrx_word' id='word_1_116' title='bbox 765 1567 1117 1635; x_wconf 82' lang='lat' dir='ltr'><strong>Sigilu-rtnm.</strong></span> <span class='ocrx_word' id='word_1_117' title='bbox 1154 1573 1206 1614; x_wconf 88' lang='lat' dir='ltr'><strong>et</strong></span> <span class='ocrx_word' id='word_1_118' title='bbox 1237 1556 1602 1611; x_wconf 81' lang='lat' dir='ltr'><strong>Cltlotsindam</strong></span> <span class='ocrx_word' id='word_1_119' title='bbox 1654 1554 1847 1614; x_wconf 71' lang='lat' dir='ltr'><strong>filiam;</strong></span> <span class='ocrx_word' id='word_1_120' title='bbox 1887 1552 1952 1603; x_wconf 91' lang='lat' dir='ltr'><strong>de</strong></span> <span class='ocrx_word' id='word_1_121' title='bbox 1984 1552 2114 1602; x_wconf 79' lang='lat' dir='ltr'><strong>Are-</strong></span> 
     </span>
    </p>
   </div>
   <div class='ocr_carea' id='block_1_18' title="bbox 560 1638 2119 1727">
    <p class='ocr_par' dir='ltr' id='par_1_18' title="bbox 560 1638 2119 1727">
     <span class='ocr_line' id='line_1_18' title="bbox 560 1638 2119 1727; baseline -0.015 -14"><span class='ocrx_word' id='word_1_122' title='bbox 560 1662 734 1727; x_wconf 73' lang='lat' dir='ltr'><strong>gtmde</strong></span> <span class='ocrx_word' id='word_1_123' title='bbox 761 1674 886 1710; x_wconf 71' lang='lat' dir='ltr'><strong>vero</strong></span> <span class='ocrx_word' id='word_1_124' title='bbox 914 1669 1097 1709; x_wconf 82' lang='lat' dir='ltr'><strong>sorore</strong></span> <span class='ocrx_word' id='word_1_125' title='bbox 1127 1650 1396 1719; x_wconf 76' lang='lat' dir='ltr'><strong>lugundis,</strong></span> <span class='ocrx_word' id='word_1_126' title='bbox 1423 1646 1810 1715; x_wconf 84' lang='lat' dir='ltr'><strong>Cbilpericum;</strong></span> <span class='ocrx_word' id='word_1_127' title='bbox 1844 1641 1910 1694; x_wconf 90' lang='lat' dir='ltr'><strong>de</strong></span> <span class='ocrx_word' id='word_1_128' title='bbox 1939 1638 2119 1692; x_wconf 85' lang='lat' dir='ltr'><strong>Cltuu-</strong></span> 
     </span>
    </p>
   </div>
   <div class='ocr_carea' id='block_1_19' title="bbox 2276 448 3785 524">
    <p class='ocr_par' dir='ltr' id='par_1_19' title="bbox 2276 448 3785 524">
     <span class='ocr_line' id='line_1_19' title="bbox 2276 448 3785 524; baseline -0.007 -13"><span class='ocrx_word' id='word_1_129' title='bbox 2276 459 2363 511; x_wconf 87' lang='lat' dir='ltr'><strong>IV.</strong></span> <span class='ocrx_word' id='word_1_130' title='bbox 2389 458 2606 509; x_wconf 87' lang='lat' dir='ltr'><strong>Cltanao</strong></span> <span class='ocrx_word' id='word_1_131' title='bbox 2633 468 2841 524; x_wconf 90' lang='lat' dir='ltr'><strong>quoque</strong></span> <span class='ocrx_word' id='word_1_132' title='bbox 2857 455 3228 507; x_wconf 80' lang='lat' dir='ltr'><strong>Britannorum</strong></span> <span class='ocrx_word' id='word_1_133' title='bbox 3250 466 3434 506; x_wconf 87' lang='lat' dir='ltr'><strong>eomes</strong></span> <span class='ocrx_word' id='word_1_134' title='bbox 3458 460 3567 504; x_wconf 87' lang='lat' dir='ltr'><strong>tres</strong></span> <span class='ocrx_word' id='word_1_135' title='bbox 3588 448 3785 503; x_wconf 80' lang='lat' dir='ltr'><strong>fratres</strong></span> 
     </span>
    </p>
   </div>
   <div class='ocr_carea' id='block_1_20' title="bbox 2200 541 3788 602">
    <p class='ocr_par' dir='ltr' id='par_1_20' title="bbox 2200 541 3788 602">
     <span class='ocr_line' id='line_1_20' title="bbox 2200 541 3788 602; baseline -0.004 -1"><span class='ocrx_word' id='word_1_136' title='bbox 2200 565 2323 602; x_wconf 87' lang='lat' dir='ltr'><strong>suos</strong></span> <span class='ocrx_word' id='word_1_137' title='bbox 2353 546 2633 601; x_wconf 74' lang='lat' dir='ltr'><strong>interfecit.</strong></span> <span class='ocrx_word' id='word_1_138' title='bbox 2652 546 2850 599; x_wconf 81' lang='lat' dir='ltr'><strong>Volens</strong></span> <span class='ocrx_word' id='word_1_139' title='bbox 2875 556 3050 597; x_wconf 90' lang='lat' dir='ltr'><strong>autem</strong></span> <span class='ocrx_word' id='word_1_140' title='bbox 3081 542 3254 596; x_wconf 83' lang='lat' dir='ltr'><strong>adhuc</strong></span> <span class='ocrx_word' id='word_1_141' title='bbox 3275 541 3587 596; x_wconf 84' lang='lat' dir='ltr'><strong>Macliavum</strong></span> <span class='ocrx_word' id='word_1_142' title='bbox 3618 541 3788 596; x_wconf 85' lang='lat' dir='ltr'><strong>inter-</strong></span> 
     </span>
    </p>
   </div>
   <div class='ocr_carea' id='block_1_21' title="bbox 2203 635 3786 704">
    <p class='ocr_par' dir='ltr' id='par_1_21' title="bbox 2203 635 3786 704">
     <span class='ocr_line' id='line_1_21' title="bbox 2203 635 3786 704; baseline -0.003 -12"><span class='ocrx_word' id='word_1_143' title='bbox 2203 640 2390 703; x_wconf 85' lang='lat' dir='ltr'><strong>ﬁcere,</strong></span> <span class='ocrx_word' id='word_1_144' title='bbox 2441 645 2889 704; x_wconf 86' lang='lat' dir='ltr'><strong>comprehensum</strong></span> <span class='ocrx_word' id='word_1_145' title='bbox 2938 645 3098 703; x_wconf 89' lang='lat' dir='ltr'><strong>atque</strong></span> <span class='ocrx_word' id='word_1_146' title='bbox 3144 635 3350 689; x_wconf 78' lang='lat' dir='ltr'><strong>Catenis</strong></span> <span class='ocrx_word' id='word_1_147' title='bbox 3398 643 3682 688; x_wconf 87' lang='lat' dir='ltr'><strong>oneratum</strong></span> <span class='ocrx_word' id='word_1_148' title='bbox 3733 636 3786 687; x_wconf 83' lang='lat' dir='ltr'><strong>in</strong></span> 
     </span>
    </p>
   </div>
   <div class='ocr_carea' id='block_1_22' title="bbox 2202 723 3783 795">
    <p class='ocr_par' dir='ltr' id='par_1_22' title="bbox 2202 723 3783 795">
     <span class='ocr_line' id='line_1_22' title="bbox 2202 723 3783 795; baseline -0.004 -12"><span class='ocrx_word' id='word_1_149' title='bbox 2202 745 2416 783; x_wconf 87' lang='lat' dir='ltr'><strong>carcere</strong></span> <span class='ocrx_word' id='word_1_150' title='bbox 2448 728 2729 790; x_wconf 83' lang='lat' dir='ltr'><strong>retinebat,</strong></span> <span class='ocrx_word' id='word_1_151' title='bbox 2761 728 2849 795; x_wconf 90' lang='lat' dir='ltr'><strong>qui</strong></span> <span class='ocrx_word' id='word_1_152' title='bbox 2883 741 2978 795; x_wconf 92' lang='lat' dir='ltr'><strong>per</strong></span> <span class='ocrx_word' id='word_1_153' title='bbox 3009 726 3237 779; x_wconf 86' lang='lat' dir='ltr'><strong>Felicem</strong></span> <span class='ocrx_word' id='word_1_154' title='bbox 3269 723 3641 779; x_wconf 84' lang='lat' dir='ltr'><strong>Namneticum</strong></span> <span class='ocrx_word' id='word_1_155' title='bbox 3666 725 3783 792; x_wconf 85' lang='lat' dir='ltr'><strong>epi-</strong></span> 
     </span>
    </p>
   </div>
   <div class='ocr_carea' id='block_1_23' title="bbox 2204 813 3783 887">
    <p class='ocr_par' dir='ltr' id='par_1_23' title="bbox 2204 813 3783 887">
     <span class='ocr_line' id='line_1_23' title="bbox 2204 813 3783 887; baseline -0.004 -15"><span class='ocrx_word' id='word_1_156' title='bbox 2204 835 2423 887; x_wconf 88' lang='lat' dir='ltr'><strong>scopum</strong></span> <span class='ocrx_word' id='word_1_157' title='bbox 2453 834 2480 869; x_wconf 91' lang='lat' dir='ltr'><strong>a</strong></span> <span class='ocrx_word' id='word_1_158' title='bbox 2514 825 2685 870; x_wconf 90' lang='lat' dir='ltr'><strong>morte</strong></span> <span class='ocrx_word' id='word_1_159' title='bbox 2716 816 2972 870; x_wconf 88' lang='lat' dir='ltr'><strong>liberatus</strong></span> <span class='ocrx_word' id='word_1_160' title='bbox 3004 823 3105 869; x_wconf 91' lang='lat' dir='ltr'><strong>est.</strong></span> <span class='ocrx_word' id='word_1_161' title='bbox 3141 814 3384 868; x_wconf 74' lang='lat' dir='ltr'><strong>Postlttec</strong></span> <span class='ocrx_word' id='word_1_162' title='bbox 3404 813 3607 882; x_wconf 80' lang='lat' dir='ltr'><strong>juravit</strong></span> <span class='ocrx_word' id='word_1_163' title='bbox 3634 813 3783 867; x_wconf 77' lang='lat' dir='ltr'><strong>fratri</strong></span> 
     </span>
    </p>
   </div>
   <div class='ocr_carea' id='block_1_24' title="bbox 2206 905 3791 972">
    <p class='ocr_par' dir='ltr' id='par_1_24' title="bbox 2206 905 3791 972">
     <span class='ocr_line' id='line_1_24' title="bbox 2206 905 3791 972; baseline -0.005 -9"><span class='ocrx_word' id='word_1_164' title='bbox 2206 925 2324 972; x_wconf 87' lang='lat' dir='ltr'><strong>suo,</strong></span> <span class='ocrx_word' id='word_1_165' title='bbox 2357 919 2413 962; x_wconf 92' lang='lat' dir='ltr'><strong>ut</strong></span> <span class='ocrx_word' id='word_1_166' title='bbox 2441 912 2491 961; x_wconf 87' lang='lat' dir='ltr'><strong>ei</strong></span> <span class='ocrx_word' id='word_1_167' title='bbox 2534 908 2704 960; x_wconf 85' lang='lat' dir='ltr'><strong>tidelis</strong></span> <span class='ocrx_word' id='word_1_168' title='bbox 2732 915 2906 971; x_wconf 86' lang='lat' dir='ltr'><strong>esset;</strong></span> <span class='ocrx_word' id='word_1_169' title='bbox 2955 905 3049 959; x_wconf 85' lang='lat' dir='ltr'><strong>sed</strong></span> <span class='ocrx_word' id='word_1_170' title='bbox 3099 905 3281 958; x_wconf 91' lang='lat' dir='ltr'><strong>nescio</strong></span> <span class='ocrx_word' id='word_1_171' title='bbox 3309 919 3415 971; x_wconf 91' lang='lat' dir='ltr'><strong>quo</strong></span> <span class='ocrx_word' id='word_1_172' title='bbox 3454 918 3583 957; x_wconf 90' lang='lat' dir='ltr'><strong>casu</strong></span> <span class='ocrx_word' id='word_1_173' title='bbox 3612 917 3791 957; x_wconf 50' lang='lat' dir='ltr'><strong>sacra.</strong></span> 
     </span>
    </p>
   </div>
   <div class='ocr_carea' id='block_1_25' title="bbox 2210 996 3789 1065">
    <p class='ocr_par' dir='ltr' id='par_1_25' title="bbox 2210 996 3789 1065">
     <span class='ocr_line' id='line_1_25' title="bbox 2210 996 3789 1065; baseline -0.005 -12"><span class='ocrx_word' id='word_1_174' title='bbox 2210 1009 2442 1054; x_wconf 87' lang='lat' dir='ltr'><strong>mentum</strong></span> <span class='ocrx_word' id='word_1_175' title='bbox 2493 999 2787 1064; x_wconf 84' lang='lat' dir='ltr'><strong>irrumpere</strong></span> <span class='ocrx_word' id='word_1_176' title='bbox 2816 996 2985 1050; x_wconf 87' lang='lat' dir='ltr'><strong>voluit</strong></span> <span class='ocrx_word' id='word_1_177' title='bbox 3016 1013 3030 1050; x_wconf 90' lang='lat'><strong>:</strong></span> <span class='ocrx_word' id='word_1_178' title='bbox 3062 997 3203 1065; x_wconf 90' lang='lat' dir='ltr'><strong>quod</strong></span> <span class='ocrx_word' id='word_1_179' title='bbox 3249 997 3468 1048; x_wconf 83' lang='lat' dir='ltr'><strong>Cbanao</strong></span> <span class='ocrx_word' id='word_1_180' title='bbox 3510 997 3789 1054; x_wconf 85' lang='lat' dir='ltr'><strong>sentiens,</strong></span> 
     </span>
    </p>
   </div>
   <div class='ocr_carea' id='block_1_26' title="bbox 2210 1086 3790 1158">
    <p class='ocr_par' dir='ltr' id='par_1_26' title="bbox 2210 1086 3790 1158">
     <span class='ocr_line' id='line_1_26' title="bbox 2210 1086 3790 1158; baseline -0.004 -13"><span class='ocrx_word' id='word_1_181' title='bbox 2210 1093 2399 1145; x_wconf 87' lang='lat' dir='ltr'><strong>iterum</strong></span> <span class='ocrx_word' id='word_1_182' title='bbox 2426 1107 2546 1144; x_wconf 90' lang='lat' dir='ltr'><strong>eum</strong></span> <span class='ocrx_word' id='word_1_183' title='bbox 2580 1089 3021 1158; x_wconf 88' lang='lat' dir='ltr'><strong>persequebatur.</strong></span> <span class='ocrx_word' id='word_1_184' title='bbox 3056 1090 3121 1141; x_wconf 82' lang='lat' dir='ltr'><strong>At</strong></span> <span class='ocrx_word' id='word_1_185' title='bbox 3155 1088 3244 1142; x_wconf 89' lang='lat' dir='ltr'><strong>ille</strong></span> <span class='ocrx_word' id='word_1_186' title='bbox 3265 1129 3277 1149; x_wconf 82' lang='lat'><strong>,</strong></span> <span class='ocrx_word' id='word_1_187' title='bbox 3310 1102 3431 1141; x_wconf 90' lang='lat' dir='ltr'><strong>cum</strong></span> <span class='ocrx_word' id='word_1_188' title='bbox 3459 1102 3519 1140; x_wconf 92' lang='lat' dir='ltr'><strong>se</strong></span> <span class='ocrx_word' id='word_1_189' title='bbox 3555 1086 3790 1139; x_wconf 79' lang='lat' dir='ltr'><strong>evadere</strong></span> 
     </span>
    </p>
   </div>
   <div class='ocr_carea' id='block_1_27' title="bbox 2213 1174 3792 1248">
    <p class='ocr_par' dir='ltr' id='par_1_27' title="bbox 2213 1174 3792 1248">
     <span class='ocr_line' id='line_1_27' title="bbox 2213 1174 3792 1248; baseline -0.004 -14"><span class='ocrx_word' id='word_1_190' title='bbox 2213 1198 2315 1234; x_wconf 84' lang='lat' dir='ltr'><strong>non</strong></span> <span class='ocrx_word' id='word_1_191' title='bbox 2351 1195 2503 1248; x_wconf 86' lang='lat' dir='ltr'><strong>posse</strong></span> <span class='ocrx_word' id='word_1_192' title='bbox 2525 1181 2748 1241; x_wconf 86' lang='lat' dir='ltr'><strong>videret,</strong></span> <span class='ocrx_word' id='word_1_193' title='bbox 2776 1186 2895 1248; x_wconf 79' lang='lat' dir='ltr'><strong>pust</strong></span> <span class='ocrx_word' id='word_1_194' title='bbox 2919 1178 3079 1231; x_wconf 87' lang='lat' dir='ltr'><strong>alium</strong></span> <span class='ocrx_word' id='word_1_195' title='bbox 3106 1176 3354 1231; x_wconf 90' lang='lat' dir='ltr'><strong>comitem</strong></span> <span class='ocrx_word' id='word_1_196' title='bbox 3380 1177 3617 1244; x_wconf 76' lang='lat' dir='ltr'><strong>regionis</strong></span> <span class='ocrx_word' id='word_1_197' title='bbox 3646 1174 3792 1228; x_wconf 88' lang='lat' dir='ltr'><strong>illius</strong></span> 
     </span>
    </p>
   </div>
   <div class='ocr_carea' id='block_1_28' title="bbox 2215 1265 3795 1339">
    <p class='ocr_par' dir='ltr' id='par_1_28' title="bbox 2215 1265 3795 1339">
     <span class='ocr_line' id='line_1_28' title="bbox 2215 1265 3795 1339; baseline -0.003 -15"><span class='ocrx_word' id='word_1_198' title='bbox 2215 1271 2362 1339; x_wconf 84' lang='lat' dir='ltr'><strong>fugit,</strong></span> <span class='ocrx_word' id='word_1_199' title='bbox 2395 1273 2608 1323; x_wconf 82' lang='lat' dir='ltr'><strong>nom&#39;ne</strong></span> <span class='ocrx_word' id='word_1_200' title='bbox 2641 1266 2796 1339; x_wconf 59' lang='lat'><strong>14.5.</strong></span> <span class='ocrx_word' id='word_1_201' title='bbox 2823 1268 3219 1322; x_wconf 86' lang='lat' dir='ltr'><strong>Cltonomorem</strong></span> <span class='ocrx_word' id='word_1_202' title='bbox 3248 1277 3294 1318; x_wconf 74' lang='grc' dir='ltr'><strong>ο.</strong></span> <span class='ocrx_word' id='word_1_203' title='bbox 3329 1265 3381 1321; x_wconf 91' lang='lat' dir='ltr'><strong>Is</strong></span> <span class='ocrx_word' id='word_1_204' title='bbox 3409 1280 3531 1319; x_wconf 90' lang='lat' dir='ltr'><strong>cunt</strong></span> <span class='ocrx_word' id='word_1_205' title='bbox 3563 1265 3795 1319; x_wconf 83' lang='lat' dir='ltr'><strong>sentiret</strong></span> 
     </span>
    </p>
   </div>
   <div class='ocr_carea' id='block_1_29' title="bbox 2215 1356 3797 1429">
    <p class='ocr_par' dir='ltr' id='par_1_29' title="bbox 2215 1356 3797 1429">
     <span class='ocr_line' id='line_1_29' title="bbox 2215 1356 3797 1429; baseline -0.003 -16"><span class='ocrx_word' id='word_1_206' title='bbox 2215 1358 2723 1429; x_wconf 71' lang='lat' dir='ltr'><strong>persecutorest-jus</strong></span> <span class='ocrx_word' id='word_1_207' title='bbox 2749 1357 3207 1426; x_wconf 84' lang='lat' dir='ltr'><strong>appropinquare.</strong></span> <span class='ocrx_word' id='word_1_208' title='bbox 3254 1357 3353 1410; x_wconf 87' lang='lat' dir='ltr'><strong>sub</strong></span> <span class='ocrx_word' id='word_1_209' title='bbox 3407 1367 3545 1411; x_wconf 88' lang='lat' dir='ltr'><strong>terra</strong></span> <span class='ocrx_word' id='word_1_210' title='bbox 3588 1370 3713 1408; x_wconf 87' lang='lat' dir='ltr'><strong>eum</strong></span> <span class='ocrx_word' id='word_1_211' title='bbox 3745 1356 3797 1408; x_wconf 89' lang='lat' dir='ltr'><strong>in</strong></span> 
     </span>
    </p>
   </div>
   <div class='ocr_carea' id='block_1_30' title="bbox 2218 1447 3799 1515">
    <p class='ocr_par' dir='ltr' id='par_1_30' title="bbox 2218 1447 3799 1515">
     <span class='ocr_line' id='line_1_30' title="bbox 2218 1447 3799 1515; baseline -0.006 -12"><span class='ocrx_word' id='word_1_212' title='bbox 2218 1450 2390 1503; x_wconf 86' lang='lat' dir='ltr'><strong>loculo</strong></span> <span class='ocrx_word' id='word_1_213' title='bbox 2433 1448 2751 1514; x_wconf 89' lang='lat' dir='ltr'><strong>abscondit,</strong></span> <span class='ocrx_word' id='word_1_214' title='bbox 2803 1462 3130 1515; x_wconf 85' lang='lat' dir='ltr'><strong>compoaens</strong></span> <span class='ocrx_word' id='word_1_215' title='bbox 3161 1447 3389 1515; x_wconf 87' lang='lat' dir='ltr'><strong>desuper</strong></span> <span class='ocrx_word' id='word_1_216' title='bbox 3424 1462 3487 1501; x_wconf 88' lang='lat' dir='ltr'><strong>ex</strong></span> <span class='ocrx_word' id='word_1_217' title='bbox 3532 1460 3686 1499; x_wconf 83' lang='lat' dir='ltr'><strong>more</strong></span> <span class='ocrx_word' id='word_1_218' title='bbox 3716 1454 3799 1498; x_wconf 90' lang='lat' dir='ltr'><strong>tu-</strong></span> 
     </span>
    </p>
   </div>
   <div class='ocr_carea' id='block_1_31' title="bbox 2219 1539 3795 1607">
    <p class='ocr_par' dir='ltr' id='par_1_31' title="bbox 2219 1539 3795 1607">
     <span class='ocr_line' id='line_1_31' title="bbox 2219 1539 3795 1607; baseline 0 -15"><span class='ocrx_word' id='word_1_219' title='bbox 2219 1540 2419 1592; x_wconf 91' lang='lat' dir='ltr'><strong>mulum</strong></span> <span class='ocrx_word' id='word_1_220' title='bbox 2446 1579 2461 1603; x_wconf 94' lang='lat'><strong>,</strong></span> <span class='ocrx_word' id='word_1_221' title='bbox 2495 1553 2820 1607; x_wconf 82' lang='lat' dir='ltr'><strong>parvumque</strong></span> <span class='ocrx_word' id='word_1_222' title='bbox 2860 1539 2906 1592; x_wconf 87' lang='lat' dir='ltr'><strong>ei</strong></span> <span class='ocrx_word' id='word_1_223' title='bbox 2937 1540 3256 1604; x_wconf 89' lang='lat' dir='ltr'><strong>spiraculum</strong></span> <span class='ocrx_word' id='word_1_224' title='bbox 3299 1552 3610 1603; x_wconf 88' lang='lat' dir='ltr'><strong>reservans,</strong></span> <span class='ocrx_word' id='word_1_225' title='bbox 3646 1539 3795 1592; x_wconf 85' lang='lat' dir='ltr'><strong>unde</strong></span> 
     </span>
    </p>
   </div>
   <div class='ocr_carea' id='block_1_32' title="bbox 2222 1628 3801 1697">
    <p class='ocr_par' dir='ltr' id='par_1_32' title="bbox 2222 1628 3801 1697">
     <span class='ocr_line' id='line_1_32' title="bbox 2222 1628 3801 1697; baseline -0.001 -14"><span class='ocrx_word' id='word_1_226' title='bbox 2222 1629 2442 1684; x_wconf 87' lang='lat' dir='ltr'><strong>ltalitum</strong></span> <span class='ocrx_word' id='word_1_227' title='bbox 2477 1644 2746 1683; x_wconf 77' lang='lat' dir='ltr'><strong>reSumere</strong></span> <span class='ocrx_word' id='word_1_228' title='bbox 2780 1638 2977 1697; x_wconf 82' lang='lat' dir='ltr'><strong>posset.</strong></span> <span class='ocrx_word' id='word_1_229' title='bbox 3005 1628 3420 1682; x_wconf 80' lang='lat' dir='ltr'><strong>Advenientibus</strong></span> <span class='ocrx_word' id='word_1_230' title='bbox 3460 1640 3640 1683; x_wconf 87' lang='lat' dir='ltr'><strong>autem</strong></span> <span class='ocrx_word' id='word_1_231' title='bbox 3673 1644 3801 1697; x_wconf 84' lang='lat' dir='ltr'><strong>per-</strong></span> 
     </span>
    </p>
   </div>
   <div class='ocr_carea' id='block_1_33' title="bbox 555 1719 3795 1807">
    <p class='ocr_par' dir='ltr' id='par_1_33' title="bbox 555 1719 3795 1807">
     <span class='ocr_line' id='line_1_33' title="bbox 555 1719 3795 1807; baseline -0.012 0"><span class='ocrx_word' id='word_1_232' title='bbox 555 1768 680 1807; x_wconf 74' lang='lat' dir='ltr'><strong>sena</strong></span> <span class='ocrx_word' id='word_1_233' title='bbox 712 1748 891 1803; x_wconf 84' lang='lat' dir='ltr'><strong>habuit</strong></span> <span class='ocrx_word' id='word_1_234' title='bbox 912 1745 1259 1800; x_wconf 83' lang='lat' dir='ltr'><strong>Citramumn.</strong></span> <span class='ocrx_word' id='word_1_235' title='bbox 1290 1743 1416 1807; x_wconf 53' lang='lat' dir='ltr'><strong>Quae</strong></span> <span class='ocrx_word' id='word_1_236' title='bbox 1448 1746 1621 1791; x_wconf 89' lang='lat' dir='ltr'><strong>autem</strong></span> <span class='ocrx_word' id='word_1_237' title='bbox 1652 1749 1814 1787; x_wconf 87' lang='lat' dir='ltr'><strong>causa</strong></span> <span class='ocrx_word' id='word_1_238' title='bbox 1843 1730 2028 1793; x_wconf 86' lang='lat' dir='ltr'><strong>luerit,</strong></span> <span class='ocrx_word' id='word_1_239' title='bbox 2061 1736 2119 1780; x_wconf 90' lang='lat' dir='ltr'><strong>ut</strong></span> <span class='ocrx_word' id='word_1_240' title='bbox 2149 1720 2193 1779; x_wconf 87' lang='lat' dir='ltr'><strong>B</strong></span> <span class='ocrx_word' id='word_1_241' title='bbox 2219 1721 2548 1776; x_wconf 72' lang='lat' dir='ltr'><strong>secutoribus</strong></span> <span class='ocrx_word' id='word_1_242' title='bbox 2576 1720 2689 1790; x_wconf 88' lang='lat' dir='ltr'><strong>ejus</strong></span> <span class='ocrx_word' id='word_1_243' title='bbox 2718 1719 2966 1773; x_wconf 83' lang='lat' dir='ltr'><strong>dixerunt</strong></span> <span class='ocrx_word' id='word_1_244' title='bbox 2994 1736 3007 1772; x_wconf 92' lang='lat'><strong><em>:</em></strong></span> <span class='ocrx_word' id='word_1_245' title='bbox 3047 1720 3183 1773; x_wconf 83' lang='lat' dir='ltr'><strong>Ecce</strong></span> <span class='ocrx_word' id='word_1_246' title='bbox 3212 1719 3295 1773; x_wconf 92' lang='lat' dir='ltr'><strong>bic</strong></span> <span class='ocrx_word' id='word_1_247' title='bbox 3324 1719 3614 1773; x_wconf 80' lang='lat' dir='ltr'><strong>Macliavus</strong></span> <span class='ocrx_word' id='word_1_248' title='bbox 3641 1735 3795 1772; x_wconf 85' lang='lat' dir='ltr'><strong>mor-</strong></span> 
     </span>
    </p>
   </div>
   <div class='ocr_carea' id='block_1_34' title="bbox 532 1819 2121 1898">
    <p class='ocr_par' dir='ltr' id='par_1_34' title="bbox 532 1819 2121 1898">
     <span class='ocr_line' id='line_1_34' title="bbox 532 1819 2121 1898; baseline -0.016 1"><span class='ocrx_word' id='word_1_249' title='bbox 532 1858 537 1875; x_wconf 70' lang='grc' dir='ltr'><em>ί</em></span> <span class='ocrx_word' id='word_1_250' title='bbox 555 1844 738 1898; x_wconf 82' lang='lat' dir='ltr'><strong>uxoris</strong></span> <span class='ocrx_word' id='word_1_251' title='bbox 787 1854 893 1892; x_wconf 77' lang='lat' dir='ltr'><strong>suae</strong></span> <span class='ocrx_word' id='word_1_252' title='bbox 946 1849 1185 1889; x_wconf 89' lang='lat' dir='ltr'><strong>sororem</strong></span> <span class='ocrx_word' id='word_1_253' title='bbox 1230 1830 1530 1896; x_wconf 77' lang='lat' dir='ltr'><strong>acciperet,</strong></span> <span class='ocrx_word' id='word_1_254' title='bbox 1562 1826 1819 1879; x_wconf 88' lang='lat' dir='ltr'><strong>dicamus.</strong></span> <span class='ocrx_word' id='word_1_255' title='bbox 1853 1822 1983 1875; x_wconf 90' lang='lat' dir='ltr'><strong>Cum</strong></span> <span class='ocrx_word' id='word_1_256' title='bbox 2011 1819 2121 1888; x_wconf 79' lang='lat' dir='ltr'><strong>jam</strong></span> 
     </span>
    </p>
   </div>
   <div class='ocr_carea' id='block_1_35' title="bbox 564 1915 2125 2005">
    <p class='ocr_par' dir='ltr' id='par_1_35' title="bbox 564 1915 2125 2005">
     <span class='ocr_line' id='line_1_35' title="bbox 564 1915 2125 2005; baseline -0.015 -16"><span class='ocrx_word' id='word_1_257' title='bbox 564 1933 848 2005; x_wconf 84' lang='lat' dir='ltr'><strong>Ittgundem</strong></span> <span class='ocrx_word' id='word_1_258' title='bbox 877 1932 925 1984; x_wconf 92' lang='lat' dir='ltr'><strong>in</strong></span> <span class='ocrx_word' id='word_1_259' title='bbox 951 1926 1195 1996; x_wconf 84' lang='lat' dir='ltr'><strong>conjugio</strong></span> <span class='ocrx_word' id='word_1_260' title='bbox 1217 1923 1527 1991; x_wconf 82' lang='lat' dir='ltr'><strong>accepisset,</strong></span> <span class='ocrx_word' id='word_1_261' title='bbox 1548 1928 1601 1973; x_wconf 92' lang='lat' dir='ltr'><strong>et</strong></span> <span class='ocrx_word' id='word_1_262' title='bbox 1623 1933 1738 1972; x_wconf 90' lang='lat' dir='ltr'><strong>eam</strong></span> <span class='ocrx_word' id='word_1_263' title='bbox 1764 1915 1917 1970; x_wconf 90' lang='lat' dir='ltr'><strong>unico</strong></span> <span class='ocrx_word' id='word_1_264' title='bbox 1945 1927 2125 1966; x_wconf 89' lang='lat' dir='ltr'><strong>amore</strong></span> 
     </span>
    </p>
   </div>
   <div class='ocr_carea' id='block_1_36' title="bbox 538 2004 2127 2093">
    <p class='ocr_par' dir='ltr' id='par_1_36' title="bbox 538 2004 2127 2093">
     <span class='ocr_line' id='line_1_36' title="bbox 538 2004 2127 2093; baseline -0.014 -14"><span class='ocrx_word' id='word_1_265' title='bbox 538 2027 823 2093; x_wconf 70' lang='lat' dir='ltr'><strong>diligeret,</strong></span> <span class='ocrx_word' id='word_1_266' title='bbox 854 2032 1243 2091; x_wconf 56' lang='lat' dir='ltr'><strong>suggestionem</strong></span> <span class='ocrx_word' id='word_1_267' title='bbox 1268 2017 1333 2070; x_wconf 89' lang='lat' dir='ltr'><strong>ab</strong></span> <span class='ocrx_word' id='word_1_268' title='bbox 1353 2030 1414 2070; x_wconf 90' lang='lat' dir='ltr'><strong>ea</strong></span> <span class='ocrx_word' id='word_1_269' title='bbox 1441 2012 1667 2081; x_wconf 83' lang='lat' dir='ltr'><strong>accepit,</strong></span> <span class='ocrx_word' id='word_1_270' title='bbox 1692 2010 1902 2063; x_wconf 89' lang='lat' dir='ltr'><strong>dicente</strong></span> <span class='ocrx_word' id='word_1_271' title='bbox 1932 2024 1945 2058; x_wconf 88' lang='lat'>:</span> <span class='ocrx_word' id='word_1_272' title='bbox 1981 2004 2127 2059; x_wconf 84' lang='lat' dir='ltr'><strong>Fecit</strong></span> 
     </span>
    </p>
   </div>
   <div class='ocr_carea' id='block_1_37' title="bbox 563 2100 2125 2173">
    <p class='ocr_par' dir='ltr' id='par_1_37' title="bbox 563 2100 2125 2173">
     <span class='ocr_line' id='line_1_37' title="bbox 563 2100 2125 2173; baseline -0.016 -2"><span class='ocrx_word' id='word_1_273' title='bbox 563 2117 808 2171; x_wconf 88' lang='lat' dir='ltr'><strong>dominus</strong></span> <span class='ocrx_word' id='word_1_274' title='bbox 837 2128 987 2168; x_wconf 87' lang='lat' dir='ltr'><strong>meus</strong></span> <span class='ocrx_word' id='word_1_275' title='bbox 1014 2111 1079 2164; x_wconf 84' lang='lat' dir='ltr'><strong>de</strong></span> <span class='ocrx_word' id='word_1_276' title='bbox 1107 2108 1294 2161; x_wconf 81' lang='lat' dir='ltr'><strong>ancilla</strong></span> <span class='ocrx_word' id='word_1_277' title='bbox 1323 2119 1419 2159; x_wconf 90' lang='lat' dir='ltr'><strong>sua</strong></span> <span class='ocrx_word' id='word_1_278' title='bbox 1450 2102 1589 2173; x_wconf 91' lang='lat' dir='ltr'><strong>quod</strong></span> <span class='ocrx_word' id='word_1_279' title='bbox 1622 2100 1795 2163; x_wconf 91' lang='lat' dir='ltr'><strong>libuit,</strong></span> <span class='ocrx_word' id='word_1_280' title='bbox 1827 2106 1882 2152; x_wconf 89' lang='lat' dir='ltr'><strong>et</strong></span> <span class='ocrx_word' id='word_1_281' title='bbox 1909 2111 2006 2149; x_wconf 90' lang='lat' dir='ltr'><strong>suo</strong></span> <span class='ocrx_word' id='word_1_282' title='bbox 2037 2108 2125 2147; x_wconf 88' lang='lat' dir='ltr'><strong>me</strong></span> 
     </span>
    </p>
   </div>
   <div class='ocr_carea' id='block_1_38' title="bbox 561 2192 2124 2265">
    <p class='ocr_par' dir='ltr' id='par_1_38' title="bbox 561 2192 2124 2265">
     <span class='ocr_line' id='line_1_38' title="bbox 561 2192 2124 2265; baseline -0.015 -2"><span class='ocrx_word' id='word_1_283' title='bbox 561 2219 729 2264; x_wconf 81' lang='lat' dir='ltr'><strong>stt-alo</strong></span> <span class='ocrx_word' id='word_1_284' title='bbox 777 2208 963 2260; x_wconf 82' lang='lat' dir='ltr'><strong>ascivit</strong></span> <span class='ocrx_word' id='word_1_285' title='bbox 1014 2221 1026 2255; x_wconf 89' lang='lat'><strong>:</strong></span> <span class='ocrx_word' id='word_1_286' title='bbox 1069 2215 1209 2255; x_wconf 90' lang='lat' dir='ltr'><strong>nunc</strong></span> <span class='ocrx_word' id='word_1_287' title='bbox 1258 2200 1320 2252; x_wconf 90' lang='lat' dir='ltr'><strong>ad</strong></span> <span class='ocrx_word' id='word_1_288' title='bbox 1366 2196 1733 2265; x_wconf 89' lang='lat' dir='ltr'><strong>complendam</strong></span> <span class='ocrx_word' id='word_1_289' title='bbox 1794 2192 2124 2252; x_wconf 88' lang='lat' dir='ltr'><strong>mercedem,</strong></span> 
     </span>
    </p>
   </div>
   <div class='ocr_carea' id='block_1_39' title="bbox 563 2282 2127 2368">
    <p class='ocr_par' dir='ltr' id='par_1_39' title="bbox 563 2282 2127 2368">
     <span class='ocr_line' id='line_1_39' title="bbox 563 2282 2127 2368; baseline -0.012 -16"><span class='ocrx_word' id='word_1_290' title='bbox 563 2300 686 2368; x_wconf 88' lang='lat' dir='ltr'><strong>qttid</strong></span> <span class='ocrx_word' id='word_1_291' title='bbox 707 2297 896 2350; x_wconf 88' lang='lat' dir='ltr'><strong>famula</strong></span> <span class='ocrx_word' id='word_1_292' title='bbox 928 2304 1012 2348; x_wconf 90' lang='lat' dir='ltr'><strong>tua</strong></span> <span class='ocrx_word' id='word_1_293' title='bbox 1042 2301 1311 2360; x_wconf 80' lang='lat' dir='ltr'><strong>suggerat,</strong></span> <span class='ocrx_word' id='word_1_294' title='bbox 1340 2287 1492 2358; x_wconf 58' lang='lat'><strong>1&amp;3</strong></span> <span class='ocrx_word' id='word_1_295' title='bbox 1509 2286 1687 2339; x_wconf 89' lang='lat' dir='ltr'><strong>audiat</strong></span> <span class='ocrx_word' id='word_1_296' title='bbox 1707 2282 1954 2337; x_wconf 87' lang='lat' dir='ltr'><strong>dominus</strong></span> <span class='ocrx_word' id='word_1_297' title='bbox 1978 2295 2127 2333; x_wconf 81' lang='lat' dir='ltr'><strong>mens</strong></span> 
     </span>
    </p>
   </div>
   <div class='ocr_carea' id='block_1_40' title="bbox 565 2376 2127 2446">
    <p class='ocr_par' dir='ltr' id='par_1_40' title="bbox 565 2376 2127 2446">
     <span class='ocr_line' id='line_1_40' title="bbox 565 2376 2127 2446; baseline -0.013 -2"><span class='ocrx_word' id='word_1_298' title='bbox 565 2405 679 2444; x_wconf 85' lang='lat' dir='ltr'><strong>rex.</strong></span> <span class='ocrx_word' id='word_1_299' title='bbox 716 2389 907 2441; x_wconf 78' lang='lat' dir='ltr'><strong>Precor</strong></span> <span class='ocrx_word' id='word_1_300' title='bbox 937 2396 992 2437; x_wconf 91' lang='lat' dir='ltr'><strong>ut</strong></span> <span class='ocrx_word' id='word_1_301' title='bbox 1015 2386 1182 2437; x_wconf 77' lang='lat' dir='ltr'><strong>sorori</strong></span> <span class='ocrx_word' id='word_1_302' title='bbox 1215 2396 1367 2446; x_wconf 68' lang='lat' dir='ltr'><strong>meae,</strong></span> <span class='ocrx_word' id='word_1_303' title='bbox 1398 2397 1425 2433; x_wconf 89' lang='lat' dir='ltr'><strong>s</strong></span> <span class='ocrx_word' id='word_1_304' title='bbox 1446 2395 1567 2432; x_wconf 68' lang='grc' dir='ltr'><strong>τνιυ</strong></span> <span class='ocrx_word' id='word_1_305' title='bbox 1599 2385 1809 2437; x_wconf 67' lang='lat' dir='ltr'><strong>vestrae,</strong></span> <span class='ocrx_word' id='word_1_306' title='bbox 1836 2376 2017 2427; x_wconf 90' lang='lat' dir='ltr'><strong>utilem</strong></span> <span class='ocrx_word' id='word_1_307' title='bbox 2048 2381 2127 2423; x_wconf 66' lang='lat' dir='ltr'><strong>at-</strong></span> 
     </span>
    </p>
   </div>
   <div class='ocr_carea' id='block_1_41' title="bbox 568 2463 2131 2550">
    <p class='ocr_par' dir='ltr' id='par_1_41' title="bbox 568 2463 2131 2550">
     <span class='ocr_line' id='line_1_41' title="bbox 568 2463 2131 2550; baseline -0.011 -18"><span class='ocrx_word' id='word_1_308' title='bbox 568 2496 674 2550; x_wconf 85' lang='lat' dir='ltr'><strong>que</strong></span> <span class='ocrx_word' id='word_1_309' title='bbox 727 2479 1008 2531; x_wconf 73' lang='lat' dir='ltr'><strong>habentem</strong></span> <span class='ocrx_word' id='word_1_310' title='bbox 1043 2486 1066 2510; x_wconf 70' lang='grc'><strong><em>⁸</em></strong></span> <span class='ocrx_word' id='word_1_311' title='bbox 1109 2475 1276 2526; x_wconf 73' lang='lat' dir='ltr'><strong>virum</strong></span> <span class='ocrx_word' id='word_1_312' title='bbox 1331 2472 1577 2523; x_wconf 75' lang='lat' dir='ltr'><strong>ordinare</strong></span> <span class='ocrx_word' id='word_1_313' title='bbox 1623 2464 1943 2536; x_wconf 78' lang='lat' dir='ltr'><strong>dignemini,</strong></span> <span class='ocrx_word' id='word_1_314' title='bbox 1992 2463 2131 2515; x_wconf 85' lang='lat' dir='ltr'><strong>unde</strong></span> 
     </span>
    </p>
   </div>
   <div class='ocr_carea' id='block_1_42' title="bbox 575 2552 2132 2632">
    <p class='ocr_par' dir='ltr' id='par_1_42' title="bbox 575 2552 2132 2632">
     <span class='ocr_line' id='line_1_42' title="bbox 575 2552 2132 2632; baseline -0.012 -9"><span class='ocrx_word' id='word_1_315' title='bbox 575 2587 678 2624; x_wconf 89' lang='lat' dir='ltr'><strong>non</strong></span> <span class='ocrx_word' id='word_1_316' title='bbox 740 2568 1003 2627; x_wconf 87' lang='lat' dir='ltr'><strong>Itutnilier,</strong></span> <span class='ocrx_word' id='word_1_317' title='bbox 1052 2564 1142 2618; x_wconf 89' lang='lat' dir='ltr'><strong>scd</strong></span> <span class='ocrx_word' id='word_1_318' title='bbox 1192 2562 1363 2632; x_wconf 86' lang='lat' dir='ltr'><strong>potius</strong></span> <span class='ocrx_word' id='word_1_319' title='bbox 1401 2563 1628 2614; x_wconf 70' lang='lat' dir='ltr'><strong>exaltata</strong></span> <span class='ocrx_word' id='word_1_320' title='bbox 1678 2557 1878 2611; x_wconf 86' lang='lat' dir='ltr'><strong>servire</strong></span> <span class='ocrx_word' id='word_1_321' title='bbox 1926 2552 2132 2606; x_wconf 85' lang='lat' dir='ltr'><strong>fidelius</strong></span> 
     </span>
    </p>
   </div>
   <div class='ocr_carea' id='block_1_43' title="bbox 571 2645 2131 2731">
    <p class='ocr_par' dir='ltr' id='par_1_43' title="bbox 571 2645 2131 2731">
     <span class='ocr_line' id='line_1_43' title="bbox 571 2645 2131 2731; baseline -0.013 -18"><span class='ocrx_word' id='word_1_322' title='bbox 571 2659 792 2731; x_wconf 75' lang='lat' dir='ltr'><strong>possint.</strong></span> <span class='ocrx_word' id='word_1_323' title='bbox 823 2656 973 2724; x_wconf 80' lang='lat' dir='ltr'><strong>Quod</strong></span> <span class='ocrx_word' id='word_1_324' title='bbox 1000 2656 1087 2709; x_wconf 86' lang='lat' dir='ltr'><strong>ille</strong></span> <span class='ocrx_word' id='word_1_325' title='bbox 1108 2655 1361 2717; x_wconf 89' lang='lat' dir='ltr'><strong>audiens,</strong></span> <span class='ocrx_word' id='word_1_326' title='bbox 1397 2665 1516 2704; x_wconf 92' lang='lat' dir='ltr'><strong>cum</strong></span> <span class='ocrx_word' id='word_1_327' title='bbox 1542 2656 1686 2703; x_wconf 87' lang='lat' dir='ltr'><strong>esset</strong></span> <span class='ocrx_word' id='word_1_328' title='bbox 1717 2645 1939 2699; x_wconf 89' lang='lat' dir='ltr'><strong>nimium</strong></span> <span class='ocrx_word' id='word_1_329' title='bbox 1977 2645 2131 2696; x_wconf 91' lang='lat' dir='ltr'><strong>luxu-</strong></span> 
     </span>
    </p>
   </div>
   <div class='ocr_carea' id='block_1_44' title="bbox 550 2734 2132 2811">
    <p class='ocr_par' dir='ltr' id='par_1_44' title="bbox 550 2734 2132 2811">
     <span class='ocr_line' id='line_1_44' title="bbox 550 2734 2132 2811; baseline -0.015 -5"><span class='ocrx_word' id='word_1_330' title='bbox 550 2751 767 2810; x_wconf 72' lang='lat' dir='ltr'><strong>riosus,</strong></span> <span class='ocrx_word' id='word_1_331' title='bbox 787 2749 838 2802; x_wconf 92' lang='lat' dir='ltr'><strong>in</strong></span> <span class='ocrx_word' id='word_1_332' title='bbox 861 2761 1092 2800; x_wconf 83' lang='lat' dir='ltr'><strong>antorem</strong></span> <span class='ocrx_word' id='word_1_333' title='bbox 1111 2741 1409 2811; x_wconf 80' lang='lat' dir='ltr'><strong>Aregtmdis</strong></span> <span class='ocrx_word' id='word_1_334' title='bbox 1439 2738 1759 2802; x_wconf 90' lang='lat' dir='ltr'><strong>incenditur,</strong></span> <span class='ocrx_word' id='word_1_335' title='bbox 1789 2745 1840 2790; x_wconf 92' lang='lat' dir='ltr'><strong>et</strong></span> <span class='ocrx_word' id='word_1_336' title='bbox 1867 2734 1932 2787; x_wconf 84' lang='lat' dir='ltr'><strong>ad</strong></span> <span class='ocrx_word' id='word_1_337' title='bbox 1959 2734 2132 2787; x_wconf 90' lang='lat' dir='ltr'><strong>villam</strong></span> 
     </span>
    </p>
   </div>
   <div class='ocr_carea' id='block_1_45' title="bbox 549 2825 2132 2910">
    <p class='ocr_par' dir='ltr' id='par_1_45' title="bbox 549 2825 2132 2910">
     <span class='ocr_line' id='line_1_45' title="bbox 549 2825 2132 2910; baseline -0.013 -14"><span class='ocrx_word' id='word_1_338' title='bbox 549 2844 623 2896; x_wconf 78' lang='lat' dir='ltr'><strong>&#39;in</strong></span> <span class='ocrx_word' id='word_1_339' title='bbox 655 2855 758 2910; x_wconf 85' lang='lat' dir='ltr'><strong>qua</strong></span> <span class='ocrx_word' id='word_1_340' title='bbox 788 2838 899 2907; x_wconf 87' lang='lat' dir='ltr'><strong>ipsa</strong></span> <span class='ocrx_word' id='word_1_341' title='bbox 930 2835 1192 2891; x_wconf 73' lang='lat' dir='ltr'><strong>residebat</strong></span> <span class='ocrx_word' id='word_1_342' title='bbox 1219 2832 1393 2901; x_wconf 77' lang='lat' dir='ltr'><strong>dirigit</strong></span> <span class='ocrx_word' id='word_1_343' title='bbox 1426 2828 1521 2903; x_wconf 71' lang='lat'><strong>[11.</strong></span> <span class='ocrx_word' id='word_1_344' title='bbox 1550 2826 1733 2899; x_wconf 83' lang='lat' dir='ltr'><strong>vadit],</strong></span> <span class='ocrx_word' id='word_1_345' title='bbox 1786 2839 2008 2894; x_wconf 86' lang='lat' dir='ltr'><strong>eamque</strong></span> <span class='ocrx_word' id='word_1_346' title='bbox 2037 2825 2132 2875; x_wconf 83' lang='lat' dir='ltr'><strong>sibi</strong></span> 
     </span>
    </p>
   </div>
   <div class='ocr_carea' id='block_1_46' title="bbox 550 2915 2134 2990">
    <p class='ocr_par' dir='ltr' id='par_1_46' title="bbox 550 2915 2134 2990">
     <span class='ocr_line' id='line_1_46' title="bbox 550 2915 2134 2990; baseline -0.015 0"><span class='ocrx_word' id='word_1_347' title='bbox 550 2936 624 2990; x_wconf 76' lang='lat' dir='ltr'><strong>=in</strong></span> <span class='ocrx_word' id='word_1_348' title='bbox 653 2929 991 2989; x_wconf 88' lang='lat' dir='ltr'><strong>matrimonio</strong></span> <span class='ocrx_word' id='word_1_349' title='bbox 1039 2927 1280 2981; x_wconf 86' lang='lat' dir='ltr'><strong>sociavit.</strong></span> <span class='ocrx_word' id='word_1_350' title='bbox 1309 2923 1422 2990; x_wconf 87' lang='lat' dir='ltr'><strong>Qua</strong></span> <span class='ocrx_word' id='word_1_351' title='bbox 1465 2930 1712 2988; x_wconf 90' lang='lat' dir='ltr'><strong>accepta,</strong></span> <span class='ocrx_word' id='word_1_352' title='bbox 1740 2916 1808 2971; x_wconf 87' lang='lat' dir='ltr'><strong>ad</strong></span> <span class='ocrx_word' id='word_1_353' title='bbox 1847 2915 2134 2985; x_wconf 81' lang='lat' dir='ltr'><strong>lnguudem</strong></span> 
     </span>
    </p>
   </div>
   <div class='ocr_carea' id='block_1_47' title="bbox 572 3010 2133 3092">
    <p class='ocr_par' dir='ltr' id='par_1_47' title="bbox 572 3010 2133 3092">
     <span class='ocr_line' id='line_1_47' title="bbox 572 3010 2133 3092; baseline -0.014 -9"><span class='ocrx_word' id='word_1_354' title='bbox 572 3028 817 3092; x_wconf 88' lang='lat' dir='ltr'><strong>rediens,</strong></span> <span class='ocrx_word' id='word_1_355' title='bbox 863 3022 986 3077; x_wconf 85' lang='lat' dir='ltr'><strong>ait:</strong></span> <span class='ocrx_word' id='word_1_356' title='bbox 1026 3017 1275 3075; x_wconf 86' lang='lat' dir='ltr'><strong>Tractavi</strong></span> <span class='ocrx_word' id='word_1_357' title='bbox 1334 3015 1637 3070; x_wconf 87' lang='lat' dir='ltr'><strong>mercedem</strong></span> <span class='ocrx_word' id='word_1_358' title='bbox 1691 3011 1832 3065; x_wconf 85' lang='lat' dir='ltr'><strong>illam</strong></span> <span class='ocrx_word' id='word_1_359' title='bbox 1883 3010 2133 3077; x_wconf 88' lang='lat' dir='ltr'><strong>implere,</strong></span> 
     </span>
    </p>
   </div>
   <div class='ocr_carea' id='block_1_48' title="bbox 2228 1809 3808 1881">
    <p class='ocr_par' dir='ltr' id='par_1_48' title="bbox 2228 1809 3808 1881">
     <span class='ocr_line' id='line_1_48' title="bbox 2228 1809 3808 1881; baseline -0.001 -14"><span class='ocrx_word' id='word_1_360' title='bbox 2228 1823 2346 1867; x_wconf 91' lang='lat' dir='ltr'><strong>tuus</strong></span> <span class='ocrx_word' id='word_1_361' title='bbox 2372 1826 2529 1881; x_wconf 80' lang='lat' dir='ltr'><strong>atque</strong></span> <span class='ocrx_word' id='word_1_362' title='bbox 2553 1812 2792 1878; x_wconf 82' lang='lat' dir='ltr'><strong>sepultus</strong></span> <span class='ocrx_word' id='word_1_363' title='bbox 2818 1810 2977 1879; x_wconf 83' lang='lat' dir='ltr'><strong>jacet.</strong></span> <span class='ocrx_word' id='word_1_364' title='bbox 3013 1810 3165 1878; x_wconf 85' lang='lat' dir='ltr'><strong>Quod</strong></span> <span class='ocrx_word' id='word_1_365' title='bbox 3196 1809 3269 1864; x_wconf 94' lang='lat' dir='ltr'><strong>illi</strong></span> <span class='ocrx_word' id='word_1_366' title='bbox 3299 1812 3607 1875; x_wconf 88' lang='lat' dir='ltr'><strong>audientes,</strong></span> <span class='ocrx_word' id='word_1_367' title='bbox 3635 1820 3808 1881; x_wconf 88' lang='lat' dir='ltr'><strong>atque</strong></span> 
     </span>
    </p>
   </div>
   <div class='ocr_carea' id='block_1_49' title="bbox 2227 1903 3809 1976">
    <p class='ocr_par' dir='ltr' id='par_1_49' title="bbox 2227 1903 3809 1976">
     <span class='ocr_line' id='line_1_49' title="bbox 2227 1903 3809 1976; baseline -0.001 -17"><span class='ocrx_word' id='word_1_368' title='bbox 2227 1906 2538 1976; x_wconf 87' lang='lat' dir='ltr'><strong>gaudentes,</strong></span> <span class='ocrx_word' id='word_1_369' title='bbox 2569 1914 2623 1959; x_wconf 91' lang='lat' dir='ltr'><strong>et</strong></span> <span class='ocrx_word' id='word_1_370' title='bbox 2652 1919 2812 1973; x_wconf 79' lang='lat' dir='ltr'><strong>super</strong></span> <span class='ocrx_word' id='word_1_371' title='bbox 2842 1904 3099 1957; x_wconf 90' lang='lat' dir='ltr'><strong>tumulum</strong></span> <span class='ocrx_word' id='word_1_372' title='bbox 3134 1904 3281 1956; x_wconf 89' lang='lat' dir='ltr'><strong>illum</strong></span> <span class='ocrx_word' id='word_1_373' title='bbox 3314 1903 3574 1967; x_wconf 89' lang='lat' dir='ltr'><strong>bibentes,</strong></span> <span class='ocrx_word' id='word_1_374' title='bbox 3600 1921 3779 1959; x_wconf 88' lang='lat' dir='ltr'><strong>renun</strong></span> <span class='ocrx_word' id='word_1_375' title='bbox 3804 1933 3809 1936; x_wconf 95' lang='lat'><strong><em>-</em></strong></span> 
     </span>
    </p>
   </div>
   <div class='ocr_carea' id='block_1_50' title="bbox 2228 1994 3810 2061">
    <p class='ocr_par' dir='ltr' id='par_1_50' title="bbox 2228 1994 3810 2061">
     <span class='ocr_line' id='line_1_50' title="bbox 2228 1994 3810 2061; baseline -0.004 -10"><span class='ocrx_word' id='word_1_376' title='bbox 2228 1999 2493 2051; x_wconf 88' lang='lat' dir='ltr'><strong>tiavernnt</strong></span> <span class='ocrx_word' id='word_1_377' title='bbox 2544 1996 2689 2048; x_wconf 85' lang='lat' dir='ltr'><strong>fratri</strong></span> <span class='ocrx_word' id='word_1_378' title='bbox 2739 2009 2859 2047; x_wconf 92' lang='lat' dir='ltr'><strong>eum</strong></span> <span class='ocrx_word' id='word_1_379' title='bbox 2910 2003 3174 2047; x_wconf 88' lang='lat' dir='ltr'><strong>mortuum</strong></span> <span class='ocrx_word' id='word_1_380' title='bbox 3217 2007 3354 2047; x_wconf 86' lang='lat' dir='ltr'><strong>esse.</strong></span> <span class='ocrx_word' id='word_1_381' title='bbox 3394 1994 3543 2061; x_wconf 81' lang='lat' dir='ltr'><strong>Quod</strong></span> <span class='ocrx_word' id='word_1_382' title='bbox 3583 1994 3678 2048; x_wconf 92' lang='lat' dir='ltr'><strong>ille</strong></span> <span class='ocrx_word' id='word_1_383' title='bbox 3709 2010 3810 2047; x_wconf 89' lang='lat' dir='ltr'><strong>au-</strong></span> 
     </span>
    </p>
   </div>
   <div class='ocr_carea' id='block_1_51' title="bbox 2227 2084 3811 2156">
    <p class='ocr_par' dir='ltr' id='par_1_51' title="bbox 2227 2084 3811 2156">
     <span class='ocr_line' id='line_1_51' title="bbox 2227 2084 3811 2156; baseline -0.003 -14"><span class='ocrx_word' id='word_1_384' title='bbox 2227 2089 2412 2154; x_wconf 86' lang='lat' dir='ltr'><strong>diens,</strong></span> <span class='ocrx_word' id='word_1_385' title='bbox 2460 2102 2679 2156; x_wconf 81' lang='lat' dir='ltr'><strong>regnum</strong></span> <span class='ocrx_word' id='word_1_386' title='bbox 2707 2084 2823 2154; x_wconf 80' lang='lat' dir='ltr'><strong>ejus</strong></span> <span class='ocrx_word' id='word_1_387' title='bbox 2853 2087 3118 2154; x_wconf 83' lang='lat' dir='ltr'><strong>integrum</strong></span> <span class='ocrx_word' id='word_1_388' title='bbox 3160 2085 3397 2151; x_wconf 76' lang='lat' dir='ltr'><strong>accepit:</strong></span> <span class='ocrx_word' id='word_1_389' title='bbox 3430 2100 3551 2139; x_wconf 86' lang='lat' dir='ltr'><strong>naut</strong></span> <span class='ocrx_word' id='word_1_390' title='bbox 3590 2101 3811 2154; x_wconf 76' lang='lat' dir='ltr'><strong>semper</strong></span> 
     </span>
    </p>
   </div>
   <div class='ocr_carea' id='block_1_52' title="bbox 2230 2177 3809 2248">
    <p class='ocr_par' dir='ltr' id='par_1_52' title="bbox 2230 2177 3809 2248">
     <span class='ocr_line' id='line_1_52' title="bbox 2230 2177 3809 2248; baseline -0.001 -14"><span class='ocrx_word' id='word_1_391' title='bbox 2230 2178 2466 2234; x_wconf 85' lang='lat' dir='ltr'><strong>Britanni</strong></span> <span class='ocrx_word' id='word_1_392' title='bbox 2498 2182 2595 2232; x_wconf 89' lang='lat' dir='ltr'><strong>sub</strong></span> <span class='ocrx_word' id='word_1_393' title='bbox 2623 2177 2950 2231; x_wconf 84' lang='lat' dir='ltr'><strong>Francorum</strong></span> <span class='ocrx_word' id='word_1_394' title='bbox 2981 2186 3239 2245; x_wconf 83' lang='lat' dir='ltr'><strong>potestate</strong></span> <span class='ocrx_word' id='word_1_395' title='bbox 3266 2187 3385 2245; x_wconf 85' lang='lat' dir='ltr'><strong>post</strong></span> <span class='ocrx_word' id='word_1_396' title='bbox 3413 2177 3619 2232; x_wconf 86' lang='lat' dir='ltr'><strong>obitum</strong></span> <span class='ocrx_word' id='word_1_397' title='bbox 3662 2194 3757 2248; x_wconf 81' lang='lat' dir='ltr'><strong>reg</strong></span> <span class='ocrx_word' id='word_1_398' title='bbox 3782 2196 3809 2232; x_wconf 89' lang='lat' dir='ltr'><strong>s</strong></span> 
     </span>
    </p>
   </div>
   <div class='ocr_carea' id='block_1_53' title="bbox 2229 2262 3810 2335">
    <p class='ocr_par' dir='ltr' id='par_1_53' title="bbox 2229 2262 3810 2335">
     <span class='ocr_line' id='line_1_53' title="bbox 2229 2262 3810 2335; baseline -0.006 -11"><span class='ocrx_word' id='word_1_399' title='bbox 2229 2268 2584 2325; x_wconf 80' lang='lat' dir='ltr'><strong>Cltlodovecbi</strong></span> <span class='ocrx_word' id='word_1_400' title='bbox 2617 2269 2845 2327; x_wconf 86' lang='lat' dir='ltr'><strong>fuerunt,</strong></span> <span class='ocrx_word' id='word_1_401' title='bbox 2878 2276 2931 2319; x_wconf 90' lang='lat' dir='ltr'><strong>et</strong></span> <span class='ocrx_word' id='word_1_402' title='bbox 2957 2266 3176 2319; x_wconf 81' lang='lat' dir='ltr'><strong>comites</strong></span> <span class='ocrx_word' id='word_1_403' title='bbox 3199 2308 3213 2328; x_wconf 89' lang='lat'><strong>,</strong></span> <span class='ocrx_word' id='word_1_404' title='bbox 3249 2282 3353 2319; x_wconf 88' lang='lat' dir='ltr'><strong>non</strong></span> <span class='ocrx_word' id='word_1_405' title='bbox 3386 2280 3536 2335; x_wconf 83' lang='lat' dir='ltr'><strong>reges</strong></span> <span class='ocrx_word' id='word_1_406' title='bbox 3562 2262 3589 2302; x_wconf 73' lang='grc' dir='ltr'><strong><em>ἀ</em></strong></span> <span class='ocrx_word' id='word_1_407' title='bbox 3621 2272 3810 2335; x_wconf 72' lang='lat' dir='ltr'><strong>appet-</strong></span> 
     </span>
    </p>
   </div>
   <div class='ocr_carea' id='block_1_54' title="bbox 2232 2357 3807 2426">
    <p class='ocr_par' dir='ltr' id='par_1_54' title="bbox 2232 2357 3807 2426">
     <span class='ocr_line' id='line_1_54' title="bbox 2232 2357 3807 2426; baseline -0.005 -9"><span class='ocrx_word' id='word_1_408' title='bbox 2232 2365 2321 2417; x_wconf 92' lang='lat' dir='ltr'><strong>lati</strong></span> <span class='ocrx_word' id='word_1_409' title='bbox 2351 2371 2491 2415; x_wconf 88' lang='lat' dir='ltr'><strong>sunt.</strong></span> <span class='ocrx_word' id='word_1_410' title='bbox 2525 2360 2808 2414; x_wconf 83' lang='lat' dir='ltr'><strong>Maciiavus</strong></span> <span class='ocrx_word' id='word_1_411' title='bbox 2837 2368 3013 2411; x_wconf 89' lang='lat' dir='ltr'><strong>autem</strong></span> <span class='ocrx_word' id='word_1_412' title='bbox 3044 2357 3110 2410; x_wconf 89' lang='lat' dir='ltr'><strong>de</strong></span> <span class='ocrx_word' id='word_1_413' title='bbox 3141 2357 3240 2411; x_wconf 87' lang='lat' dir='ltr'><strong>sub</strong></span> <span class='ocrx_word' id='word_1_414' title='bbox 3266 2368 3403 2410; x_wconf 89' lang='lat' dir='ltr'><strong>terra</strong></span> <span class='ocrx_word' id='word_1_415' title='bbox 3437 2371 3807 2426; x_wconf 70' lang='lat' dir='ltr'><strong>consurgens,</strong></span> 
     </span>
    </p>
   </div>
   <div class='ocr_carea' id='block_1_55' title="bbox 2235 2446 3815 2515">
    <p class='ocr_par' dir='ltr' id='par_1_55' title="bbox 2235 2446 3815 2515">
     <span class='ocr_line' id='line_1_55' title="bbox 2235 2446 3815 2515; baseline -0.004 -8"><span class='ocrx_word' id='word_1_416' title='bbox 2235 2452 2537 2507; x_wconf 70' lang='lat' dir='ltr'><strong>Veneticum</strong></span> <span class='ocrx_word' id='word_1_417' title='bbox 2610 2449 2790 2502; x_wconf 90' lang='lat' dir='ltr'><strong>urbem</strong></span> <span class='ocrx_word' id='word_1_418' title='bbox 2838 2448 3095 2515; x_wconf 86' lang='lat' dir='ltr'><strong>expetiit,</strong></span> <span class='ocrx_word' id='word_1_419' title='bbox 3150 2446 3324 2514; x_wconf 80' lang='lat' dir='ltr'><strong>ibique</strong></span> <span class='ocrx_word' id='word_1_420' title='bbox 3370 2455 3713 2513; x_wconf 87' lang='lat' dir='ltr'><strong>tonsuratus,</strong></span> <span class='ocrx_word' id='word_1_421' title='bbox 3762 2460 3815 2505; x_wconf 84' lang='lat' dir='ltr'><strong>et</strong></span> 
     </span>
    </p>
   </div>
   <div class='ocr_carea' id='block_1_56' title="bbox 2231 2538 3813 2611">
    <p class='ocr_par' dir='ltr' id='par_1_56' title="bbox 2231 2538 3813 2611">
     <span class='ocr_line' id='line_1_56' title="bbox 2231 2538 3813 2611; baseline -0.002 -15"><span class='ocrx_word' id='word_1_422' title='bbox 2231 2545 2511 2611; x_wconf 89' lang='lat' dir='ltr'><strong>episcopus</strong></span> <span class='ocrx_word' id='word_1_423' title='bbox 2560 2540 2836 2594; x_wconf 84' lang='lat' dir='ltr'><strong>ordinatus</strong></span> <span class='ocrx_word' id='word_1_424' title='bbox 2867 2550 2971 2592; x_wconf 74' lang='grc' dir='ltr'><strong>εει.</strong></span> <span class='ocrx_word' id='word_1_425' title='bbox 3012 2539 3215 2591; x_wconf 83' lang='lat' dir='ltr'><strong>Mortuo</strong></span> <span class='ocrx_word' id='word_1_426' title='bbox 3257 2548 3437 2592; x_wconf 87' lang='lat' dir='ltr'><strong>autem</strong></span> <span class='ocrx_word' id='word_1_427' title='bbox 3479 2538 3813 2603; x_wconf 84' lang='lat' dir='ltr'><strong>Cbanaone,</strong></span> 
     </span>
    </p>
   </div>
   <div class='ocr_carea' id='block_1_57' title="bbox 2236 2630 3815 2703">
    <p class='ocr_par' dir='ltr' id='par_1_57' title="bbox 2236 2630 3815 2703">
     <span class='ocr_line' id='line_1_57' title="bbox 2236 2630 3815 2703; baseline -0.002 -15"><span class='ocrx_word' id='word_1_428' title='bbox 2236 2634 2321 2689; x_wconf 86' lang='lat' dir='ltr'><strong>ltic</strong></span> <span class='ocrx_word' id='word_1_429' title='bbox 2347 2631 2667 2703; x_wconf 85' lang='lat' dir='ltr'><strong>apostatavit</strong></span> <span class='ocrx_word' id='word_1_430' title='bbox 2689 2673 2703 2695; x_wconf 89' lang='lat'><strong>,</strong></span> <span class='ocrx_word' id='word_1_431' title='bbox 2735 2640 2787 2685; x_wconf 91' lang='lat' dir='ltr'><strong>et</strong></span> <span class='ocrx_word' id='word_1_432' title='bbox 2813 2630 3057 2684; x_wconf 86' lang='lat' dir='ltr'><strong>demissis</strong></span> <span class='ocrx_word' id='word_1_433' title='bbox 3083 2630 3289 2697; x_wconf 89' lang='lat' dir='ltr'><strong>capillis</strong></span> <span class='ocrx_word' id='word_1_434' title='bbox 3310 2669 3325 2692; x_wconf 96' lang='lat'><strong>,</strong></span> <span class='ocrx_word' id='word_1_435' title='bbox 3371 2644 3595 2684; x_wconf 86' lang='lat' dir='ltr'><strong>uxorem</strong></span> <span class='ocrx_word' id='word_1_436' title='bbox 3650 2648 3815 2698; x_wconf 85' lang='lat' dir='ltr'><strong>quam</strong></span> 
     </span>
    </p>
   </div>
   <div class='ocr_carea' id='block_1_58' title="bbox 2234 2723 3817 2798">
    <p class='ocr_par' dir='ltr' id='par_1_58' title="bbox 2234 2723 3817 2798">
     <span class='ocr_line' id='line_1_58' title="bbox 2234 2723 3817 2798; baseline -0.001 -16"><span class='ocrx_word' id='word_1_437' title='bbox 2234 2739 2351 2798; x_wconf 91' lang='lat' dir='ltr'><strong>post</strong></span> <span class='ocrx_word' id='word_1_438' title='bbox 2379 2728 2684 2782; x_wconf 87' lang='lat' dir='ltr'><strong>clericatum</strong></span> <span class='ocrx_word' id='word_1_439' title='bbox 2716 2724 3029 2791; x_wconf 81' lang='lat' dir='ltr'><strong>reliquerat,</strong></span> <span class='ocrx_word' id='word_1_440' title='bbox 3060 2738 3177 2778; x_wconf 91' lang='lat' dir='ltr'><strong>cum</strong></span> <span class='ocrx_word' id='word_1_441' title='bbox 3212 2738 3376 2791; x_wconf 85' lang='lat' dir='ltr'><strong>regno</strong></span> <span class='ocrx_word' id='word_1_442' title='bbox 3437 2723 3620 2777; x_wconf 82' lang='lat' dir='ltr'><strong>fratris</strong></span> <span class='ocrx_word' id='word_1_443' title='bbox 3651 2724 3817 2780; x_wconf 91' lang='lat' dir='ltr'><strong>simul</strong></span> 
     </span>
    </p>
   </div>
   <div class='ocr_carea' id='block_1_59' title="bbox 2236 2814 3815 2887">
    <p class='ocr_par' dir='ltr' id='par_1_59' title="bbox 2236 2814 3815 2887">
     <span class='ocr_line' id='line_1_59' title="bbox 2236 2814 3815 2887; baseline -0.004 -13"><span class='ocrx_word' id='word_1_444' title='bbox 2236 2822 2476 2887; x_wconf 87' lang='lat' dir='ltr'><strong>accepit:</strong></span> <span class='ocrx_word' id='word_1_445' title='bbox 2507 2819 2599 2873; x_wconf 87' lang='lat' dir='ltr'><strong>sed</strong></span> <span class='ocrx_word' id='word_1_446' title='bbox 2644 2816 2711 2869; x_wconf 92' lang='lat' dir='ltr'><strong>ab</strong></span> <span class='ocrx_word' id='word_1_447' title='bbox 2750 2814 3016 2884; x_wconf 88' lang='lat' dir='ltr'><strong>episcopis</strong></span> <span class='ocrx_word' id='word_1_448' title='bbox 3045 2817 3533 2869; x_wconf 65' lang='lat' dir='ltr'><strong>excommunicatus</strong></span> <span class='ocrx_word' id='word_1_449' title='bbox 3562 2824 3682 2879; x_wconf 87' lang='lat' dir='ltr'><strong>est,</strong></span> <span class='ocrx_word' id='word_1_450' title='bbox 3725 2832 3815 2869; x_wconf 83' lang='lat' dir='ltr'><strong>cm</strong></span> 
     </span>
    </p>
   </div>
   <div class='ocr_carea' id='block_1_60' title="bbox 2239 2907 3815 2981">
    <p class='ocr_par' dir='ltr' id='par_1_60' title="bbox 2239 2907 3815 2981">
     <span class='ocr_line' id='line_1_60' title="bbox 2239 2907 3815 2981; baseline -0.003 -17"><span class='ocrx_word' id='word_1_451' title='bbox 2239 2910 2409 2981; x_wconf 87' lang='lat' dir='ltr'><strong>qualis</strong></span> <span class='ocrx_word' id='word_1_452' title='bbox 2436 2909 2593 2962; x_wconf 87' lang='lat' dir='ltr'><strong>fuerit</strong></span> <span class='ocrx_word' id='word_1_453' title='bbox 2624 2909 2872 2960; x_wconf 88' lang='lat' dir='ltr'><strong>interitus</strong></span> <span class='ocrx_word' id='word_1_454' title='bbox 2897 2951 2909 2971; x_wconf 92' lang='lat'><strong>,</strong></span> <span class='ocrx_word' id='word_1_455' title='bbox 2945 2918 3229 2976; x_wconf 80' lang='lat' dir='ltr'><strong>sequenter</strong></span> <span class='ocrx_word' id='word_1_456' title='bbox 3258 2908 3554 2961; x_wconf 87' lang='lat' dir='ltr'><strong>scribemus</strong></span> <span class='ocrx_word' id='word_1_457' title='bbox 3582 2907 3720 2976; x_wconf 77' lang='lat' dir='ltr'><strong>(lib.</strong></span> <span class='ocrx_word' id='word_1_458' title='bbox 3758 2922 3815 2970; x_wconf 79' lang='lat' dir='ltr'><strong>v,</strong></span> 
     </span>
    </p>
   </div>
   <div class='ocr_carea' id='block_1_61' title="bbox 2238 2997 3820 3070">
    <p class='ocr_par' dir='ltr' id='par_1_61' title="bbox 2238 2997 3820 3070">
     <span class='ocr_line' id='line_1_61' title="bbox 2238 2997 3820 3070; baseline 0 -15"><span class='ocrx_word' id='word_1_459' title='bbox 2238 3018 2353 3070; x_wconf 88' lang='lat' dir='ltr'><strong>cap.</strong></span> <span class='ocrx_word' id='word_1_460' title='bbox 2387 3000 2496 3067; x_wconf 85' lang='grc'><strong>16).</strong></span> <span class='ocrx_word' id='word_1_461' title='bbox 2525 2998 2667 3054; x_wconf 91' lang='lat' dir='ltr'><strong>Obiit</strong></span> <span class='ocrx_word' id='word_1_462' title='bbox 2698 3009 2873 3051; x_wconf 85' lang='lat' dir='ltr'><strong>autem</strong></span> <span class='ocrx_word' id='word_1_463' title='bbox 2899 2997 3164 3051; x_wconf 88' lang='lat' dir='ltr'><strong>Baudinus</strong></span> <span class='ocrx_word' id='word_1_464' title='bbox 3185 3000 3467 3067; x_wconf 87' lang='lat' dir='ltr'><strong>episcopus</strong></span> <span class='ocrx_word' id='word_1_465' title='bbox 3492 3013 3633 3053; x_wconf 89' lang='lat' dir='ltr'><strong>anno</strong></span> <span class='ocrx_word' id='word_1_466' title='bbox 3656 3012 3820 3055; x_wconf 85' lang='lat' dir='ltr'><strong>sexto</strong></span> 
     </span>
    </p>
   </div>
   <div class='ocr_carea' id='block_1_62' title="bbox 570 3087 3821 3188">
    <p class='ocr_par' dir='ltr' id='par_1_62' title="bbox 570 3087 3821 3188">
     <span class='ocr_line' id='line_1_62' title="bbox 570 3087 3821 3188; baseline -0.008 -16"><span class='ocrx_word' id='word_1_467' title='bbox 570 3132 730 3188; x_wconf 87' lang='lat' dir='ltr'><strong>quam</strong></span> <span class='ocrx_word' id='word_1_468' title='bbox 758 3130 843 3170; x_wconf 88' lang='lat' dir='ltr'><strong>me</strong></span> <span class='ocrx_word' id='word_1_469' title='bbox 872 3124 959 3168; x_wconf 83' lang='lat' dir='ltr'><strong>tua</strong></span> <span class='ocrx_word' id='word_1_470' title='bbox 1005 3110 1233 3166; x_wconf 90' lang='lat' dir='ltr'><strong>dulcedo</strong></span> <span class='ocrx_word' id='word_1_471' title='bbox 1263 3106 1508 3177; x_wconf 85' lang='lat' dir='ltr'><strong>expetiit.</strong></span> <span class='ocrx_word' id='word_1_472' title='bbox 1545 3106 1615 3160; x_wconf 81' lang='lat' dir='ltr'><strong>Et</strong></span> <span class='ocrx_word' id='word_1_473' title='bbox 1650 3105 1928 3174; x_wconf 88' lang='lat' dir='ltr'><strong>requirens</strong></span> <span class='ocrx_word' id='word_1_474' title='bbox 1965 3104 2136 3154; x_wconf 87' lang='lat' dir='ltr'><strong>virum</strong></span> <span class='ocrx_word' id='word_1_475' title='bbox 2166 3088 2212 3150; x_wconf 89' lang='lat' dir='ltr'><strong>C</strong></span> <span class='ocrx_word' id='word_1_476' title='bbox 2242 3093 2575 3160; x_wconf 62' lang='lat' dir='ltr'><strong>episcopatus</strong></span> <span class='ocrx_word' id='word_1_477' title='bbox 2614 3090 2693 3142; x_wconf 92' lang='lat' dir='ltr'><strong>sui</strong></span> <span class='ocrx_word' id='word_1_478' title='bbox 2724 3105 2738 3140; x_wconf 90' lang='lat'><strong>:</strong></span> <span class='ocrx_word' id='word_1_479' title='bbox 2768 3088 2819 3141; x_wconf 93' lang='lat' dir='ltr'><strong>in</strong></span> <span class='ocrx_word' id='word_1_480' title='bbox 2862 3089 3010 3155; x_wconf 88' lang='lat' dir='ltr'><strong>cujus</strong></span> <span class='ocrx_word' id='word_1_481' title='bbox 3057 3089 3230 3142; x_wconf 87' lang='lat' dir='ltr'><strong>locum</strong></span> <span class='ocrx_word' id='word_1_482' title='bbox 3277 3087 3602 3144; x_wconf 88' lang='lat' dir='ltr'><strong>Guntltarius</strong></span> <span class='ocrx_word' id='word_1_483' title='bbox 3651 3091 3821 3146; x_wconf 79' lang='lat' dir='ltr'><strong>abbas</strong></span> 
     </span>
    </p>
   </div>
   <div class='ocr_carea' id='block_1_63' title="bbox 575 3194 2137 3276">
    <p class='ocr_par' dir='ltr' id='par_1_63' title="bbox 575 3194 2137 3276">
     <span class='ocr_line' id='line_1_63' title="bbox 575 3194 2137 3276; baseline -0.015 -9"><span class='ocrx_word' id='word_1_484' title='bbox 575 3211 795 3267; x_wconf 89' lang='lat' dir='ltr'><strong>divitem</strong></span> <span class='ocrx_word' id='word_1_485' title='bbox 822 3217 978 3276; x_wconf 88' lang='lat' dir='ltr'><strong>atque</strong></span> <span class='ocrx_word' id='word_1_486' title='bbox 1007 3204 1324 3271; x_wconf 85' lang='lat' dir='ltr'><strong>sapientem,</strong></span> <span class='ocrx_word' id='word_1_487' title='bbox 1356 3215 1510 3270; x_wconf 91' lang='lat' dir='ltr'><strong>quem</strong></span> <span class='ocrx_word' id='word_1_488' title='bbox 1543 3210 1644 3252; x_wconf 72' lang='lat' dir='ltr'><strong>tne</strong></span> <span class='ocrx_word' id='word_1_489' title='bbox 1675 3195 1845 3250; x_wconf 91' lang='lat' dir='ltr'><strong>sorori</strong></span> <span class='ocrx_word' id='word_1_490' title='bbox 1885 3194 2137 3247; x_wconf 88' lang='lat' dir='ltr'><strong>deberem</strong></span> 
     </span>
    </p>
   </div>
   <div class='ocr_carea' id='block_1_64' title="bbox 558 3282 2140 3370">
    <p class='ocr_par' dir='ltr' id='par_1_64' title="bbox 558 3282 2140 3370">
     <span class='ocr_line' id='line_1_64' title="bbox 558 3282 2140 3370; baseline -0.013 -14"><span class='ocrx_word' id='word_1_491' title='bbox 558 3302 888 3370; x_wconf 21' lang='lat' dir='ltr'><strong>Aadjungere,</strong></span> <span class='ocrx_word' id='word_1_492' title='bbox 908 3296 1034 3351; x_wconf 89' lang='lat' dir='ltr'><strong>nihil</strong></span> <span class='ocrx_word' id='word_1_493' title='bbox 1056 3293 1245 3348; x_wconf 88' lang='lat' dir='ltr'><strong>melius</strong></span> <span class='ocrx_word' id='word_1_494' title='bbox 1264 3305 1421 3360; x_wconf 87' lang='lat' dir='ltr'><strong>quam</strong></span> <span class='ocrx_word' id='word_1_495' title='bbox 1451 3288 1708 3357; x_wconf 90' lang='lat' dir='ltr'><strong>meipsum</strong></span> <span class='ocrx_word' id='word_1_496' title='bbox 1733 3283 1933 3339; x_wconf 82' lang='lat' dir='ltr'><strong>inveni.</strong></span> <span class='ocrx_word' id='word_1_497' title='bbox 1959 3282 2140 3350; x_wconf 89' lang='lat' dir='ltr'><strong>Itaque</strong></span> 
     </span>
    </p>
   </div>
   <div class='ocr_carea' id='block_1_65' title="bbox 580 3372 2140 3457">
    <p class='ocr_par' dir='ltr' id='par_1_65' title="bbox 580 3372 2140 3457">
     <span class='ocr_line' id='line_1_65' title="bbox 580 3372 2140 3457; baseline -0.014 -10"><span class='ocrx_word' id='word_1_498' title='bbox 580 3390 812 3453; x_wconf 89' lang='lat' dir='ltr'><strong>noveris,</strong></span> <span class='ocrx_word' id='word_1_499' title='bbox 843 3388 965 3457; x_wconf 87' lang='lat' dir='ltr'><strong>quia</strong></span> <span class='ocrx_word' id='word_1_500' title='bbox 986 3399 1101 3439; x_wconf 88' lang='lat' dir='ltr'><strong>eam</strong></span> <span class='ocrx_word' id='word_1_501' title='bbox 1131 3384 1407 3449; x_wconf 80' lang='lat' dir='ltr'><strong>conjugem</strong></span> <span class='ocrx_word' id='word_1_502' title='bbox 1434 3378 1638 3447; x_wconf 86' lang='lat' dir='ltr'><strong>accepi,</strong></span> <span class='ocrx_word' id='word_1_503' title='bbox 1669 3375 1807 3446; x_wconf 89' lang='lat' dir='ltr'><strong>quod</strong></span> <span class='ocrx_word' id='word_1_504' title='bbox 1836 3373 1927 3428; x_wconf 89' lang='lat' dir='ltr'><strong>tibi</strong></span> <span class='ocrx_word' id='word_1_505' title='bbox 1957 3372 2140 3441; x_wconf 90' lang='lat' dir='ltr'><strong>displi-</strong></span> 
     </span>
    </p>
   </div>
   <div class='ocr_carea' id='block_1_66' title="bbox 566 3464 2141 3543">
    <p class='ocr_par' dir='ltr' id='par_1_66' title="bbox 566 3464 2141 3543">
     <span class='ocr_line' id='line_1_66' title="bbox 566 3464 2141 3543; baseline -0.014 -3"><span class='ocrx_word' id='word_1_506' title='bbox 566 3498 710 3540; x_wconf 61' lang='lat' dir='ltr'><strong>~cere</strong></span> <span class='ocrx_word' id='word_1_507' title='bbox 740 3495 843 3535; x_wconf 94' lang='lat' dir='ltr'><strong>non</strong></span> <span class='ocrx_word' id='word_1_508' title='bbox 872 3476 1051 3533; x_wconf 88' lang='lat' dir='ltr'><strong>credo.</strong></span> <span class='ocrx_word' id='word_1_509' title='bbox 1083 3477 1152 3529; x_wconf 86' lang='lat' dir='ltr'><strong>At</strong></span> <span class='ocrx_word' id='word_1_510' title='bbox 1181 3475 1264 3528; x_wconf 75' lang='lat' dir='ltr'><strong>illa</strong></span> <span class='ocrx_word' id='word_1_511' title='bbox 1292 3489 1305 3528; x_wconf 88' lang='lat'>:</span> <span class='ocrx_word' id='word_1_512' title='bbox 1332 3470 1479 3539; x_wconf 84' lang='lat' dir='ltr'><strong>Quod</strong></span> <span class='ocrx_word' id='word_1_513' title='bbox 1510 3470 1703 3543; x_wconf 84' lang='lat' dir='ltr'><strong>bonum</strong></span> <span class='ocrx_word' id='word_1_514' title='bbox 1725 3509 1738 3531; x_wconf 94' lang='lat'><strong>,</strong></span> <span class='ocrx_word' id='word_1_515' title='bbox 1769 3467 1967 3537; x_wconf 84' lang='lat' dir='ltr'><strong>inquit.</strong></span> <span class='ocrx_word' id='word_1_516' title='bbox 1997 3464 2141 3518; x_wconf 87' lang='lat' dir='ltr'><strong>vide-</strong></span> 
     </span>
    </p>
   </div>
   <div class='ocr_carea' id='block_1_67' title="bbox 587 3558 2140 3629">
    <p class='ocr_par' dir='ltr' id='par_1_67' title="bbox 587 3558 2140 3629">
     <span class='ocr_line' id='line_1_67' title="bbox 587 3558 2140 3629; baseline -0.014 0"><span class='ocrx_word' id='word_1_517' title='bbox 587 3584 673 3629; x_wconf 91' lang='lat' dir='ltr'><strong>tur</strong></span> <span class='ocrx_word' id='word_1_518' title='bbox 703 3574 753 3627; x_wconf 93' lang='lat' dir='ltr'><strong>in</strong></span> <span class='ocrx_word' id='word_1_519' title='bbox 782 3573 949 3626; x_wconf 89' lang='lat' dir='ltr'><strong>oculis</strong></span> <span class='ocrx_word' id='word_1_520' title='bbox 979 3566 1177 3623; x_wconf 91' lang='lat' dir='ltr'><strong>domini</strong></span> <span class='ocrx_word' id='word_1_521' title='bbox 1214 3567 1320 3619; x_wconf 88' lang='lat' dir='ltr'><strong>mei</strong></span> <span class='ocrx_word' id='word_1_522' title='bbox 1351 3562 1547 3616; x_wconf 82' lang='lat' dir='ltr'><strong>faciat:</strong></span> <span class='ocrx_word' id='word_1_523' title='bbox 1581 3570 1781 3613; x_wconf 84' lang='lat' dir='ltr'><strong>tantum</strong></span> <span class='ocrx_word' id='word_1_524' title='bbox 1817 3558 2006 3610; x_wconf 87' lang='lat' dir='ltr'><strong>ancilla</strong></span> <span class='ocrx_word' id='word_1_525' title='bbox 2053 3568 2140 3608; x_wconf 87' lang='lat' dir='ltr'><strong>tua</strong></span> 
     </span>
    </p>
   </div>
   <div class='ocr_carea' id='block_1_68' title="bbox 568 3650 2143 3732">
    <p class='ocr_par' dir='ltr' id='par_1_68' title="bbox 568 3650 2143 3732">
     <span class='ocr_line' id='line_1_68' title="bbox 568 3650 2143 3732; baseline -0.013 -12"><span class='ocrx_word' id='word_1_526' title='bbox 568 3681 705 3721; x_wconf 81' lang='lat' dir='ltr'><strong>cum</strong></span> <span class='ocrx_word' id='word_1_527' title='bbox 749 3663 916 3732; x_wconf 88' lang='lat' dir='ltr'><strong>gratia</strong></span> <span class='ocrx_word' id='word_1_528' title='bbox 948 3660 1090 3730; x_wconf 74' lang='lat' dir='ltr'><strong>regis</strong></span> <span class='ocrx_word' id='word_1_529' title='bbox 1121 3657 1279 3711; x_wconf 89' lang='lat' dir='ltr'><strong>vivat.</strong></span> <span class='ocrx_word' id='word_1_530' title='bbox 1310 3654 1632 3711; x_wconf 89' lang='lat' dir='ltr'><strong>Guntbarius</strong></span> <span class='ocrx_word' id='word_1_531' title='bbox 1669 3666 1817 3716; x_wconf 80' lang='lat' dir='ltr'><strong>vero,</strong></span> <span class='ocrx_word' id='word_1_532' title='bbox 1847 3650 2143 3704; x_wconf 87' lang='lat' dir='ltr'><strong>Cltramuus</strong></span> 
     </span>
    </p>
   </div>
   <div class='ocr_carea' id='block_1_69' title="bbox 576 3739 2145 3824">
    <p class='ocr_par' dir='ltr' id='par_1_69' title="bbox 576 3739 2145 3824">
     <span class='ocr_line' id='line_1_69' title="bbox 576 3739 2145 3824; baseline -0.013 -13"><span class='ocrx_word' id='word_1_533' title='bbox 576 3766 746 3824; x_wconf 59' lang='lat' dir='ltr'><strong>«atque</strong></span> <span class='ocrx_word' id='word_1_534' title='bbox 774 3752 1103 3809; x_wconf 89' lang='lat' dir='ltr'><strong>Cbildericus</strong></span> <span class='ocrx_word' id='word_1_535' title='bbox 1127 3790 1142 3813; x_wconf 90' lang='lat'><strong>,</strong></span> <span class='ocrx_word' id='word_1_536' title='bbox 1176 3750 1388 3802; x_wconf 89' lang='lat' dir='ltr'><strong>vivente</strong></span> <span class='ocrx_word' id='word_1_537' title='bbox 1423 3755 1571 3814; x_wconf 87' lang='lat' dir='ltr'><strong>patre</strong></span> <span class='ocrx_word' id='word_1_538' title='bbox 1608 3741 1801 3796; x_wconf 89' lang='lat' dir='ltr'><strong>mortui</strong></span> <span class='ocrx_word' id='word_1_539' title='bbox 1831 3748 1977 3794; x_wconf 90' lang='lat' dir='ltr'><strong>sunt.</strong></span> <span class='ocrx_word' id='word_1_540' title='bbox 2007 3739 2145 3793; x_wconf 85' lang='lat' dir='ltr'><strong>Exi-</strong></span> 
     </span>
    </p>
   </div>
   <div class='ocr_carea' id='block_1_70' title="bbox 587 3831 2148 3906">
    <p class='ocr_par' dir='ltr' id='par_1_70' title="bbox 587 3831 2148 3906">
     <span class='ocr_line' id='line_1_70' title="bbox 587 3831 2148 3906; baseline -0.01 -7"><span class='ocrx_word' id='word_1_541' title='bbox 587 3855 697 3899; x_wconf 89' lang='lat' dir='ltr'><strong>tum</strong></span> <span class='ocrx_word' id='word_1_542' title='bbox 741 3859 867 3898; x_wconf 87' lang='lat' dir='ltr'><strong>vero</strong></span> <span class='ocrx_word' id='word_1_543' title='bbox 913 3840 1166 3896; x_wconf 82' lang='lat' dir='ltr'><strong>Cltramni</strong></span> <span class='ocrx_word' id='word_1_544' title='bbox 1216 3839 1266 3891; x_wconf 93' lang='lat' dir='ltr'><strong>in</strong></span> <span class='ocrx_word' id='word_1_545' title='bbox 1314 3843 1581 3906; x_wconf 90' lang='lat' dir='ltr'><strong>posterum</strong></span> <span class='ocrx_word' id='word_1_546' title='bbox 1620 3833 1930 3887; x_wconf 87' lang='lat' dir='ltr'><strong>scribemus.</strong></span> <span class='ocrx_word' id='word_1_547' title='bbox 1966 3831 2148 3885; x_wconf 89' lang='lat' dir='ltr'><strong>Alboi-</strong></span> 
     </span>
    </p>
   </div>
   <div class='ocr_carea' id='block_1_71' title="bbox 585 3922 2144 4004">
    <p class='ocr_par' dir='ltr' id='par_1_71' title="bbox 585 3922 2144 4004">
     <span class='ocr_line' id='line_1_71' title="bbox 585 3922 2144 4004; baseline -0.012 -13"><span class='ocrx_word' id='word_1_548' title='bbox 585 3953 684 3991; x_wconf 91' lang='lat' dir='ltr'><strong>nus</strong></span> <span class='ocrx_word' id='word_1_549' title='bbox 705 3934 731 3973; x_wconf 75' lang='grc' dir='ltr'>δ</span> <span class='ocrx_word' id='word_1_550' title='bbox 761 3948 967 4004; x_wconf 89' lang='lat' dir='ltr'><strong>quoque</strong></span> <span class='ocrx_word' id='word_1_551' title='bbox 990 3947 1079 3986; x_wconf 92' lang='lat' dir='ltr'><strong>rex</strong></span> <span class='ocrx_word' id='word_1_552' title='bbox 1100 3928 1567 3999; x_wconf 75' lang='lat' dir='ltr'><strong>Langobardorum</strong></span> <span class='ocrx_word' id='word_1_553' title='bbox 1594 3924 1957 3980; x_wconf 87' lang='lat' dir='ltr'><strong>Cblotsindam</strong></span> <span class='ocrx_word' id='word_1_554' title='bbox 1983 3922 2144 3975; x_wconf 86' lang='lat' dir='ltr'><strong>ﬁliam</strong></span> 
     </span>
    </p>
   </div>
   <div class='ocr_carea' id='block_1_72' title="bbox 585 4015 2146 4100">
    <p class='ocr_par' dir='ltr' id='par_1_72' title="bbox 585 4015 2146 4100">
     <span class='ocr_line' id='line_1_72' title="bbox 585 4015 2146 4100; baseline -0.01 -17"><span class='ocrx_word' id='word_1_555' title='bbox 585 4028 724 4096; x_wconf 86' lang='lat' dir='ltr'><strong>regis</strong></span> <span class='ocrx_word' id='word_1_556' title='bbox 751 4026 975 4100; x_wconf 69' lang='lat' dir='ltr'><strong>accepit.</strong></span> <span class='ocrx_word' id='word_1_557' title='bbox 999 4024 1141 4079; x_wconf 84' lang='lat' dir='ltr'><strong>Obiit</strong></span> <span class='ocrx_word' id='word_1_558' title='bbox 1166 4033 1339 4076; x_wconf 90' lang='lat' dir='ltr'><strong>autem</strong></span> <span class='ocrx_word' id='word_1_559' title='bbox 1375 4020 1666 4089; x_wconf 88' lang='lat' dir='ltr'><strong>lnjuriosus</strong></span> <span class='ocrx_word' id='word_1_560' title='bbox 1690 4019 1971 4087; x_wconf 88' lang='lat' dir='ltr'><strong>episcopus</strong></span> <span class='ocrx_word' id='word_1_561' title='bbox 2001 4015 2146 4069; x_wconf 82' lang='lat' dir='ltr'><strong>urbis</strong></span> 
     </span>
    </p>
   </div>
   <div class='ocr_carea' id='block_1_73' title="bbox 564 4109 2146 4183">
    <p class='ocr_par' dir='ltr' id='par_1_73' title="bbox 564 4109 2146 4183">
     <span class='ocr_line' id='line_1_73' title="bbox 564 4109 2146 4183; baseline -0.011 -7"><span class='ocrx_word' id='word_1_562' title='bbox 564 4118 860 4175; x_wconf 62' lang='lat' dir='ltr'><strong>&#39;Turoiiicas</strong></span> <span class='ocrx_word' id='word_1_563' title='bbox 891 4118 1098 4171; x_wconf 85' lang='lat' dir='ltr'><strong>decimo</strong></span> <span class='ocrx_word' id='word_1_564' title='bbox 1124 4124 1178 4167; x_wconf 92' lang='lat' dir='ltr'><strong>et</strong></span> <span class='ocrx_word' id='word_1_565' title='bbox 1221 4114 1449 4183; x_wconf 86' lang='lat' dir='ltr'><strong>septimo</strong></span> <span class='ocrx_word' id='word_1_566' title='bbox 1486 4111 1825 4179; x_wconf 88' lang='lat' dir='ltr'><strong>episcopatus</strong></span> <span class='ocrx_word' id='word_1_567' title='bbox 1854 4109 1934 4163; x_wconf 90' lang='lat' dir='ltr'><strong>sui</strong></span> <span class='ocrx_word' id='word_1_568' title='bbox 1965 4121 2106 4160; x_wconf 89' lang='lat' dir='ltr'><strong>anno</strong></span> <span class='ocrx_word' id='word_1_569' title='bbox 2133 4121 2146 4159; x_wconf 89' lang='lat'><strong>:</strong></span> 
     </span>
    </p>
   </div>
   <div class='ocr_carea' id='block_1_74' title="bbox 583 4200 2152 4276">
    <p class='ocr_par' dir='ltr' id='par_1_74' title="bbox 583 4200 2152 4276">
     <span class='ocr_line' id='line_1_74' title="bbox 583 4200 2152 4276; baseline -0.01 -10"><span class='ocrx_word' id='word_1_570' title='bbox 583 4224 669 4267; x_wconf 51' lang='lat' dir='ltr'><strong>cu.</strong></span> <span class='ocrx_word' id='word_1_571' title='bbox 701 4210 990 4276; x_wconf 88' lang='lat' dir='ltr'><strong>Baudinus,</strong></span> <span class='ocrx_word' id='word_1_572' title='bbox 1020 4223 1082 4262; x_wconf 88' lang='lat' dir='ltr'><strong>ex</strong></span> <span class='ocrx_word' id='word_1_573' title='bbox 1108 4206 1401 4260; x_wconf 90' lang='lat' dir='ltr'><strong>domestico</strong></span> <span class='ocrx_word' id='word_1_574' title='bbox 1424 4201 1815 4259; x_wconf 86' lang='lat' dir='ltr'><strong>Cltlothacbarii</strong></span> <span class='ocrx_word' id='word_1_575' title='bbox 1842 4200 2001 4270; x_wconf 87' lang='lat' dir='ltr'><strong>regis,</strong></span> <span class='ocrx_word' id='word_1_576' title='bbox 2030 4214 2152 4253; x_wconf 90' lang='lat' dir='ltr'><strong>suc-</strong></span> 
     </span>
    </p>
   </div>
   <div class='ocr_carea' id='block_1_75' title="bbox 566 4354 1925 4433">
    <p class='ocr_par' dir='ltr' id='par_1_75' title="bbox 566 4354 1925 4433">
     <span class='ocr_line' id='line_1_75' title="bbox 566 4354 1925 4433; baseline -0.007 -16"><span class='ocrx_word' id='word_1_577' title='bbox 566 4430 571 4433; x_wconf 89' lang='lat'>_</span> <span class='ocrx_word' id='word_1_578' title='bbox 658 4371 684 4433; x_wconf 70' lang='grc' dir='ltr'>ξι</span> <span class='ocrx_word' id='word_1_579' title='bbox 726 4362 779 4415; x_wconf 91' lang='lat' dir='ltr'><strong>Id</strong></span> <span class='ocrx_word' id='word_1_580' title='bbox 810 4370 893 4433; x_wconf 80' lang='lat' dir='ltr'><strong>est</strong></span> <span class='ocrx_word' id='word_1_581' title='bbox 926 4360 1165 4433; x_wconf 84' lang='lat' dir='ltr'><strong>divitem.</strong></span> <span class='ocrx_word' id='word_1_582' title='bbox 1192 4359 1404 4433; x_wconf 70' lang='lat' dir='ltr'><strong>Reg.__et</strong></span> <span class='ocrx_word' id='word_1_583' title='bbox 1434 4356 1563 4433; x_wconf 79' lang='lat' dir='ltr'><strong>editi</strong></span> <span class='ocrx_word' id='word_1_584' title='bbox 1592 4356 1646 4420; x_wconf 79' lang='lat'><strong>9.,</strong></span> <span class='ocrx_word' id='word_1_585' title='bbox 1682 4354 1925 4433; x_wconf 53' lang='lat' dir='ltr'><strong>halliletn.</strong></span> 
     </span>
    </p>
   </div>
   <div class='ocr_carea' id='block_1_76' title="bbox 657 4423 2152 4496">
    <p class='ocr_par' dir='ltr' id='par_1_76' title="bbox 657 4423 2152 4496">
     <span class='ocr_line' id='line_1_76' title="bbox 657 4423 2152 4496; baseline -0.007 -9"><span class='ocrx_word' id='word_1_586' title='bbox 657 4430 687 4469; x_wconf 67' lang='grc' dir='ltr'>δ</span> <span class='ocrx_word' id='word_1_587' title='bbox 726 4431 910 4496; x_wconf 76' lang='lat' dir='ltr'><strong>Corb.,</strong></span> <span class='ocrx_word' id='word_1_588' title='bbox 943 4430 1222 4492; x_wconf 77' lang='lat' dir='ltr'><strong>Albucnus,</strong></span> <span class='ocrx_word' id='word_1_589' title='bbox 1250 4423 1403 4493; x_wconf 75' lang='lat' dir='ltr'><strong>Bell.,</strong></span> <span class='ocrx_word' id='word_1_590' title='bbox 1444 4428 1717 4479; x_wconf 77' lang='lat' dir='ltr'><strong>Alboenus.</strong></span> <span class='ocrx_word' id='word_1_591' title='bbox 1754 4425 1827 4476; x_wconf 86' lang='lat' dir='ltr'><strong>De</strong></span> <span class='ocrx_word' id='word_1_592' title='bbox 1863 4427 1959 4496; x_wconf 71' lang='lat' dir='ltr'><strong>line</strong></span> <span class='ocrx_word' id='word_1_593' title='bbox 1982 4423 2152 4496; x_wconf 74' lang='lat' dir='ltr'><strong>fusius</strong></span> 
     </span>
    </p>
   </div>
   <div class='ocr_carea' id='block_1_77' title="bbox 582 4492 2151 4566">
    <p class='ocr_par' dir='ltr' id='par_1_77' title="bbox 582 4492 2151 4566">
     <span class='ocr_line' id='line_1_77' title="bbox 582 4492 2151 4566; baseline -0.007 -10"><span class='ocrx_word' id='word_1_594' title='bbox 582 4501 783 4556; x_wconf 70' lang='lat' dir='ltr'><strong>Paulus</strong></span> <span class='ocrx_word' id='word_1_595' title='bbox 808 4492 906 4553; x_wconf 68' lang='lat' dir='ltr'><strong>lib.</strong></span> <span class='ocrx_word' id='word_1_596' title='bbox 927 4511 1015 4553; x_wconf 89' lang='lat' dir='ltr'><strong>tet</strong></span> <span class='ocrx_word' id='word_1_597' title='bbox 1038 4515 1071 4552; x_wconf 86' lang='lat' dir='ltr'><strong>ll</strong></span> <span class='ocrx_word' id='word_1_598' title='bbox 1096 4500 1163 4552; x_wconf 87' lang='lat' dir='ltr'><strong>de</strong></span> <span class='ocrx_word' id='word_1_599' title='bbox 1183 4500 1344 4566; x_wconf 79' lang='lat' dir='ltr'><strong>geStis</strong></span> <span class='ocrx_word' id='word_1_600' title='bbox 1362 4492 1843 4566; x_wconf 49' lang='lat' dir='ltr'><strong>Langobardtlrunt.</strong></span> <span class='ocrx_word' id='word_1_601' title='bbox 1871 4492 1949 4545; x_wconf 89' lang='lat' dir='ltr'><strong>Ad</strong></span> <span class='ocrx_word' id='word_1_602' title='bbox 1969 4492 2151 4566; x_wconf 76' lang='lat' dir='ltr'><strong>Cltlot-</strong></span> 
     </span>
    </p>
   </div>
   <div class='ocr_carea' id='block_1_78' title="bbox 591 4561 2155 4635">
    <p class='ocr_par' dir='ltr' id='par_1_78' title="bbox 591 4561 2155 4635">
     <span class='ocr_line' id='line_1_78' title="bbox 591 4561 2155 4635; baseline -0.006 -11"><span class='ocrx_word' id='word_1_603' title='bbox 591 4571 795 4624; x_wconf 89' lang='lat' dir='ltr'><strong>sindam</strong></span> <span class='ocrx_word' id='word_1_604' title='bbox 825 4585 951 4623; x_wconf 89' lang='lat' dir='ltr'><strong>vero</strong></span> <span class='ocrx_word' id='word_1_605' title='bbox 977 4561 1399 4635; x_wconf 51' lang='lat' dir='ltr'><strong>scripsit&#39;beatus</strong></span> <span class='ocrx_word' id='word_1_606' title='bbox 1426 4561 1661 4618; x_wconf 67' lang='lat' dir='ltr'><strong>Nicetius</strong></span> <span class='ocrx_word' id='word_1_607' title='bbox 1683 4562 2012 4635; x_wconf 83' lang='lat' dir='ltr'><strong>Trevirensis</strong></span> <span class='ocrx_word' id='word_1_608' title='bbox 2039 4561 2155 4629; x_wconf 80' lang='lat' dir='ltr'><strong>epi-</strong></span> 
     </span>
    </p>
   </div>
   <div class='ocr_carea' id='block_1_79' title="bbox 583 4634 2074 4709">
    <p class='ocr_par' dir='ltr' id='par_1_79' title="bbox 583 4634 2074 4709">
     <span class='ocr_line' id='line_1_79' title="bbox 583 4634 2074 4709; baseline -0.01 -13"><span class='ocrx_word' id='word_1_609' title='bbox 583 4655 802 4709; x_wconf 74' lang='lat' dir='ltr'><strong>scopus,</strong></span> <span class='ocrx_word' id='word_1_610' title='bbox 837 4634 1286 4709; x_wconf 86' lang='lat' dir='ltr'><strong>cujusepistolam</strong></span> <span class='ocrx_word' id='word_1_611' title='bbox 1312 4638 1362 4690; x_wconf 88' lang='lat' dir='ltr'><strong>itt</strong></span> <span class='ocrx_word' id='word_1_612' title='bbox 1386 4634 2074 4709; x_wconf 44' lang='lat' dir='ltr'><strong>appendiceproferemus.</strong></span> 
     </span>
    </p>
   </div>
   <div class='ocr_carea' id='block_1_80' title="bbox 665 4702 2155 4779">
    <p class='ocr_par' dir='ltr' id='par_1_80' title="bbox 665 4702 2155 4779">
     <span class='ocr_line' id='line_1_80' title="bbox 665 4702 2155 4779; baseline -0.005 -17"><span class='ocrx_word' id='word_1_613' title='bbox 665 4702 701 4748; x_wconf 71' lang='grc' dir='ltr'><strong>θ’</strong></span> <span class='ocrx_word' id='word_1_614' title='bbox 731 4702 939 4779; x_wconf 48' lang='lat' dir='ltr'><strong>Regini,</strong></span> <span class='ocrx_word' id='word_1_615' title='bbox 968 4702 1339 4779; x_wconf 74' lang='lat' dir='ltr'><strong>Clonontorem.</strong></span> <span class='ocrx_word' id='word_1_616' title='bbox 1389 4706 1460 4779; x_wconf 81' lang='lat' dir='ltr'><strong>De</strong></span> <span class='ocrx_word' id='word_1_617' title='bbox 1499 4705 1597 4779; x_wconf 86' lang='lat' dir='ltr'><strong>hoc</strong></span> <span class='ocrx_word' id='word_1_618' title='bbox 1635 4705 1743 4773; x_wconf 83' lang='lat' dir='ltr'><strong>agit</strong></span> <span class='ocrx_word' id='word_1_619' title='bbox 1788 4713 1971 4779; x_wconf 75' lang='lat' dir='ltr'><strong>auctor</strong></span> <span class='ocrx_word' id='word_1_620' title='bbox 2019 4702 2155 4779; x_wconf 65' lang='lat' dir='ltr'><strong>Yitre</strong></span> 
     </span>
    </p>
   </div>
   <div class='ocr_carea' id='block_1_81' title="bbox 586 4773 2149 4847">
    <p class='ocr_par' dir='ltr' id='par_1_81' title="bbox 586 4773 2149 4847">
     <span class='ocr_line' id='line_1_81' title="bbox 586 4773 2149 4847; baseline -0.007 -10"><span class='ocrx_word' id='word_1_621' title='bbox 586 4783 645 4837; x_wconf 70' lang='grc' dir='ltr'><strong>Β.</strong></span> <span class='ocrx_word' id='word_1_622' title='bbox 683 4773 850 4834; x_wconf 65' lang='lat' dir='ltr'><strong>Gildas</strong></span> <span class='ocrx_word' id='word_1_623' title='bbox 873 4819 889 4845; x_wconf 94' lang='lat'><strong>,</strong></span> <span class='ocrx_word' id='word_1_624' title='bbox 922 4794 1038 4847; x_wconf 70' lang='lat' dir='ltr'><strong>qua:</strong></span> <span class='ocrx_word' id='word_1_625' title='bbox 1070 4778 1295 4829; x_wconf 86' lang='lat' dir='ltr'><strong>habetur</strong></span> <span class='ocrx_word' id='word_1_626' title='bbox 1323 4776 1459 4842; x_wconf 83' lang='lat' dir='ltr'><strong>apud</strong></span> <span class='ocrx_word' id='word_1_627' title='bbox 1484 4776 1693 4847; x_wconf 72' lang='lat' dir='ltr'><strong>sariunt</strong></span> <span class='ocrx_word' id='word_1_628' title='bbox 1715 4815 1728 4833; x_wconf 91' lang='lat'><strong>,</strong></span> <span class='ocrx_word' id='word_1_629' title='bbox 1753 4783 1807 4847; x_wconf 80' lang='lat' dir='ltr'><strong>et</strong></span> <span class='ocrx_word' id='word_1_630' title='bbox 1838 4773 2149 4827; x_wconf 85' lang='lat' dir='ltr'><strong>Bollandutu</strong></span> 
     </span>
    </p>
   </div>
   <div class='ocr_carea' id='block_1_82' title="bbox 586 4843 1869 4930">
    <p class='ocr_par' dir='ltr' id='par_1_82' title="bbox 586 4843 1869 4930">
     <span class='ocr_line' id='line_1_82' title="bbox 586 4843 1869 4930; baseline -0.012 -21"><span class='ocrx_word' id='word_1_631' title='bbox 586 4858 681 4930; x_wconf 59' lang='lat' dir='ltr'><strong>die</strong></span> <span class='ocrx_word' id='word_1_632' title='bbox 710 4843 1046 4930; x_wconf 36' lang='lat' dir='ltr'><strong>19-Januarii,</strong></span> <span class='ocrx_word' id='word_1_633' title='bbox 1078 4858 1131 4902; x_wconf 91' lang='lat' dir='ltr'><strong>et</strong></span> <span class='ocrx_word' id='word_1_634' title='bbox 1161 4850 1208 4930; x_wconf 77' lang='lat' dir='ltr'><strong>in</strong></span> <span class='ocrx_word' id='word_1_635' title='bbox 1229 4847 1447 4930; x_wconf 55' lang='lat' dir='ltr'><strong>§teculo</strong></span> <span class='ocrx_word' id='word_1_636' title='bbox 1472 4843 1869 4930; x_wconf 69' lang='lat' dir='ltr'><strong>I_Bcttt-tl_ictino.</strong></span> 
     </span>
    </p>
   </div>
   <div class='ocr_carea' id='block_1_83' title="bbox 657 4912 2150 4980">
    <p class='ocr_par' dir='ltr' id='par_1_83' title="bbox 657 4912 2150 4980">
     <span class='ocr_line' id='line_1_83' title="bbox 657 4912 2150 4980; baseline -0.006 -4"><span class='ocrx_word' id='word_1_637' title='bbox 657 4922 683 4960; x_wconf 74' lang='grc' dir='ltr'>ά</span> <span class='ocrx_word' id='word_1_638' title='bbox 729 4922 974 4976; x_wconf 83' lang='lat' dir='ltr'><strong>Pluribus</strong></span> <span class='ocrx_word' id='word_1_639' title='bbox 997 4912 1209 4972; x_wconf 81' lang='lat' dir='ltr'><strong>disserit</strong></span> <span class='ocrx_word' id='word_1_640' title='bbox 1229 4915 1467 4969; x_wconf 80' lang='lat' dir='ltr'><strong>Valesius</strong></span> <span class='ocrx_word' id='word_1_641' title='bbox 1494 4916 1585 4967; x_wconf 91' lang='lat' dir='ltr'><strong>lib.</strong></span> <span class='ocrx_word' id='word_1_642' title='bbox 1602 4931 1650 4967; x_wconf 90' lang='lat' dir='ltr'><strong>vt</strong></span> <span class='ocrx_word' id='word_1_643' title='bbox 1671 4915 1863 4968; x_wconf 66' lang='lat' dir='ltr'><strong>Iterum</strong></span> <span class='ocrx_word' id='word_1_644' title='bbox 1884 4912 2150 4980; x_wconf 55' lang='lat' dir='ltr'><strong>Francia,</strong></span> 
     </span>
    </p>
   </div>
   <div class='ocr_carea' id='block_1_84' title="bbox 589 4985 2153 5065">
    <p class='ocr_par' dir='ltr' id='par_1_84' title="bbox 589 4985 2153 5065">
     <span class='ocr_line' id='line_1_84' title="bbox 589 4985 2153 5065; baseline -0.007 -17"><span class='ocrx_word' id='word_1_645' title='bbox 589 5010 707 5065; x_wconf 77' lang='lat' dir='ltr'><strong>p-ig.</strong></span> <span class='ocrx_word' id='word_1_646' title='bbox 736 4992 920 5065; x_wconf 68' lang='lat' dir='ltr'><strong>28let</strong></span> <span class='ocrx_word' id='word_1_647' title='bbox 950 5003 1124 5057; x_wconf 87' lang='lat' dir='ltr'><strong>seqq.,</strong></span> <span class='ocrx_word' id='word_1_648' title='bbox 1156 4994 1331 5039; x_wconf 84' lang='lat' dir='ltr'><strong>utru’m</strong></span> <span class='ocrx_word' id='word_1_649' title='bbox 1365 4986 1597 5065; x_wconf 67' lang='lat' dir='ltr'><strong>Britanni</strong></span> <span class='ocrx_word' id='word_1_650' title='bbox 1625 4988 1723 5065; x_wconf 76' lang='lat' dir='ltr'><strong>sub</strong></span> <span class='ocrx_word' id='word_1_651' title='bbox 1754 4986 1991 5065; x_wconf 41' lang='lat' dir='ltr'><strong>preprits.</strong></span> <span class='ocrx_word' id='word_1_652' title='bbox 2013 4985 2153 5049; x_wconf 73' lang='lat' dir='ltr'><strong>regi-</strong></span> 
     </span>
    </p>
   </div>
   <div class='ocr_carea' id='block_1_85' title="bbox 592 5054 2152 5128">
    <p class='ocr_par' dir='ltr' id='par_1_85' title="bbox 592 5054 2152 5128">
     <span class='ocr_line' id='line_1_85' title="bbox 592 5054 2152 5128; baseline -0.008 -9"><span class='ocrx_word' id='word_1_653' title='bbox 592 5054 687 5120; x_wconf 70' lang='lat' dir='ltr'><strong>bus</strong></span> <span class='ocrx_word' id='word_1_654' title='bbox 722 5064 949 5126; x_wconf 87' lang='lat' dir='ltr'><strong>fuerint,</strong></span> <span class='ocrx_word' id='word_1_655' title='bbox 982 5054 1039 5114; x_wconf 83' lang='lat' dir='ltr'><strong>et</strong></span> <span class='ocrx_word' id='word_1_656' title='bbox 1063 5054 1170 5128; x_wconf 77' lang='lat' dir='ltr'><strong>quo</strong></span> <span class='ocrx_word' id='word_1_657' title='bbox 1202 5062 1477 5125; x_wconf 82' lang='lat' dir='ltr'><strong>tempore?</strong></span> <span class='ocrx_word' id='word_1_658' title='bbox 1504 5056 1616 5128; x_wconf 73' lang='lat' dir='ltr'><strong>Eos</strong></span> <span class='ocrx_word' id='word_1_659' title='bbox 1654 5055 1705 5128; x_wconf 86' lang='lat' dir='ltr'><strong>in</strong></span> <span class='ocrx_word' id='word_1_660' title='bbox 1731 5054 2113 5128; x_wconf 81' lang='lat' dir='ltr'><strong>__A_r_et_nori_cam</strong></span> <span class='ocrx_word' id='word_1_661' title='bbox 2135 5095 2152 5119; x_wconf 91' lang='lat'><strong>,</strong></span> 
     </span>
    </p>
   </div>
   <div class='ocr_carea' id='block_1_86' title="bbox 590 5123 2155 5200">
    <p class='ocr_par' dir='ltr' id='par_1_86' title="bbox 590 5123 2155 5200">
     <span class='ocr_line' id='line_1_86' title="bbox 590 5123 2155 5200; baseline -0.006 -14"><span class='ocrx_word' id='word_1_662' title='bbox 590 5152 682 5189; x_wconf 85' lang='lat' dir='ltr'><strong>seu</strong></span> <span class='ocrx_word' id='word_1_663' title='bbox 717 5123 1123 5200; x_wconf 78' lang='lat' dir='ltr'><strong>Lugdunensem</strong></span> <span class='ocrx_word' id='word_1_664' title='bbox 1156 5123 1398 5200; x_wconf 74' lang='lat' dir='ltr'><strong>tertiam,</strong></span> <span class='ocrx_word' id='word_1_665' title='bbox 1436 5126 1534 5200; x_wconf 85' lang='lat' dir='ltr'><strong>sub</strong></span> <span class='ocrx_word' id='word_1_666' title='bbox 1562 5124 1764 5200; x_wconf 68' lang='lat' dir='ltr'><strong>Placidi</strong></span> <span class='ocrx_word' id='word_1_667' title='bbox 1796 5123 2155 5200; x_wconf 48' lang='lat' dir='ltr'><strong>Valentiniani</strong></span> 
     </span>
    </p>
   </div>
   <div class='ocr_carea' id='block_1_87' title="bbox 592 5193 2152 5271">
    <p class='ocr_par' dir='ltr' id='par_1_87' title="bbox 592 5193 2152 5271">
     <span class='ocr_line' id='line_1_87' title="bbox 592 5193 2152 5271; baseline -0.006 -15"><span class='ocrx_word' id='word_1_668' title='bbox 592 5207 720 5268; x_wconf 85' lang='lat' dir='ltr'><strong>imp.</strong></span> <span class='ocrx_word' id='word_1_669' title='bbox 750 5193 1051 5271; x_wconf 46' lang='lat' dir='ltr'><strong>iptuincipatu</strong></span> <span class='ocrx_word' id='word_1_670' title='bbox 1073 5215 1135 5254; x_wconf 91' lang='lat' dir='ltr'><strong>ex</strong></span> <span class='ocrx_word' id='word_1_671' title='bbox 1162 5199 1347 5271; x_wconf 80' lang='lat' dir='ltr'><strong>majori</strong></span> <span class='ocrx_word' id='word_1_672' title='bbox 1374 5195 1641 5271; x_wconf 77' lang='lat' dir='ltr'><strong>Britannia</strong></span> <span class='ocrx_word' id='word_1_673' title='bbox 1671 5193 1945 5249; x_wconf 88' lang='lat' dir='ltr'><strong>transiisse</strong></span> <span class='ocrx_word' id='word_1_674' title='bbox 1971 5194 2152 5271; x_wconf 72' lang='lat' dir='ltr'><strong>refert,</strong></span> 
     </span>
    </p>
   </div>
   <div class='ocr_carea' id='block_1_88' title="bbox 593 5262 2156 5339">
    <p class='ocr_par' dir='ltr' id='par_1_88' title="bbox 593 5262 2156 5339">
     <span class='ocr_line' id='line_1_88' title="bbox 593 5262 2156 5339; baseline -0.006 -15"><span class='ocrx_word' id='word_1_675' title='bbox 593 5262 682 5338; x_wconf 83' lang='lat' dir='ltr'><strong>qui</strong></span> <span class='ocrx_word' id='word_1_676' title='bbox 716 5262 1147 5325; x_wconf 62' lang='lat' dir='ltr'><strong>dontitis&#39;incolis</strong></span> <span class='ocrx_word' id='word_1_677' title='bbox 1181 5262 1386 5339; x_wconf 77' lang='lat' dir='ltr'><strong>regioni</strong></span> <span class='ocrx_word' id='word_1_678' title='bbox 1417 5282 1540 5339; x_wconf 62' lang='lat' dir='ltr'><strong>suas</strong></span> <span class='ocrx_word' id='word_1_679' title='bbox 1574 5270 1717 5335; x_wconf 83' lang='lat' dir='ltr'><strong>leges</strong></span> <span class='ocrx_word' id='word_1_680' title='bbox 1752 5274 1805 5318; x_wconf 89' lang='lat' dir='ltr'><strong>et</strong></span> <span class='ocrx_word' id='word_1_681' title='bbox 1834 5277 2025 5339; x_wconf 83' lang='lat' dir='ltr'><strong>nomen</strong></span> <span class='ocrx_word' id='word_1_682' title='bbox 2055 5262 2156 5316; x_wconf 88' lang='lat' dir='ltr'><strong>im-</strong></span> 
     </span>
    </p>
   </div>
   <div class='ocr_carea' id='block_1_89' title="bbox 598 5334 2156 5415">
    <p class='ocr_par' dir='ltr' id='par_1_89' title="bbox 598 5334 2156 5415">
     <span class='ocr_line' id='line_1_89' title="bbox 598 5334 2156 5415; baseline -0.003 -24"><span class='ocrx_word' id='word_1_683' title='bbox 598 5334 917 5415; x_wconf 78' lang='lat' dir='ltr'><strong>posuerunt;</strong></span> <span class='ocrx_word' id='word_1_684' title='bbox 936 5356 1013 5415; x_wconf 78' lang='lat' dir='ltr'><strong>an</strong></span> <span class='ocrx_word' id='word_1_685' title='bbox 1039 5357 1164 5395; x_wconf 88' lang='lat' dir='ltr'><strong>vero</strong></span> <span class='ocrx_word' id='word_1_686' title='bbox 1190 5334 1303 5393; x_wconf 65' lang='lat' dir='ltr'><strong>haec</strong></span> <span class='ocrx_word' id='word_1_687' title='bbox 1328 5340 1471 5407; x_wconf 88' lang='lat' dir='ltr'><strong>regio</strong></span> <span class='ocrx_word' id='word_1_688' title='bbox 1490 5334 1811 5391; x_wconf 81' lang='lat' dir='ltr'><strong>Francorum</strong></span> <span class='ocrx_word' id='word_1_689' title='bbox 1839 5334 2051 5399; x_wconf 75' lang='lat' dir='ltr'><strong>regibus</strong></span> <span class='ocrx_word' id='word_1_690' title='bbox 2075 5349 2156 5401; x_wconf 89' lang='lat' dir='ltr'><strong>pa-</strong></span> 
     </span>
    </p>
   </div>
   <div class='ocr_carea' id='block_1_90' title="bbox 599 5407 2156 5489">
    <p class='ocr_par' dir='ltr' id='par_1_90' title="bbox 599 5407 2156 5489">
     <span class='ocr_line' id='line_1_90' title="bbox 599 5407 2156 5489; baseline -0.002 -28"><span class='ocrx_word' id='word_1_691' title='bbox 599 5410 1005 5489; x_wconf 76' lang='lat' dir='ltr'><strong>ruerit__aml_tigi_</strong></span> <span class='ocrx_word' id='word_1_692' title='bbox 1051 5426 1210 5489; x_wconf 76' lang='lat' dir='ltr'><strong>posse</strong></span> <span class='ocrx_word' id='word_1_693' title='bbox 1255 5418 1466 5473; x_wconf 89' lang='lat' dir='ltr'><strong>censet,</strong></span> <span class='ocrx_word' id='word_1_694' title='bbox 1515 5422 1636 5488; x_wconf 73' lang='lat' dir='ltr'><strong>cum</strong></span> <span class='ocrx_word' id='word_1_695' title='bbox 1676 5420 1792 5459; x_wconf 88' lang='lat' dir='ltr'><strong>eam</strong></span> <span class='ocrx_word' id='word_1_696' title='bbox 1822 5413 2027 5489; x_wconf 75' lang='lat' dir='ltr'><strong>constet</strong></span> <span class='ocrx_word' id='word_1_697' title='bbox 2058 5407 2156 5458; x_wconf 76' lang='lat' dir='ltr'><strong>sub</strong></span> 
     </span>
    </p>
   </div>
   <div class='ocr_carea' id='block_1_91' title="bbox 601 5473 2160 5549">
    <p class='ocr_par' dir='ltr' id='par_1_91' title="bbox 601 5473 2160 5549">
     <span class='ocr_line' id='line_1_91' title="bbox 601 5473 2160 5549; baseline -0.006 -17"><span class='ocrx_word' id='word_1_698' title='bbox 601 5479 828 5549; x_wconf 79' lang='lat' dir='ltr'><strong>propriis</strong></span> <span class='ocrx_word' id='word_1_699' title='bbox 838 5473 1167 5548; x_wconf 67' lang='lat' dir='ltr'><strong>principibus</strong></span> <span class='ocrx_word' id='word_1_700' title='bbox 1186 5494 1395 5546; x_wconf 84' lang='lat' dir='ltr'><strong>semper</strong></span> <span class='ocrx_word' id='word_1_701' title='bbox 1411 5478 1701 5539; x_wconf 82' lang='lat' dir='ltr'><strong>exstitisse,</strong></span> <span class='ocrx_word' id='word_1_702' title='bbox 1723 5489 1856 5541; x_wconf 91' lang='lat' dir='ltr'><strong>quos</strong></span> <span class='ocrx_word' id='word_1_703' title='bbox 1874 5473 2160 5540; x_wconf 85' lang='lat' dir='ltr'><strong>aliquando</strong></span> 
     </span>
    </p>
   </div>
   <div class='ocr_carea' id='block_1_92' title="bbox 600 5550 2157 5616">
    <p class='ocr_par' dir='ltr' id='par_1_92' title="bbox 600 5550 2157 5616">
     <span class='ocr_line' id='line_1_92' title="bbox 600 5550 2157 5616; baseline -0.003 -15"><span class='ocrx_word' id='word_1_704' title='bbox 600 5550 842 5613; x_wconf 81' lang='lat' dir='ltr'><strong>comites,</strong></span> <span class='ocrx_word' id='word_1_705' title='bbox 873 5550 1156 5616; x_wconf 89' lang='lat' dir='ltr'><strong>aliquando</strong></span> <span class='ocrx_word' id='word_1_706' title='bbox 1184 5552 1365 5611; x_wconf 86' lang='lat' dir='ltr'><strong>duces,</strong></span> <span class='ocrx_word' id='word_1_707' title='bbox 1400 5550 1562 5599; x_wconf 89' lang='lat' dir='ltr'><strong>immo</strong></span> <span class='ocrx_word' id='word_1_708' title='bbox 1592 5556 1645 5597; x_wconf 72' lang='grc' dir='ltr'><strong>ιιι</strong></span> <span class='ocrx_word' id='word_1_709' title='bbox 1673 5558 2046 5616; x_wconf 82' lang='lat' dir='ltr'><strong>nonnunquam</strong></span> <span class='ocrx_word' id='word_1_710' title='bbox 2073 5560 2157 5596; x_wconf 83' lang='lat' dir='ltr'><strong>ie-</strong></span> 
     </span>
    </p>
   </div>
   <div class='ocr_carea' id='block_1_93' title="bbox 601 5614 2161 5690">
    <p class='ocr_par' dir='ltr' id='par_1_93' title="bbox 601 5614 2161 5690">
     <span class='ocr_line' id='line_1_93' title="bbox 601 5614 2161 5690; baseline -0.004 -18"><span class='ocrx_word' id='word_1_711' title='bbox 601 5635 693 5690; x_wconf 88' lang='lat' dir='ltr'><strong>ges</strong></span> <span class='ocrx_word' id='word_1_712' title='bbox 724 5620 849 5670; x_wconf 89' lang='lat' dir='ltr'><strong>varii</strong></span> <span class='ocrx_word' id='word_1_713' title='bbox 877 5614 1119 5670; x_wconf 81' lang='lat' dir='ltr'><strong>auctores</strong></span> <span class='ocrx_word' id='word_1_714' title='bbox 1147 5620 1498 5690; x_wconf 82' lang='lat' dir='ltr'><strong>appellarunt.</strong></span> <span class='ocrx_word' id='word_1_715' title='bbox 1531 5616 1731 5690; x_wconf 78' lang='lat' dir='ltr'><strong>Deinde</strong></span> <span class='ocrx_word' id='word_1_716' title='bbox 1767 5614 1907 5690; x_wconf 66' lang='lat' dir='ltr'><strong>regni</strong></span> <span class='ocrx_word' id='word_1_717' title='bbox 1949 5617 2161 5690; x_wconf 82' lang='lat' dir='ltr'><strong>nomine</strong></span> 
     </span>
    </p>
   </div>
   <div class='ocr_carea' id='block_1_94' title="bbox 606 5682 2159 5756">
    <p class='ocr_par' dir='ltr' id='par_1_94' title="bbox 606 5682 2159 5756">
     <span class='ocr_line' id='line_1_94' title="bbox 606 5682 2159 5756; baseline -0.005 -15"><span class='ocrx_word' id='word_1_718' title='bbox 606 5682 898 5742; x_wconf 78' lang='lat' dir='ltr'><strong>Brittonum</strong></span> <span class='ocrx_word' id='word_1_719' title='bbox 927 5690 1194 5756; x_wconf 83' lang='lat' dir='ltr'><strong>regionem</strong></span> <span class='ocrx_word' id='word_1_720' title='bbox 1220 5682 1509 5751; x_wconf 69' lang='lat' dir='ltr'><strong>scriptores</strong></span> <span class='ocrx_word' id='word_1_721' title='bbox 1539 5684 1757 5751; x_wconf 87' lang='lat' dir='ltr'><strong>passim,</strong></span> <span class='ocrx_word' id='word_1_722' title='bbox 1781 5692 1835 5737; x_wconf 88' lang='lat' dir='ltr'><strong>et</strong></span> <span class='ocrx_word' id='word_1_723' title='bbox 1864 5684 1976 5751; x_wconf 87' lang='lat' dir='ltr'><strong>ipse</strong></span> <span class='ocrx_word' id='word_1_724' title='bbox 1997 5682 2159 5735; x_wconf 88' lang='lat' dir='ltr'><strong>etiam</strong></span> 
     </span>
    </p>
   </div>
   <div class='ocr_carea' id='block_1_95' title="bbox 2242 3178 3821 3250">
    <p class='ocr_par' dir='ltr' id='par_1_95' title="bbox 2242 3178 3821 3250">
     <span class='ocr_line' id='line_1_95' title="bbox 2242 3178 3821 3250; baseline 0 -15"><span class='ocrx_word' id='word_1_725' title='bbox 2242 3184 2576 3250; x_wconf 85' lang='lat' dir='ltr'><strong>subrogatur,</strong></span> <span class='ocrx_word' id='word_1_726' title='bbox 2607 3179 2847 3234; x_wconf 86' lang='lat' dir='ltr'><strong>decimus</strong></span> <span class='ocrx_word' id='word_1_727' title='bbox 2876 3179 3135 3247; x_wconf 83' lang='lat' dir='ltr'><strong>septimus</strong></span> <span class='ocrx_word' id='word_1_728' title='bbox 3164 3186 3286 3247; x_wconf 92' lang='lat' dir='ltr'><strong>post</strong></span> <span class='ocrx_word' id='word_1_729' title='bbox 3316 3178 3599 3233; x_wconf 83' lang='lat' dir='ltr'><strong>transitum</strong></span> <span class='ocrx_word' id='word_1_730' title='bbox 3645 3182 3821 3235; x_wconf 81' lang='lat' dir='ltr'><strong>sancti</strong></span> 
     </span>
    </p>
   </div>
   <div class='ocr_carea' id='block_1_96' title="bbox 2245 3273 2479 3326">
    <p class='ocr_par' dir='ltr' id='par_1_96' title="bbox 2245 3273 2479 3326">
     <span class='ocr_line' id='line_1_96' title="bbox 2245 3273 2479 3326; baseline -0.004 0"><span class='ocrx_word' id='word_1_731' title='bbox 2245 3273 2479 3326; x_wconf 76' lang='lat' dir='ltr'><strong>Martini.</strong></span> 
     </span>
    </p>
   </div>
   <div class='ocr_carea' id='block_1_97' title="bbox 2329 3362 3821 3435">
    <p class='ocr_par' dir='ltr' id='par_1_97' title="bbox 2329 3362 3821 3435">
     <span class='ocr_line' id='line_1_97' title="bbox 2329 3362 3821 3435; baseline 0.002 -17"><span class='ocrx_word' id='word_1_732' title='bbox 2329 3366 2388 3419; x_wconf 89' lang='lat' dir='ltr'><strong>V.</strong></span> <span class='ocrx_word' id='word_1_733' title='bbox 2422 3363 2658 3433; x_wconf 86' lang='lat' dir='ltr'><strong>Denique</strong></span> <span class='ocrx_word' id='word_1_734' title='bbox 2690 3372 2713 3399; x_wconf 82' lang='lat'><strong><em>°</em></strong></span> <span class='ocrx_word' id='word_1_735' title='bbox 2745 3377 2864 3417; x_wconf 88' lang='lat' dir='ltr'><strong>cum</strong></span> <span class='ocrx_word' id='word_1_736' title='bbox 2897 3362 3082 3416; x_wconf 89' lang='lat' dir='ltr'><strong>beatus</strong></span> <span class='ocrx_word' id='word_1_737' title='bbox 3104 3362 3452 3429; x_wconf 85' lang='lat' dir='ltr'><strong>Quintianus,</strong></span> <span class='ocrx_word' id='word_1_738' title='bbox 3480 3365 3621 3419; x_wconf 79' lang='lat' dir='ltr'><strong>sicut</strong></span> <span class='ocrx_word' id='word_1_739' title='bbox 3654 3381 3821 3435; x_wconf 83' lang='lat' dir='ltr'><strong>supra</strong></span> 
     </span>
    </p>
   </div>
   <div class='ocr_carea' id='block_1_98' title="bbox 2246 3455 3821 3531">
    <p class='ocr_par' dir='ltr' id='par_1_98' title="bbox 2246 3455 3821 3531">
     <span class='ocr_line' id='line_1_98' title="bbox 2246 3455 3821 3531; baseline 0.004 -20"><span class='ocrx_word' id='word_1_740' title='bbox 2246 3456 2497 3523; x_wconf 77' lang='lat' dir='ltr'><strong>diximus,</strong></span> <span class='ocrx_word' id='word_1_741' title='bbox 2524 3460 2590 3511; x_wconf 89' lang='lat' dir='ltr'><strong>ab</strong></span> <span class='ocrx_word' id='word_1_742' title='bbox 2620 3457 2720 3510; x_wconf 89' lang='lat' dir='ltr'><strong>Itoc</strong></span> <span class='ocrx_word' id='word_1_743' title='bbox 2752 3455 2948 3509; x_wconf 89' lang='lat' dir='ltr'><strong>mundo</strong></span> <span class='ocrx_word' id='word_1_744' title='bbox 2974 3456 3251 3526; x_wconf 87' lang='lat' dir='ltr'><strong>migrasset</strong></span> <span class='ocrx_word' id='word_1_745' title='bbox 3272 3500 3285 3523; x_wconf 90' lang='lat'><strong>,</strong></span> <span class='ocrx_word' id='word_1_746' title='bbox 3311 3467 3522 3531; x_wconf 80' lang='lat' dir='ltr'><strong>sanctus</strong></span> <span class='ocrx_word' id='word_1_747' title='bbox 3548 3459 3739 3517; x_wconf 85' lang='lat' dir='ltr'><strong>Gallus</strong></span> <span class='ocrx_word' id='word_1_748' title='bbox 3767 3464 3821 3517; x_wconf 79' lang='lat' dir='ltr'><strong>in</strong></span> 
     </span>
    </p>
   </div>
   <div class='ocr_carea' id='block_1_99' title="bbox 2246 3551 3823 3620">
    <p class='ocr_par' dir='ltr' id='par_1_99' title="bbox 2246 3551 3823 3620">
     <span class='ocr_line' id='line_1_99' title="bbox 2246 3551 3823 3620; baseline 0.008 -20"><span class='ocrx_word' id='word_1_749' title='bbox 2246 3551 2361 3619; x_wconf 84' lang='lat' dir='ltr'><strong>ejus</strong></span> <span class='ocrx_word' id='word_1_750' title='bbox 2399 3552 2735 3615; x_wconf 84' lang='lat' dir='ltr'><strong>ealltedram,</strong></span> <span class='ocrx_word' id='word_1_751' title='bbox 2785 3566 2908 3620; x_wconf 83' lang='lat' dir='ltr'><strong>rege</strong></span> <span class='ocrx_word' id='word_1_752' title='bbox 2952 3551 3247 3616; x_wconf 77' lang='lat' dir='ltr'><strong>Opitulante</strong></span> <span class='ocrx_word' id='word_1_753' title='bbox 3274 3592 3289 3617; x_wconf 93' lang='lat'><strong>,</strong></span> <span class='ocrx_word' id='word_1_754' title='bbox 3336 3554 3661 3617; x_wconf 81' lang='lat' dir='ltr'><strong>substitutus</strong></span> <span class='ocrx_word' id='word_1_755' title='bbox 3717 3568 3823 3613; x_wconf 80' lang='lat' dir='ltr'><strong>est.</strong></span> 
     </span>
    </p>
   </div>
   <div class='ocr_carea' id='block_1_100' title="bbox 2250 3641 3821 3714">
    <p class='ocr_par' dir='ltr' id='par_1_100' title="bbox 2250 3641 3821 3714">
     <span class='ocr_line' id='line_1_100' title="bbox 2250 3641 3821 3714; baseline 0.002 -16"><span class='ocrx_word' id='word_1_756' title='bbox 2250 3644 2416 3712; x_wconf 91' lang='lat' dir='ltr'><strong>llujus</strong></span> <span class='ocrx_word' id='word_1_757' title='bbox 2448 3652 2685 3711; x_wconf 89' lang='lat' dir='ltr'><strong>tempore</strong></span> <span class='ocrx_word' id='word_1_758' title='bbox 2713 3657 2834 3695; x_wconf 91' lang='lat' dir='ltr'><strong>cum</strong></span> <span class='ocrx_word' id='word_1_759' title='bbox 2876 3641 2991 3697; x_wconf 87' lang='lat' dir='ltr'><strong>lues</strong></span> <span class='ocrx_word' id='word_1_760' title='bbox 3025 3642 3110 3695; x_wconf 87' lang='lat' dir='ltr'><strong>illa</strong></span> <span class='ocrx_word' id='word_1_761' title='bbox 3136 3683 3151 3705; x_wconf 90' lang='lat'><strong>,</strong></span> <span class='ocrx_word' id='word_1_762' title='bbox 3186 3657 3342 3711; x_wconf 81' lang='lat' dir='ltr'><strong>quam</strong></span> <span class='ocrx_word' id='word_1_763' title='bbox 3401 3643 3762 3714; x_wconf 85' lang='lat' dir='ltr'><strong>inguinariam</strong></span> <span class='ocrx_word' id='word_1_764' title='bbox 3796 3648 3821 3687; x_wconf 65' lang='grc' dir='ltr'><em>τ</em></span> 
     </span>
    </p>
   </div>
   <div class='ocr_carea' id='block_1_101' title="bbox 2251 3733 3824 3804">
    <p class='ocr_par' dir='ltr' id='par_1_101' title="bbox 2251 3733 3824 3804">
     <span class='ocr_line' id='line_1_101' title="bbox 2251 3733 3824 3804; baseline 0.003 -15"><span class='ocrx_word' id='word_1_765' title='bbox 2251 3746 2464 3800; x_wconf 86' lang='lat' dir='ltr'><strong>vocant,</strong></span> <span class='ocrx_word' id='word_1_766' title='bbox 2493 3750 2588 3804; x_wconf 91' lang='lat' dir='ltr'><strong>per</strong></span> <span class='ocrx_word' id='word_1_767' title='bbox 2615 3736 2852 3789; x_wconf 84' lang='lat' dir='ltr'><strong>diversas</strong></span> <span class='ocrx_word' id='word_1_768' title='bbox 2877 3733 3118 3803; x_wconf 74' lang='lat' dir='ltr'><strong>regiones</strong></span> <span class='ocrx_word' id='word_1_769' title='bbox 3146 3736 3462 3802; x_wconf 64' lang='lat' dir='ltr'><strong>desteviret,</strong></span> <span class='ocrx_word' id='word_1_770' title='bbox 3497 3748 3551 3791; x_wconf 89' lang='lat' dir='ltr'><strong>et</strong></span> <span class='ocrx_word' id='word_1_771' title='bbox 3580 3742 3824 3795; x_wconf 80' lang='lat' dir='ltr'><strong>maxime</strong></span> 
     </span>
    </p>
   </div>
   <div class='ocr_carea' id='block_1_102' title="bbox 2252 3824 3828 3895">
    <p class='ocr_par' dir='ltr' id='par_1_102' title="bbox 2252 3824 3828 3895">
     <span class='ocr_line' id='line_1_102' title="bbox 2252 3824 3828 3895; baseline 0.003 -15"><span class='ocrx_word' id='word_1_772' title='bbox 2252 3835 2374 3881; x_wconf 90' lang='lat' dir='ltr'><strong>tunc</strong></span> <span class='ocrx_word' id='word_1_773' title='bbox 2397 3826 2759 3879; x_wconf 83' lang='lat' dir='ltr'><strong>Arelatensem</strong></span> <span class='ocrx_word' id='word_1_774' title='bbox 2786 3825 3113 3893; x_wconf 88' lang='lat' dir='ltr'><strong>provinciam</strong></span> <span class='ocrx_word' id='word_1_775' title='bbox 3136 3824 3574 3895; x_wconf 83' lang='lat' dir='ltr'><strong>depopularetur,</strong></span> <span class='ocrx_word' id='word_1_776' title='bbox 3598 3839 3828 3885; x_wconf 80' lang='lat' dir='ltr'><strong>sanctus</strong></span> 
     </span>
    </p>
   </div>
   <div class='ocr_carea' id='block_1_103' title="bbox 2251 3920 3827 3989">
    <p class='ocr_par' dir='ltr' id='par_1_103' title="bbox 2251 3920 3827 3989">
     <span class='ocr_line' id='line_1_103' title="bbox 2251 3920 3827 3989; baseline 0.001 -13"><span class='ocrx_word' id='word_1_777' title='bbox 2251 3920 2435 3976; x_wconf 85' lang='lat' dir='ltr'><strong>Gallus</strong></span> <span class='ocrx_word' id='word_1_778' title='bbox 2464 3934 2574 3973; x_wconf 91' lang='lat' dir='ltr'><strong>non</strong></span> <span class='ocrx_word' id='word_1_779' title='bbox 2603 3926 2806 3972; x_wconf 84' lang='lat' dir='ltr'><strong>tantum</strong></span> <span class='ocrx_word' id='word_1_780' title='bbox 2840 3933 2935 3985; x_wconf 91' lang='lat' dir='ltr'><strong>pro</strong></span> <span class='ocrx_word' id='word_1_781' title='bbox 2964 3932 3054 3982; x_wconf 88' lang='lat' dir='ltr'><strong>se,</strong></span> <span class='ocrx_word' id='word_1_782' title='bbox 3090 3929 3341 3987; x_wconf 87' lang='lat' dir='ltr'><strong>quantum</strong></span> <span class='ocrx_word' id='word_1_783' title='bbox 3373 3935 3467 3988; x_wconf 93' lang='lat' dir='ltr'><strong>pro</strong></span> <span class='ocrx_word' id='word_1_784' title='bbox 3493 3922 3693 3989; x_wconf 89' lang='lat' dir='ltr'><strong>populo</strong></span> <span class='ocrx_word' id='word_1_785' title='bbox 3724 3939 3827 3977; x_wconf 86' lang='lat' dir='ltr'><strong>suo</strong></span> 
     </span>
    </p>
   </div>
   <div class='ocr_carea' id='block_1_104' title="bbox 2254 4008 3827 4081">
    <p class='ocr_par' dir='ltr' id='par_1_104' title="bbox 2254 4008 3827 4081">
     <span class='ocr_line' id='line_1_104' title="bbox 2254 4008 3827 4081; baseline 0.001 -14"><span class='ocrx_word' id='word_1_786' title='bbox 2254 4013 2491 4081; x_wconf 92' lang='lat' dir='ltr'><strong>trepidus</strong></span> <span class='ocrx_word' id='word_1_787' title='bbox 2520 4019 2654 4065; x_wconf 89' lang='lat' dir='ltr'><strong>erat.</strong></span> <span class='ocrx_word' id='word_1_788' title='bbox 2683 4008 2922 4074; x_wconf 88' lang='lat' dir='ltr'><strong>Cumque</strong></span> <span class='ocrx_word' id='word_1_789' title='bbox 2963 4008 3052 4062; x_wconf 91' lang='lat' dir='ltr'><strong>diu</strong></span> <span class='ocrx_word' id='word_1_790' title='bbox 3091 4019 3357 4078; x_wconf 85' lang='lat' dir='ltr'><strong>noctuque</strong></span> <span class='ocrx_word' id='word_1_791' title='bbox 3401 4012 3682 4067; x_wconf 91' lang='lat' dir='ltr'><strong>Dominum</strong></span> <span class='ocrx_word' id='word_1_792' title='bbox 3726 4016 3827 4068; x_wconf 85' lang='lat' dir='ltr'><strong>de-</strong></span> 
     </span>
    </p>
   </div>
   <div class='ocr_carea' id='block_1_105' title="bbox 2254 4099 3826 4174">
    <p class='ocr_par' dir='ltr' id='par_1_105' title="bbox 2254 4099 3826 4174">
     <span class='ocr_line' id='line_1_105' title="bbox 2254 4099 3826 4174; baseline 0.001 -16"><span class='ocrx_word' id='word_1_793' title='bbox 2254 4113 2584 4174; x_wconf 88' lang='lat' dir='ltr'><strong>precaretur,</strong></span> <span class='ocrx_word' id='word_1_794' title='bbox 2619 4108 2674 4154; x_wconf 92' lang='lat' dir='ltr'><strong>ut</strong></span> <span class='ocrx_word' id='word_1_795' title='bbox 2703 4101 2884 4155; x_wconf 83' lang='lat' dir='ltr'><strong>vivens</strong></span> <span class='ocrx_word' id='word_1_796' title='bbox 2914 4099 3120 4170; x_wconf 85' lang='lat' dir='ltr'><strong>plebem</strong></span> <span class='ocrx_word' id='word_1_797' title='bbox 3151 4117 3298 4155; x_wconf 87' lang='lat' dir='ltr'><strong>suam</strong></span> <span class='ocrx_word' id='word_1_798' title='bbox 3330 4104 3528 4156; x_wconf 73' lang='lat' dir='ltr'><strong>vastari</strong></span> <span class='ocrx_word' id='word_1_799' title='bbox 3566 4120 3671 4157; x_wconf 91' lang='lat' dir='ltr'><strong>non</strong></span> <span class='ocrx_word' id='word_1_800' title='bbox 3702 4121 3826 4159; x_wconf 84' lang='lat' dir='ltr'><strong>cer-</strong></span> 
     </span>
    </p>
   </div>
   <div class='ocr_carea' id='block_1_106' title="bbox 2255 4192 3826 4263">
    <p class='ocr_par' dir='ltr' id='par_1_106' title="bbox 2255 4192 3826 4263">
     <span class='ocr_line' id='line_1_106' title="bbox 2255 4192 3826 4263; baseline 0.001 -13"><span class='ocrx_word' id='word_1_801' title='bbox 2255 4206 2424 4259; x_wconf 80' lang='lat' dir='ltr'><strong>neret,</strong></span> <span class='ocrx_word' id='word_1_802' title='bbox 2458 4209 2550 4263; x_wconf 88' lang='lat' dir='ltr'><strong>per</strong></span> <span class='ocrx_word' id='word_1_803' title='bbox 2580 4195 2751 4246; x_wconf 86' lang='lat' dir='ltr'><strong>visum</strong></span> <span class='ocrx_word' id='word_1_804' title='bbox 2777 4192 2945 4247; x_wconf 70' lang='lat' dir='ltr'><strong>noctis</strong></span> <span class='ocrx_word' id='word_1_805' title='bbox 2972 4194 3214 4261; x_wconf 88' lang='lat' dir='ltr'><strong>apparuit</strong></span> <span class='ocrx_word' id='word_1_806' title='bbox 3242 4194 3288 4247; x_wconf 88' lang='lat' dir='ltr'><strong>ei</strong></span> <span class='ocrx_word' id='word_1_807' title='bbox 3317 4195 3538 4263; x_wconf 81' lang='lat' dir='ltr'><strong>angelus</strong></span> <span class='ocrx_word' id='word_1_808' title='bbox 3578 4197 3826 4263; x_wconf 86' lang='lat' dir='ltr'><strong>Domini,</strong></span> 
     </span>
    </p>
   </div>
   <div class='ocr_carea' id='block_1_107' title="bbox 2256 4349 3833 4425">
    <p class='ocr_par' dir='ltr' id='par_1_107' title="bbox 2256 4349 3833 4425">
     <span class='ocr_line' id='line_1_107' title="bbox 2256 4349 3833 4425; baseline -0.004 -13"><span class='ocrx_word' id='word_1_809' title='bbox 2256 4356 2543 4425; x_wconf 81' lang='lat' dir='ltr'><strong>Gregorius</strong></span> <span class='ocrx_word' id='word_1_810' title='bbox 2566 4355 2670 4417; x_wconf 86' lang='lat' dir='ltr'><strong>hic,</strong></span> <span class='ocrx_word' id='word_1_811' title='bbox 2700 4362 2752 4407; x_wconf 94' lang='lat' dir='ltr'><strong>et</strong></span> <span class='ocrx_word' id='word_1_812' title='bbox 2780 4352 2910 4425; x_wconf 84' lang='lat' dir='ltr'><strong>alias</strong></span> <span class='ocrx_word' id='word_1_813' title='bbox 2939 4365 3040 4425; x_wconf 79' lang='lat' dir='ltr'><strong>non</strong></span> <span class='ocrx_word' id='word_1_814' title='bbox 3064 4349 3251 4425; x_wconf 83' lang='lat' dir='ltr'><strong>semel,</strong></span> <span class='ocrx_word' id='word_1_815' title='bbox 3284 4349 3725 4425; x_wconf 80' lang='lat' dir='ltr'><strong>designaverunt.</strong></span> <span class='ocrx_word' id='word_1_816' title='bbox 3766 4355 3833 4405; x_wconf 77' lang='lat' dir='ltr'><strong>Et</strong></span> 
     </span>
    </p>
   </div>
   <div class='ocr_carea' id='block_1_108' title="bbox 2181 4419 3833 4521">
    <p class='ocr_par' dir='ltr' id='par_1_108' title="bbox 2181 4419 3833 4521">
     <span class='ocr_line' id='line_1_108' title="bbox 2181 4419 3833 4521; baseline -0.001 -44"><span class='ocrx_word' id='word_1_817' title='bbox 2181 4460 2231 4521; x_wconf 67' lang='grc' dir='ltr'><strong>Β</strong></span> <span class='ocrx_word' id='word_1_818' title='bbox 2256 4419 2469 4521; x_wconf 51' lang='lat' dir='ltr'><strong>quidem</strong></span> <span class='ocrx_word' id='word_1_819' title='bbox 2496 4427 2791 4479; x_wconf 89' lang='lat' dir='ltr'><strong>Brittonutu</strong></span> <span class='ocrx_word' id='word_1_820' title='bbox 2817 4422 3080 4521; x_wconf 61' lang='lat' dir='ltr'><strong>prittc&#39;ipesl</strong></span> <span class='ocrx_word' id='word_1_821' title='bbox 3102 4422 3296 4483; x_wconf 66' lang='lat' dir='ltr'><strong>saepius</strong></span> <span class='ocrx_word' id='word_1_822' title='bbox 3312 4419 3569 4500; x_wconf 76' lang='lat' dir='ltr'><strong>adversus</strong></span> <span class='ocrx_word' id='word_1_823' title='bbox 3591 4421 3833 4521; x_wconf 60' lang='lat' dir='ltr'><strong>Praua»:</strong></span> 
     </span>
     <span class='ocr_line' id='line_1_109' title="bbox 2300 4500 3773 4521; baseline 0 0"><span class='ocrx_word' id='word_1_824' title='bbox 2300 4517 2317 4521; x_wconf 49' lang='grc' dir='ltr'><em>Α</em></span> <span class='ocrx_word' id='word_1_825' title='bbox 2371 4513 2454 4521; x_wconf 69' lang='grc' dir='ltr'>---ι-ιι</span> <span class='ocrx_word' id='word_1_826' title='bbox 2508 4510 2720 4521; x_wconf 57' lang='grc' dir='ltr'>ηηιιιιη-Ιι</span> <span class='ocrx_word' id='word_1_827' title='bbox 2803 4506 2912 4521; x_wconf 56' lang='grc' dir='ltr'>ιιι-ια</span> <span class='ocrx_word' id='word_1_828' title='bbox 2978 4506 3053 4521; x_wconf 74' lang='lat' dir='ltr'><strong>ann</strong></span> <span class='ocrx_word' id='word_1_829' title='bbox 3080 4504 3156 4521; x_wconf 70' lang='lat' dir='ltr'><strong>\nc</strong></span> <span class='ocrx_word' id='word_1_830' title='bbox 3201 4504 3407 4521; x_wconf 68' lang='grc' dir='ltr'>ομηιιιοιι</span> <span class='ocrx_word' id='word_1_831' title='bbox 3433 4504 3509 4521; x_wconf 72' lang='lat' dir='ltr'><strong>nc-</strong></span> <span class='ocrx_word' id='word_1_832' title='bbox 3541 4500 3663 4521; x_wconf 64' lang='grc' dir='ltr'>Ωιι-ι.</span> <span class='ocrx_word' id='word_1_833' title='bbox 3731 4509 3773 4521; x_wconf 59' lang='grc' dir='ltr'>ιι.</span> 
     </span>
    </p>
   </div>
   <div class='ocr_carea' id='block_1_109' title="bbox 2259 4491 3835 4564">
    <p class='ocr_par' dir='ltr' id='par_1_109' title="bbox 2259 4491 3835 4564">
     <span class='ocr_line' id='line_1_110' title="bbox 2259 4491 3835 4564; baseline -0.009 -10"><span class='ocrx_word' id='word_1_834' title='bbox 2259 4491 2457 4553; x_wconf 82' lang='lat' dir='ltr'><strong>bellum</strong></span> <span class='ocrx_word' id='word_1_835' title='bbox 2506 4510 2755 4564; x_wconf 80' lang='lat' dir='ltr'><strong>gessere,</strong></span> <span class='ocrx_word' id='word_1_836' title='bbox 2803 4494 2914 4564; x_wconf 86' lang='lat' dir='ltr'><strong>suis</strong></span> <span class='ocrx_word' id='word_1_837' title='bbox 2940 4491 3158 4564; x_wconf 78' lang='lat' dir='ltr'><strong>legibus</strong></span> <span class='ocrx_word' id='word_1_838' title='bbox 3183 4504 3407 4564; x_wconf 33' lang='lat' dir='ltr'><strong>‘st‘mper</strong></span> <span class='ocrx_word' id='word_1_839' title='bbox 3433 4491 3510 4542; x_wconf 92' lang='lat' dir='ltr'><strong>usi</strong></span> <span class='ocrx_word' id='word_1_840' title='bbox 3541 4500 3696 4556; x_wconf 90' lang='lat' dir='ltr'><strong>sunt,</strong></span> <span class='ocrx_word' id='word_1_841' title='bbox 3731 4496 3835 4545; x_wconf 69' lang='lat' dir='ltr'><strong>sib</strong></span> 
     </span>
    </p>
   </div>
   <div class='ocr_carea' id='block_1_110' title="bbox 2259 4558 3835 4630">
    <p class='ocr_par' dir='ltr' id='par_1_110' title="bbox 2259 4558 3835 4630">
     <span class='ocr_line' id='line_1_111' title="bbox 2259 4558 3835 4630; baseline -0.005 -8"><span class='ocrx_word' id='word_1_842' title='bbox 2259 4558 2594 4622; x_wconf 55' lang='lat' dir='ltr'><strong>hereditariis</strong></span> <span class='ocrx_word' id='word_1_843' title='bbox 2624 4566 2736 4617; x_wconf 66' lang='lat' dir='ltr'><strong>suis</strong></span> <span class='ocrx_word' id='word_1_844' title='bbox 2781 4560 3107 4630; x_wconf 88' lang='lat' dir='ltr'><strong>principibus</strong></span> <span class='ocrx_word' id='word_1_845' title='bbox 3146 4558 3413 4620; x_wconf 86' lang='lat' dir='ltr'><strong>viventes,</strong></span> <span class='ocrx_word' id='word_1_846' title='bbox 3462 4576 3579 4611; x_wconf 89' lang='lat' dir='ltr'><strong>eum</strong></span> <span class='ocrx_word' id='word_1_847' title='bbox 3620 4564 3673 4613; x_wconf 92' lang='lat' dir='ltr'><strong>in</strong></span> <span class='ocrx_word' id='word_1_848' title='bbox 3708 4565 3835 4615; x_wconf 84' lang='lat' dir='ltr'><strong>altis</strong></span> 
     </span>
    </p>
   </div>
   <div class='ocr_carea' id='block_1_111' title="bbox 2256 4630 3831 4709">
    <p class='ocr_par' dir='ltr' id='par_1_111' title="bbox 2256 4630 3831 4709">
     <span class='ocr_line' id='line_1_112' title="bbox 2256 4630 3831 4709; baseline -0.004 -18"><span class='ocrx_word' id='word_1_849' title='bbox 2256 4636 2560 4709; x_wconf 81' lang='lat' dir='ltr'><strong>regionibus</strong></span> <span class='ocrx_word' id='word_1_850' title='bbox 2591 4634 2812 4689; x_wconf 82' lang='lat' dir='ltr'><strong>comites</strong></span> <span class='ocrx_word' id='word_1_851' title='bbox 2842 4641 2933 4683; x_wconf 90' lang='lat' dir='ltr'><strong>aut</strong></span> <span class='ocrx_word' id='word_1_852' title='bbox 2963 4630 3123 4684; x_wconf 86' lang='lat' dir='ltr'><strong>duces</strong></span> <span class='ocrx_word' id='word_1_853' title='bbox 3147 4636 3447 4709; x_wconf 77' lang='lat' dir='ltr'><strong>nostrorum</strong></span> <span class='ocrx_word' id='word_1_854' title='bbox 3482 4644 3663 4698; x_wconf 77' lang='lat' dir='ltr'><strong>regum</strong></span> <span class='ocrx_word' id='word_1_855' title='bbox 3694 4647 3831 4686; x_wconf 84' lang='lat' dir='ltr'><strong>nun</strong></span> 
     </span>
    </p>
   </div>
   <div class='ocr_carea' id='block_1_112' title="bbox 2255 4698 3835 4777">
    <p class='ocr_par' dir='ltr' id='par_1_112' title="bbox 2255 4698 3835 4777">
     <span class='ocr_line' id='line_1_113' title="bbox 2255 4698 3835 4777; baseline -0.006 -14"><span class='ocrx_word' id='word_1_856' title='bbox 2255 4698 2564 4777; x_wconf 56' lang='lat' dir='ltr'><strong>frequenter</strong></span> <span class='ocrx_word' id='word_1_857' title='bbox 2608 4711 2955 4777; x_wconf 81' lang='lat' dir='ltr'><strong>mutarentur.</strong></span> <span class='ocrx_word' id='word_1_858' title='bbox 2989 4704 3111 4777; x_wconf 81' lang='lat' dir='ltr'><strong>l_l_:ec</strong></span> <span class='ocrx_word' id='word_1_859' title='bbox 3145 4713 3238 4777; x_wconf 68' lang='lat' dir='ltr'><strong>pro</strong></span> <span class='ocrx_word' id='word_1_860' title='bbox 3279 4698 3473 4751; x_wconf 86' lang='lat' dir='ltr'><strong>tuenda</strong></span> <span class='ocrx_word' id='word_1_861' title='bbox 3515 4700 3654 4777; x_wconf 64' lang='lat' dir='ltr'><strong>apud</strong></span> <span class='ocrx_word' id='word_1_862' title='bbox 3695 4702 3835 4756; x_wconf 83' lang='lat' dir='ltr'><strong>Brit-</strong></span> 
     </span>
    </p>
   </div>
   <div class='ocr_carea' id='block_1_113' title="bbox 2257 4769 3835 4846">
    <p class='ocr_par' dir='ltr' id='par_1_113' title="bbox 2257 4769 3835 4846">
     <span class='ocr_line' id='line_1_114' title="bbox 2257 4769 3835 4846; baseline -0.004 -14"><span class='ocrx_word' id='word_1_863' title='bbox 2257 4769 2408 4833; x_wconf 77' lang='lat' dir='ltr'><strong>tones</strong></span> <span class='ocrx_word' id='word_1_864' title='bbox 2434 4778 2572 4846; x_wconf 82' lang='lat' dir='ltr'><strong>regia</strong></span> <span class='ocrx_word' id='word_1_865' title='bbox 2601 4775 2887 4843; x_wconf 81' lang='lat' dir='ltr'><strong>dignitate;</strong></span> <span class='ocrx_word' id='word_1_866' title='bbox 2923 4769 3229 4846; x_wconf 33' lang='lat' dir='ltr'><strong>quibus-alit</strong></span> <span class='ocrx_word' id='word_1_867' title='bbox 3264 4780 3538 4834; x_wconf 76' lang='lat' dir='ltr'><strong>apponunt</strong></span> <span class='ocrx_word' id='word_1_868' title='bbox 3579 4769 3835 4839; x_wconf 66' lang='lat' dir='ltr'><strong>Gregor&#39;i</strong></span> 
     </span>
    </p>
   </div>
   <div class='ocr_carea' id='block_1_114' title="bbox 2260 4840 3837 4917">
    <p class='ocr_par' dir='ltr' id='par_1_114' title="bbox 2260 4840 3837 4917">
     <span class='ocr_line' id='line_1_115' title="bbox 2260 4840 3837 4917; baseline -0.008 -12"><span class='ocrx_word' id='word_1_869' title='bbox 2260 4852 2455 4910; x_wconf 91' lang='lat' dir='ltr'><strong>locum,</strong></span> <span class='ocrx_word' id='word_1_870' title='bbox 2490 4840 2647 4917; x_wconf 73' lang='lat' dir='ltr'><strong>quem</strong></span> <span class='ocrx_word' id='word_1_871' title='bbox 2666 4840 3007 4917; x_wconf 71' lang='lat' dir='ltr'><strong>illustrautns</strong></span> <span class='ocrx_word' id='word_1_872' title='bbox 3028 4840 3405 4917; x_wconf 78' lang='lat' dir='ltr'><strong>,_aliorutnqm-</strong></span> <span class='ocrx_word' id='word_1_873' title='bbox 3431 4850 3665 4891; x_wconf 81' lang='lat' dir='ltr'><strong>vett-rum</strong></span> <span class='ocrx_word' id='word_1_874' title='bbox 3699 4845 3837 4894; x_wconf 84' lang='lat' dir='ltr'><strong>scti-</strong></span> 
     </span>
    </p>
   </div>
   <div class='ocr_carea' id='block_1_115' title="bbox 2261 4909 3835 4989">
    <p class='ocr_par' dir='ltr' id='par_1_115' title="bbox 2261 4909 3835 4989">
     <span class='ocr_line' id='line_1_116' title="bbox 2261 4909 3835 4989; baseline -0.004 -18"><span class='ocrx_word' id='word_1_875' title='bbox 2261 4909 2471 4989; x_wconf 80' lang='lat' dir='ltr'><strong>piorum</strong></span> <span class='ocrx_word' id='word_1_876' title='bbox 2498 4909 2889 4989; x_wconf 76' lang='lat' dir='ltr'><strong>auctoritatem,</strong></span> <span class='ocrx_word' id='word_1_877' title='bbox 2915 4910 3235 4989; x_wconf 33' lang='lat' dir='ltr'><strong>qni‘disertc</strong></span> <span class='ocrx_word' id='word_1_878' title='bbox 3272 4919 3517 4989; x_wconf 64' lang='lat' dir='ltr'><strong>ft~seru_nt</strong></span> <span class='ocrx_word' id='word_1_879' title='bbox 3564 4909 3835 4966; x_wconf 82' lang='lat' dir='ltr'><strong>Brittooes</strong></span> 
     </span>
    </p>
   </div>
   <div class='ocr_carea' id='block_1_116' title="bbox 2263 4977 3837 5054">
    <p class='ocr_par' dir='ltr' id='par_1_116' title="bbox 2263 4977 3837 5054">
     <span class='ocr_line' id='line_1_117' title="bbox 2263 4977 3837 5054; baseline -0.005 -12"><span class='ocrx_word' id='word_1_880' title='bbox 2263 4977 2587 5045; x_wconf 68' lang='lat' dir='ltr'><strong>Francorum</strong></span> <span class='ocrx_word' id='word_1_881' title='bbox 2635 4984 2847 5054; x_wconf 83' lang='lat' dir='ltr'><strong>regibus</strong></span> <span class='ocrx_word' id='word_1_882' title='bbox 2882 4977 3151 5054; x_wconf 81' lang='lat' dir='ltr'><strong>paruisse;</strong></span> <span class='ocrx_word' id='word_1_883' title='bbox 3194 4977 3389 5046; x_wconf 85' lang='lat' dir='ltr'><strong>quibus</strong></span> <span class='ocrx_word' id='word_1_884' title='bbox 3419 4980 3674 5046; x_wconf 77' lang='lat' dir='ltr'><strong>aliisque,</strong></span> <span class='ocrx_word' id='word_1_885' title='bbox 3713 4996 3837 5047; x_wconf 66' lang='lat' dir='ltr'><strong>qua</strong></span> 
     </span>
    </p>
   </div>
   <div class='ocr_carea' id='block_1_117' title="bbox 2256 5050 3828 5126">
    <p class='ocr_par' dir='ltr' id='par_1_117' title="bbox 2256 5050 3828 5126">
     <span class='ocr_line' id='line_1_118' title="bbox 2256 5050 3828 5126; baseline -0.005 -13"><span class='ocrx_word' id='word_1_886' title='bbox 2256 5062 2428 5114; x_wconf 85' lang='lat' dir='ltr'><strong>fusius</strong></span> <span class='ocrx_word' id='word_1_887' title='bbox 2456 5057 2677 5126; x_wconf 84' lang='lat' dir='ltr'><strong>exponit</strong></span> <span class='ocrx_word' id='word_1_888' title='bbox 2698 5050 2944 5126; x_wconf 68' lang='lat' dir='ltr'><strong>Valesius</strong></span> <span class='ocrx_word' id='word_1_889' title='bbox 2967 5091 2982 5115; x_wconf 92' lang='lat'><strong>,</strong></span> <span class='ocrx_word' id='word_1_890' title='bbox 3013 5050 3353 5126; x_wconf 73' lang='lat' dir='ltr'><strong>antiquorum</strong></span> <span class='ocrx_word' id='word_1_891' title='bbox 3381 5059 3658 5126; x_wconf 80' lang='lat' dir='ltr'><strong>auctorum</strong></span> <span class='ocrx_word' id='word_1_892' title='bbox 3692 5050 3828 5105; x_wconf 67' lang='lat' dir='ltr'><strong>locis</strong></span> 
     </span>
    </p>
   </div>
   <div class='ocr_carea' id='block_1_118' title="bbox 2253 5118 3837 5198">
    <p class='ocr_par' dir='ltr' id='par_1_118' title="bbox 2253 5118 3837 5198">
     <span class='ocr_line' id='line_1_119' title="bbox 2253 5118 3837 5198; baseline -0.011 -12"><span class='ocrx_word' id='word_1_893' title='bbox 2253 5118 2822 5198; x_wconf 43' lang='lat' dir='ltr'><strong>expensisfconcludit</strong></span> <span class='ocrx_word' id='word_1_894' title='bbox 2849 5122 3145 5198; x_wconf 51' lang='lat' dir='ltr'><strong>Brittones.</strong></span> <span class='ocrx_word' id='word_1_895' title='bbox 3172 5119 3273 5198; x_wconf 79' lang='lat' dir='ltr'><strong>etsi</strong></span> <span class='ocrx_word' id='word_1_896' title='bbox 3299 5118 3503 5198; x_wconf 61' lang='lat' dir='ltr'><strong>saepius</strong></span> <span class='ocrx_word' id='word_1_897' title='bbox 3540 5121 3709 5198; x_wconf 74' lang='lat' dir='ltr'><strong>armis</strong></span> <span class='ocrx_word' id='word_1_898' title='bbox 3738 5124 3837 5173; x_wconf 77' lang='lat' dir='ltr'><strong>do-</strong></span> 
     </span>
    </p>
   </div>
   <div class='ocr_carea' id='block_1_119' title="bbox 2259 5188 3837 5263">
    <p class='ocr_par' dir='ltr' id='par_1_119' title="bbox 2259 5188 3837 5263">
     <span class='ocr_line' id='line_1_120' title="bbox 2259 5188 3837 5263; baseline -0.006 -9"><span class='ocrx_word' id='word_1_899' title='bbox 2259 5188 2438 5261; x_wconf 51' lang='lat' dir='ltr'><strong>nti&#39;tos,</strong></span> <span class='ocrx_word' id='word_1_900' title='bbox 2468 5188 2733 5263; x_wconf 83' lang='lat' dir='ltr'><strong>nunquam</strong></span> <span class='ocrx_word' id='word_1_901' title='bbox 2765 5202 2941 5245; x_wconf 83' lang='lat' dir='ltr'><strong>tamen</strong></span> <span class='ocrx_word' id='word_1_902' title='bbox 2964 5200 3055 5244; x_wconf 91' lang='lat' dir='ltr'><strong>aut</strong></span> <span class='ocrx_word' id='word_1_903' title='bbox 3079 5188 3719 5263; x_wconf 71' lang='lat' dir='ltr'><strong>Me_r_ovingicze_f.tmili:e,</strong></span> <span class='ocrx_word' id='word_1_904' title='bbox 3745 5204 3837 5245; x_wconf 88' lang='lat' dir='ltr'><strong>aut</strong></span> 
     </span>
    </p>
   </div>
   <div class='ocr_carea' id='block_1_120' title="bbox 2260 5258 3835 5335">
    <p class='ocr_par' dir='ltr' id='par_1_120' title="bbox 2260 5258 3835 5335">
     <span class='ocr_line' id='line_1_121' title="bbox 2260 5258 3835 5335; baseline -0.006 -12"><span class='ocrx_word' id='word_1_905' title='bbox 2260 5258 2675 5335; x_wconf 68' lang='lat' dir='ltr'><strong>Caroloviagicm</strong></span> <span class='ocrx_word' id='word_1_906' title='bbox 2707 5263 3028 5317; x_wconf 86' lang='lat' dir='ltr'><strong>Francorum</strong></span> <span class='ocrx_word' id='word_1_907' title='bbox 3060 5258 3273 5330; x_wconf 86' lang='lat' dir='ltr'><strong>regibus</strong></span> <span class='ocrx_word' id='word_1_908' title='bbox 3292 5268 3439 5312; x_wconf 90' lang='lat' dir='ltr'><strong>certa</strong></span> <span class='ocrx_word' id='word_1_909' title='bbox 3461 5259 3681 5329; x_wconf 89' lang='lat' dir='ltr'><strong>imperii</strong></span> <span class='ocrx_word' id='word_1_910' title='bbox 3702 5277 3835 5316; x_wconf 85' lang='lat' dir='ltr'><strong>cou-</strong></span> 
     </span>
    </p>
   </div>
   <div class='ocr_carea' id='block_1_121' title="bbox 2260 5336 2776 5405">
    <p class='ocr_par' dir='ltr' id='par_1_121' title="bbox 2260 5336 2776 5405">
     <span class='ocr_line' id='line_1_122' title="bbox 2260 5336 2776 5405; baseline -0.016 -10"><span class='ocrx_word' id='word_1_911' title='bbox 2260 5340 2491 5396; x_wconf 86' lang='lat' dir='ltr'><strong>fessione</strong></span> <span class='ocrx_word' id='word_1_912' title='bbox 2519 5336 2776 5405; x_wconf 86' lang='lat' dir='ltr'><strong>paruisse.</strong></span> 
     </span>
    </p>
   </div>
   <div class='ocr_carea' id='block_1_122' title="bbox 2335 5398 3831 5474">
    <p class='ocr_par' dir='ltr' id='par_1_122' title="bbox 2335 5398 3831 5474">
     <span class='ocr_line' id='line_1_123' title="bbox 2335 5398 3831 5474; baseline -0.006 -10"><span class='ocrx_word' id='word_1_913' title='bbox 2335 5419 2358 5448; x_wconf 76' lang='lat'><strong><em>°</em></strong></span> <span class='ocrx_word' id='word_1_914' title='bbox 2402 5398 2552 5463; x_wconf 80' lang='lat' dir='ltr'><strong>Deest</strong></span> <span class='ocrx_word' id='word_1_915' title='bbox 2584 5408 2682 5458; x_wconf 87' lang='lat' dir='ltr'><strong>ltoc</strong></span> <span class='ocrx_word' id='word_1_916' title='bbox 2701 5412 2860 5472; x_wconf 81' lang='lat' dir='ltr'><strong>caput</strong></span> <span class='ocrx_word' id='word_1_917' title='bbox 2885 5403 2936 5456; x_wconf 92' lang='lat' dir='ltr'><strong>in</strong></span> <span class='ocrx_word' id='word_1_918' title='bbox 2958 5398 3501 5474; x_wconf 25' lang='lat' dir='ltr'><strong>Gorb.,ABell.,Colb.</strong></span> <span class='ocrx_word' id='word_1_919' title='bbox 3534 5408 3596 5474; x_wconf 73' lang='lat' dir='ltr'><strong>et</strong></span> <span class='ocrx_word' id='word_1_920' title='bbox 3618 5400 3749 5474; x_wconf 77' lang='lat' dir='ltr'><strong>Reg.</strong></span> <span class='ocrx_word' id='word_1_921' title='bbox 3776 5402 3831 5455; x_wconf 89' lang='lat' dir='ltr'><strong>S.</strong></span> 
     </span>
    </p>
   </div>
   <div class='ocr_carea' id='block_1_123' title="bbox 2264 5471 3623 5538">
    <p class='ocr_par' dir='ltr' id='par_1_123' title="bbox 2264 5471 3623 5538">
     <span class='ocr_line' id='line_1_124' title="bbox 2264 5471 3623 5538; baseline -0.01 -4"><span class='ocrx_word' id='word_1_922' title='bbox 2264 5481 2395 5535; x_wconf 84' lang='lat' dir='ltr'><strong>Galli</strong></span> <span class='ocrx_word' id='word_1_923' title='bbox 2426 5478 2539 5531; x_wconf 82' lang='lat' dir='ltr'><strong>Vita</strong></span> <span class='ocrx_word' id='word_1_924' title='bbox 2567 5471 2786 5529; x_wconf 85' lang='lat' dir='ltr'><strong>habetur</strong></span> <span class='ocrx_word' id='word_1_925' title='bbox 2816 5475 2953 5527; x_wconf 92' lang='lat' dir='ltr'><strong>inter</strong></span> <span class='ocrx_word' id='word_1_926' title='bbox 2986 5472 3131 5525; x_wconf 88' lang='lat' dir='ltr'><strong>Vitas</strong></span> <span class='ocrx_word' id='word_1_927' title='bbox 3158 5472 3393 5533; x_wconf 85' lang='lat' dir='ltr'><strong>Patrum,</strong></span> <span class='ocrx_word' id='word_1_928' title='bbox 3419 5486 3540 5538; x_wconf 86' lang='lat' dir='ltr'><strong>cap.</strong></span> <span class='ocrx_word' id='word_1_929' title='bbox 3566 5471 3623 5527; x_wconf 88' lang='lat'><strong>6.</strong></span> 
     </span>
    </p>
   </div>
   <div class='ocr_carea' id='block_1_124' title="bbox 2338 5542 3837 5610">
    <p class='ocr_par' dir='ltr' id='par_1_124' title="bbox 2338 5542 3837 5610">
     <span class='ocr_line' id='line_1_125' title="bbox 2338 5542 3837 5610; baseline -0.005 -7"><span class='ocrx_word' id='word_1_930' title='bbox 2338 5550 2357 5587; x_wconf 70' lang='grc' dir='ltr'><em>τ</em></span> <span class='ocrx_word' id='word_1_931' title='bbox 2401 5552 2487 5603; x_wconf 83' lang='lat' dir='ltr'><strong>Sir.</strong></span> <span class='ocrx_word' id='word_1_932' title='bbox 2516 5546 2813 5607; x_wconf 63' lang='lat' dir='ltr'><strong>dicebatur,</strong></span> <span class='ocrx_word' id='word_1_933' title='bbox 2842 5542 2984 5610; x_wconf 87' lang='lat' dir='ltr'><strong>quod</strong></span> <span class='ocrx_word' id='word_1_934' title='bbox 3018 5552 3269 5596; x_wconf 88' lang='lat' dir='ltr'><strong>nascente</strong></span> <span class='ocrx_word' id='word_1_935' title='bbox 3297 5545 3348 5595; x_wconf 94' lang='lat' dir='ltr'><strong>in</strong></span> <span class='ocrx_word' id='word_1_936' title='bbox 3378 5544 3593 5603; x_wconf 74' lang='lat' dir='ltr'><strong>inguine</strong></span> <span class='ocrx_word' id='word_1_937' title='bbox 3619 5584 3634 5605; x_wconf 93' lang='lat'><strong>,</strong></span> <span class='ocrx_word' id='word_1_938' title='bbox 3669 5544 3753 5597; x_wconf 90' lang='lat' dir='ltr'><strong>vel</strong></span> <span class='ocrx_word' id='word_1_939' title='bbox 3788 5544 3837 5598; x_wconf 81' lang='lat' dir='ltr'><strong>in</strong></span> 
     </span>
    </p>
   </div>
   <div class='ocr_carea' id='block_1_125' title="bbox 2270 5611 3658 5683">
    <p class='ocr_par' dir='ltr' id='par_1_125' title="bbox 2270 5611 3658 5683">
     <span class='ocr_line' id='line_1_126' title="bbox 2270 5611 3658 5683; baseline -0.007 -6"><span class='ocrx_word' id='word_1_940' title='bbox 2270 5621 2426 5677; x_wconf 86' lang='lat' dir='ltr'><strong>axilla</strong></span> <span class='ocrx_word' id='word_1_941' title='bbox 2457 5620 2655 5683; x_wconf 76' lang='lat' dir='ltr'><strong>ulcere,</strong></span> <span class='ocrx_word' id='word_1_942' title='bbox 2681 5616 2731 5668; x_wconf 92' lang='lat' dir='ltr'><strong>in</strong></span> <span class='ocrx_word' id='word_1_943' title='bbox 2760 5614 2974 5668; x_wconf 88' lang='lat' dir='ltr'><strong>modum</strong></span> <span class='ocrx_word' id='word_1_944' title='bbox 3005 5614 3267 5682; x_wconf 87' lang='lat' dir='ltr'><strong>serpentis</strong></span> <span class='ocrx_word' id='word_1_945' title='bbox 3299 5611 3658 5667; x_wconf 82' lang='lat' dir='ltr'><strong>interficeret.</strong></span> 
     </span>
    </p>
   </div>
  </div>
