3994 6194
148 261 235 317 ΞΠ
284 292 287 293 ν
1034 256 1350 314 HISTORIA
1391 252 1834 310 FBANCORUM.
1878 252 2079 309 LIBER
2117 252 2458 322 QUARTUS.

3259 256 3360 307 ΞΗ

145 373 219 443 qui
249 381 348 426 tam
391 368 704 434 caesariem,
745 380 903 436 quam
936 375 1138 421 vestem
1176 365 1329 437 155
1359 365 1410 419 in
1440 362 1686 419 similitu-
1714 363 1767 423 Α
1794 362 1978 432 viginti
2021 365 2176 418 annis
2220 366 2415 434 potior.
2448 364 2585 432 Quid
2620 367 2760 421 enim
2806 368 2935 422 mibi
2983 382 3122 423 nunc
3161 374 3360 436 restat,

142 468 248 520 dine
272 464 402 519 nivis
432 460 718 516 candidam
747 458 1036 523 eﬂerebat;
1068 468 1124 513 et
1152 459 1224 511 ait
1250 458 1315 510 ad
1345 470 1468 511 eum
1496 472 1509 508 :
1544 454 1689 510 Bene

142 561 264 614 enim
308 558 435 612 iacis
453 596 469 621 ,
499 570 531 610 ο
559 554 816 609 sacerdos
841 594 855 619 ,
883 554 1024 621 quod
1053 552 1134 608 sic
1160 550 1440 605 Dominum
1468 563 1563 618 pro
1592 563 1688 617 po-

144 650 249 720 pulo
276 659 362 703 tuo
387 647 660 715 supplicas
686 663 699 699 :
731 644 982 700 exaudita
1004 654 1087 698 est
1116 643 1260 698 enim
1291 641 1461 696 oratio
1482 630 1569 694 tua
1594 658 1607 704 ;
1637 648 1689 693 et

142 757 248 796 recc
272 741 378 795 eris
405 754 527 792 cum
559 738 757 806 populo
786 746 875 789 tuo
903 735 970 790 ab
1001 734 1103 789 hac
1143 733 1459 787 inﬁrmitate
1492 731 1689 785 libera-

140 845 225 897 tus,
254 833 532 901 nullusque
556 841 607 885 te
637 830 849 885 vivente
868 829 921 883 itt
943 827 1162 896 regione
1184 826 1283 880 ista
1312 826 1379 879 ab
1400 823 1498 877 bac
1514 833 1692 890 strage

138 922 376 990 deperiet.
427 920 580 974 Nunc
626 928 807 974 autem
857 933 925 973 ne
968 917 1198 971 timeas:
1230 924 1350 984 post
1394 922 1516 967 octo
1562 927 1691 966 vero

137 1025 286 1066 annos
330 1011 478 1064 time.
528 1009 679 1065 Unde
726 1009 1063 1062 manifestum
1110 1005 1239 1069 fuit,
1283 1003 1566 1058 transactis
1609 1001 1691 1056 bis

137 1100 309 1166 annis,
356 1115 481 1154 eum
530 1114 559 1151 a
611 1098 809 1152 saeculo
848 1096 1231 1151 discessurum.
1280 1093 1692 1161 Expergetactus

138 1200 300 1241 autem
326 1233 339 1253 ,
366 1198 422 1242 et
464 1188 576 1243 Deo
605 1188 804 1256 gratias
831 1201 926 1256 pro
957 1186 1055 1239 bac
1092 1183 1463 1238 consolatione
1487 1195 1653 1249 agens
1672 1221 1689 1246 ,

138 1280 266 1347 quod
293 1294 411 1332 eum
442 1293 537 1346 per
563 1278 838 1333 caelestem
885 1277 1130 1331 nuntium
1163 1272 1468 1330 confortare
1506 1270 1692 1340 digna-

144 1382 215 1424 tus
240 1381 339 1431 est.
373 1370 700 1437 [legationes
726 1369 840 1424 illas
866 1369 1130 1436 instituit,
1163 1376 1221 1421 ut
1250 1368 1421 1422 media
1449 1364 1685 1433 Quadra-

141 1463 319 1529 ge-‘ima
346 1461 642 1531 psallendo,
661 1462 728 1516 ad
754 1460 1025 1516 basilicam
1058 1462 1193 1515 beati
1220 1460 1415 1515 Juliani
1443 1455 1692 1525 martyris

143 1552 313 1607 itinere
339 1553 573 1620 pedestri
605 1553 871 1607 venirent.
903 1551 1038 1607 Sunt
1067 1562 1247 1606 autem
1276 1551 1327 1604 in
1361 1550 1462 1603 hoc
1502 1548 1692 1602 itinere

142 1649 272 1713 quasi
298 1645 466 1699 stadia
496 1654 735 1699 trecenta
762 1646 1036 1714 sexaginta
1061 1654 1109 1696 η.
1143 1644 1292 1697 Tunc
1318 1643 1478 1696 etiam
1512 1641 1564 1692 itt
1601 1654 1691 1693 su-

1793 455 1893 508 nisi
1919 463 1979 510 ut
2002 457 2367 527 episcopatum
2387 497 2403 523 ,
2434 472 2591 528 quem
2632 459 2801 514 ildelis
2826 458 3056 515 servitus
3084 476 3361 530 promere-

1792 555 1894 611 tur,
1935 550 2235 618 accipiam?
2262 550 2368 605 Vos
2414 552 2577 618 igitur
2624 551 2953 607 revertimini
3004 552 3070 607 ad
3114 554 3362 609 civitates

1794 649 2027 707 vestras,
2061 652 2117 695 et
2142 643 2186 694 si
2216 641 2342 709 quid
2376 642 2589 696 utilitati
2629 654 2821 698 vesu'a:
2863 646 3119 715 competit
3143 686 3157 707 ,
3206 662 3362 701 exer-

1791 741 1938 795 cete;
1964 747 2084 785 nsm
2102 747 2198 800 ego
2218 735 2473 787 canonice
2492 746 2858 805 assumpturus
2878 752 2995 791 sum
3024 739 3162 790 hunc
3189 737 3359 791 bono-

1790 838 1925 878 rem.
1945 823 2069 878 Haec
2085 824 2358 879 audientes
2375 826 2629 893 episcopi,
2650 834 2705 880 et
2725 827 2777 881 in
2795 842 2914 882 eum
2934 843 3120 881 vanam
3142 830 3369 897 gloriam

1792 922 2160 979 exsecrantes,
2193 913 2583 969 discesserunt.

1861 1005 1971 1058 Vll.
2008 1005 2171 1074 Igitur
2196 1015 2223 1044 ο
2245 1020 2365 1062 eum
2393 1022 2658 1062 consensu
2688 1008 3006 1063 clericorum
3053 1009 3117 1062 ad
3154 1010 3361 1079 episco-

1793 1102 1968 1162 patum
1998 1098 2235 1163 electus,
2284 1112 2404 1151 cum
2455 1099 2631 1153 adhuc
2677 1114 2781 1152 non
2834 1100 3110 1154 ordinatus
3155 1104 3359 1155 cunctis

1793 1187 1907 1256 ipse
1933 1201 2180 1257 praeesset
2199 1232 2213 1255 ,
2257 1191 2483 1245 Gautino
2519 1192 2893 1246 archidiacono
2923 1194 3163 1249 diversas
3192 1198 3360 1248 minas

1793 1280 2072 1335 intendere
2100 1283 2261 1351 cmpit
2282 1322 2303 1348 ,
2342 1283 2525 1337 dicens
2556 1301 2569 1336 :
2598 1285 2707 1353 Ego
2739 1294 2789 1338 te
2832 1287 3143 1351 removebu,
3184 1304 3282 1356 ego
3312 1300 3360 1342 tu

1793 1368 2099 1430 ltumiﬁabo.
2132 1386 2231 1440 ego
2261 1371 2353 1426 tibi
2378 1372 2567 1425 multas
2596 1388 2756 1428 neces
2783 1374 3014 1443 impendi
3035 1378 3358 1444 pratcipiam.

1793 1455 1887 1512 Cui
1920 1460 2044 1514 ille:
2077 1460 2311 1515 Gratiam
2332 1502 2348 1527 ,
2383 1462 2580 1532 inquit,
2602 1473 2797 1529 tuam,
2827 1466 3042 1521 domine
3084 1469 3352 1535 piissime,

1793 1548 1991 1604 habere
2018 1550 2285 1615 desidero,
2317 1567 2472 1621 quam
2523 1553 2567 1606 si
2600 1569 2828 1620 mereor,
2858 1572 3018 1610 unum
3070 1559 3163 1612 tibi
3199 1560 3359 1612 benc-

1794 1640 1969 1694 licium
1999 1643 2281 1707 praestabo.
2300 1642 2427 1698 Sine
2450 1643 2557 1697 ullo
2582 1644 2721 1698 enim
2742 1645 2923 1702 labore
2949 1657 3057 1712 tuo,
3084 1661 3134 1704 et
3158 1650 3359 1718 absque

146 1736 235 1789 bita
257 1738 703 1806 contemplatione
731 1739 961 1805 parietes
990 1737 1073 1791 vel
1100 1738 1379 1791 domorum
1409 1734 1488 1787 vel
1517 1735 1689 1787 eccle-
1720 1738 1765 1796 Β
1793 1733 1902 1786 ullo
1927 1734 2068 1798 dolo,
2105 1750 2205 1804 ego
2235 1735 2301 1789 ad
2327 1750 2501 1801 regem
2533 1752 2768 1807 pergam,
2797 1748 2851 1792 et
2878 1740 3242 1810 episcopatum
3271 1744 3361 1797 tibi

147 1828 319 1881 siarum
349 1829 545 1896 signari
578 1827 914 1881 videbantur.
947 1826 1095 1881 Unde
1122 1841 1151 1879 a
1185 1824 1394 1878 rusticis
1423 1823 1538 1877 hate
1559 1825 1691 1877 scri-

151 1920 241 1985 ptio
265 1918 408 1971 Tltau
440 1919 746 1970 vocabatur.
774 1915 904 1970 Cum
945 1927 1122 1972 autem
1157 1916 1402 1983 regiones
1434 1914 1605 1973 alias.
1636 1923 1694 1967 ut

148 2009 381 2075 ditimns,
411 2008 530 2062 lues
560 2008 643 2059 illa
676 2019 1050 2075 consumeret,
1084 2008 1147 2060 ad
1178 2006 1447 2060 civitatem
1492 2009 1692 2059 Arver-

148 2116 271 2166 nam,
302 2100 468 2155 saneti
502 2099 638 2153 Galli
666 2100 1026 2154 intercedente
1058 2100 1335 2162 oratione,
1360 2115 1462 2152 non
1495 2097 1690 2165 attigit.

149 2192 278 2249 Unde
300 2207 398 2263 ego
418 2191 446 2229 δ
469 2208 575 2245 non
609 2207 827 2260 parvam
855 2206 1049 2247 censeo
1070 2192 1316 2262 gratiam,
1342 2192 1429 2259 qui
1460 2191 1559 2242 hoc
1582 2204 1695 2243 me-

149 2284 254 2348 ruit,
282 2294 335 2338 ιιι
362 2292 544 2353 pastor
572 2284 782 2353 positus
801 2299 929 2338 oves
954 2298 1077 2337 suas
1105 2283 1349 2337 devorari
1378 2279 1694 2336 defendente

153 2376 349 2431 Domino
396 2392 503 2430 non
550 2375 781 2430 videret.
828 2374 959 2428 Gunt
1005 2383 1183 2428 autem
1232 2374 1299 2425 ab
1354 2377 1452 2426 boe
1496 2370 1695 2425 mundo

152 2472 418 2540 migrasset,
449 2480 505 2524 et
533 2470 747 2523 ablutus
766 2469 818 2522 in
840 2468 1119 2523 ecclesiam
1145 2467 1454 2535 deportatus
1479 2463 1691 2529 fuisset,

150 2560 260 2614 Cato
287 2561 561 2630 presbyter
585 2561 840 2614 continuo
868 2574 896 2612 a
916 2558 1127 2613 clericis
1154 2557 1221 2611 de
1248 2558 1557 2625 episcOpatu
1583 2555 1695 2607 lau-

149 2651 230 2704 des
253 2653 468 2721 accepit,
493 2661 548 2705 ει
569 2665 783 2704 omnem
816 2665 927 2705 rem
955 2649 1218 2713 ecclesiaz,
1245 2657 1490 2716 tanquam
1521 2647 1564 2699 si
1583 2646 1692 2714 jam

150 2750 272 2797 esset
294 2744 599 2812 episc0pus,
628 2743 681 2795 in
711 2757 860 2796 suam
898 2742 1107 2810 redegit
1152 2748 1469 2810 potestatem
1497 2760 1510 2796 :
1544 2738 1694 2791 ordi-

149 2842 337 2889 nit0res
359 2844 383 2871 ι
408 2843 679 2899 removet,
714 2833 988 2888 ministros
1017 2833 1255 2902 respuit,
1289 2840 1476 2886 cuncta
1515 2846 1610 2899 per
1636 2845 1696 2885 se

150 2922 349 2976 ordinat.
939 2931 945 2940 '

210 3012 283 3067 Vl.
311 3014 556 3084 Episc0pi
587 3010 615 3049 ά
646 3021 824 3068 tamen
853 3013 942 3081 qui
970 3015 1296 3069 advenerant
1341 3012 1410 3068 ad
1451 3020 1692 3067 snnctutn

1796 1827 2077 1889 obtinebo,
2125 1828 2257 1881 nihil
2304 1829 2655 1896 petens,nisi
2703 1838 2760 1882 ut
2791 1845 3101 1898 promcrear
3136 1836 3360 1901 gratiam

1796 1925 1959 1970 tuam.
1986 1918 2055 1970 At
2076 1918 2167 1972 ille
2194 1919 2474 1987 suspicans
2505 1935 2623 1973 eum
2655 1919 2757 1972 sibi
2789 1920 2924 1974 velle
2953 1922 3175 1975 illndere
3198 1966 3211 1987 ,
3246 1924 3360 1979 haec

1796 2010 1948 2064 valde
1974 2010 2236 2077 despexit.
2275 1994 2368 2063 Hic
2397 2026 2526 2064 vero
2550 2026 2673 2064 cum
2702 2025 2761 2064 se
2786 2021 3031 2066 cerneret
3058 2012 3357 2083 humiliari,

1795 2110 1953 2169 atque
2001 2099 2278 2153 calumniae
2323 2098 2546 2167 subjici,
2593 2102 2847 2167 languore
2876 2102 3157 2163 simulato,
3188 2114 3242 2158 et
3272 2119 3360 2173 per

1796 2198 2005 2244 noctem
2057 2192 2325 2245 civitatem
2373 2191 2649 2259 egrediens
2674 2231 2689 2256 ,
2722 2193 3154 2247 'l‘ltvodobaldum
3184 2212 3360 2263 regem

1796 2284 1978 2352 petiit,
2018 2284 2337 2336 annuntians
2376 2285 2657 2338 transitum
2700 2285 2869 2337 sancti
2899 2285 3055 2338 Galli.
3093 2287 3242 2353 Quod
3278 2290 3361 2341 ille

1796 2372 2013 2425 audiens
2033 2412 2049 2435 ,
2080 2373 2161 2425 vel
2193 2372 2282 2440 qui
2312 2386 2432 2426 cum
2460 2386 2525 2425 eo
2561 2383 2748 2436 erant,
2779 2377 3084 2429 convocatis
3118 2378 3365 2431 sacertlo.

1798 2464 1939 2516 tibus
1959 2464 2094 2530 apud
2117 2464 2423 2518 Mettensem
2451 2465 2740 2533 civitatem,
2763 2467 3014 2523 Cautinus
3035 2470 3369 2524 arcliidiaeo~.

1796 2569 1895 2607 nus
1924 2556 2201 2621 episcopus
2230 2556 2528 2611 ordinatur.
2554 2558 2684 2611 Cum
2711 2567 2883 2613 autem
2903 2561 3173 2615 venissent
3197 2563 3365 2616 nuntii

1796 2644 2010 2699 Catonis
2039 2647 2365 2717 presbyteri,
2400 2648 2484 2701 hic
2505 2648 2611 2716 jam
2641 2650 2924 2718 episc0pus
2949 2660 3084 2705 erat.
3116 2651 3265 2705 Tunc
3294 2668 3361 2708 ex

1793 2739 1941 2806 jussu
1971 2740 2112 2809 regis
2136 2741 2289 2809 147
2325 2740 2529 2794 traditis
2556 2742 2602 2794 ei
2633 2742 2861 2807 clericis,
2896 2753 2948 2797 et
2975 2746 3219 2797 omnibus
3244 2762 3381 2811 qtth

1798 2829 1851 2882 lii
1883 2832 1949 2883 de
1974 2831 2133 2883 rebus
2161 2831 2404 2885 ecclesia;-
2443 2832 2833 2897 exhibuerant,
2875 2835 3238 2903 ordinatisque
3275 2837 3366 2902 qui

1796 2935 1916 2974 cum
1951 2935 2017 2974 eo
2055 2936 2278 2990 pergere
2324 2921 2579 2976 deberent
2627 2924 2890 2991 episcopis
2937 2932 2990 2979 et
3026 2927 3371 2994 camerariis,

1799 3016 2065 3067 Arvernos
2093 3028 2213 3067 eum
2236 3014 2560 3068 direxerant.
2583 3015 2731 3080 Quia
2759 3016 3033 3070 clericiset
3060 3016 3264 3071 civibus
3294 3018 3316 3070 Β
3355 3044 3364 3053 ~

150 3101 331 3158 Gallum
374 3104 744 3172 sepeliendum
766 3147 780 3169 ,
837 3112 1118 3173 postquam
1174 3120 1296 3159 eum
1343 3105 1693 3172 sepelieraut,
1722 3113 1770 3174 ο
1801 3104 1989 3157 benter
2014 3112 2286 3170 exceptus.
2315 3105 2592 3171 episcopus
2613 3106 2865 3160 Arvernis
2893 3118 2972 3160 est
3000 3108 3172 3161 datus.
3196 3107 3315 3167 Grai

149 3192 366 3248 dixerunt
391 3194 583 3250 Catoni
615 3194 929 3265 presbytero
957 3213 971 3249 :
1008 3197 1262 3250 Videmus
1293 3198 1413 3265 quia
1447 3204 1499 3250 te
1537 3195 1696 3264 elegit

150 3298 254 3349 pars
287 3288 515 3340 maxima
564 3286 878 3355 populorum
909 3304 920 3340 :
951 3288 1102 3353 veni,
1136 3287 1375 3341 censenti
1422 3287 1573 3340 nobis
1597 3327 1614 3353 ,
1645 3297 1698 3340 et

150 3372 503 3433 benedicentes
534 3392 911 3432 consecremus
956 3389 1009 3431 te
1050 3379 1114 3431 ad
1154 3378 1540 3445 episcOpatnm.
1579 3378 1695 3431 Itex

150 3482 259 3522 vero
282 3470 533 3538 parvulus
558 3478 662 3536 est,
690 3479 746 3524 et
765 3469 809 3522 si
835 3469 1061 3537 quatibi
1086 3469 1371 3523 ascribitur
1397 3469 1569 3536 culpa,
1598 3484 1709 3523 nos.

153 3561 476 3629 suscipientes
501 3572 553 3615 te
577 3560 677 3615 sub
705 3560 1016 3614 defensione
1056 3573 1269 3625 nostra,
1304 3574 1425 3613 eum
1457 3560 1694 3626 proceri-

154 3651 236 3705 bus
259 3662 310 3706 et
335 3654 526 3718 primis
553 3651 702 3721 regni
741 3644 1109 3705 Theodobaldi
1157 3651 1296 3717 regis
1342 3662 1558 3719 agemus
1583 3692 1597 3715 ,
1630 3663 1698 3702 ne

154 3746 233 3797 tibi
262 3746 361 3800 ulla
387 3749 658 3800 excitetur
685 3744 911 3813 injuria;
946 3759 1043 3797 nos
1074 3757 1284 3812 quoque
1312 3741 1597 3813 (intantum
1632 3741 1696 3794 ii-

153 3836 323 3889 ileliter
348 3836 511 3891 crede
531 3876 547 3901 ,
583 3845 641 3888 ttt
670 3836 1028 3904 spondeatnus
1069 3849 1165 3901 pro
1194 3832 1270 3902 te)
1289 3834 1506 3897 omnia,
1536 3834 1697 3887 etiam

153 3928 191 3977 si
210 3928 371 3983 damni
400 3928 601 3998 aliquid
632 3928 1034 3997 supervenerit,
1059 3926 1128 3981 de
1158 3927 1353 3981 nostris
1385 3924 1540 3996 146
1572 3941 1697 3993 pro-

156 4022 267 4087 priis
294 4023 630 4076 facultatibus
658 4022 709 4075 id
741 4021 1062 4075 reddituros.
1094 4022 1163 4073 At
1191 4019 1285 4075 ille
1313 4018 1578 4072 c0tlturno
1610 4035 1701 4069 va-

156 4115 497 4171 naeconiiatus
518 4114 720 4183 glorim,
746 4114 846 4167 ait:
877 4112 1053 4166 Nostis
1090 4112 1232 4165 enim
1269 4112 1404 4164 fama
1430 4120 1699 4175 currente,

158 4218 231 4259 me
272 4206 336 4259 ab
368 4205 525 4259 initio
564 4205 738 4258 anatis
781 4218 916 4257 mea:
949 4218 1160 4271 semper
1190 4202 1441 4269 religiose
1472 4200 1697 4266 vixisse,

157 4310 353 4351 vacasse
373 4296 617 4366 jejuniis,
636 4294 988 4365 eleemosynis
1018 4295 1334 4349 delectatum
1366 4293 1548 4359 fuisse,
1573 4308 1701 4349 con-

158 4394 361 4440 tinuatas
394 4387 591 4455 saepius
630 4385 938 4439 exercuisse
975 4384 1214 4453 vigilias,
1247 4383 1526 4451 psallentio
1576 4399 1701 4437 vero

1798 3194 1893 3247 des
1936 3202 2119 3263 postea
2165 3194 2303 3248 inter
2355 3195 2526 3263 ipsum
2578 3205 2632 3249 et
2686 3197 2944 3251 Catonem
2999 3200 3329 3268 presbyterut

1798 3282 2088 3338 inimicitiae
2133 3295 2264 3337 orta:
2307 3293 2482 3338 sunt:
2525 3285 2643 3353 quia
2696 3286 2871 3341 nullus
2916 3302 3143 3355 unquam
3201 3291 3364 3356 potuit

1798 3374 2023 3428 ﬂectere
2061 3373 2355 3439 Catonem,
2400 3384 2459 3427 ut
2504 3375 2756 3445 episcopo
2797 3390 2895 3430 suo
2931 3377 3174 3431 subditus
3201 3388 3362 3433 esset.

1799 3465 1930 3519 Nam
1962 3474 2013 3519 et
2041 3466 2235 3520 divisio
2259 3466 2576 3521 clericorum
2624 3469 2758 3523 facta
2789 3480 2903 3532 est,
2941 3478 2996 3523 et
3028 3471 3114 3524 alii
3139 3470 3365 3525 Cautino

1798 3558 2049 3627 episcopo
2076 3571 2224 3613 erant
2256 3559 2486 3623 subditi,
2518 3561 2605 3615 alii
2635 3559 2820 3615 Catoni
2846 3562 3195 3633 presbytero:
3222 3566 3363 3633 quod

1799 3652 1878 3704 eis
1907 3649 2003 3703 iuit
2028 3652 2314 3704 maximum
2340 3651 2735 3705 detrimentum.
2765 3650 3020 3707 Gautinus
3046 3666 3221 3709 autem
3245 3670 3361 3724 ept-

1797 3754 1992 3808 scopus
2019 3740 2200 3795 videns
2229 3756 2349 3795 eum
2378 3742 2519 3795 nulla
2549 3743 2756 3795 ratione
2788 3757 2943 3810 posse
2967 3744 3138 3811 ﬂecti,
3175 3754 3230 3799 ut
3258 3744 3364 3802 sibi

1799 3841 1942 3886 esset
1985 3832 2261 3896 subditus,
2296 3842 2403 3885 tam
2447 3831 2497 3885 ei
2544 3846 2703 3899 quam
2733 3832 2919 3887 amicis
2944 3834 3095 3899 ejus,
3129 3835 3211 3888 vel
3249 3836 3363 3902 qui-

1800 3937 2008 3992 cunque
2029 3922 2074 3975 ci
2099 3920 2520 3985 consentiebant,
2541 3934 2726 3973 omnes
2749 3935 2835 3975 res
2850 3922 3086 3976 ecclesiae
3127 3923 3361 3993 abstulit,

1800 4011 2115 4081 reliquitque
2143 4024 2236 4064 eos
2267 4010 2455 4063 inanes
2492 4024 2554 4064 ac
2599 4023 2817 4063 vacuos.
2848 4008 3158 4080 Quicunque
3191 4022 3366 4073 tamet:

1801 4120 1863 4157 ex
1896 4103 2024 4172 ipsis
2053 4102 2116 4155 ad
2148 4117 2266 4155 eum
2297 4100 2765 4165 convcrtebantur,
2796 4100 2985 4155 iterum
3016 4104 3154 4170 quod
3189 4106 3365 4172 perdi.

1802 4197 2010 4258 derant,
2035 4194 2377 4260 recipiebant.

1875 4286 2009 4340 νιιι.
2042 4286 2316 4356 Regnante
2339 4299 2467 4338 vero
2489 4282 2706 4353 Agilone
2731 4278 2883 4350 apud.
2900 4281 3224 4350 Hispaniam,
3246 4299 3364 4340 cum

1803 4379 2054 4448 populum
2070 4376 2385 4447 gravissimo
2407 4374 2784 4428 dominationis
2804 4388 2915 4427 suae
2934 4373 3061 4442 jugo
3088 4381 3364 4439 attererct,

164 4477 247 4543 ἀεὶ
274 4478 456 4531 crebra
483 4476 784 4547 perstitisse
806 4474 1033 4529 statione
1062 4484 1339 4529 nocturna.
1366 4475 1472 4527 Nec
1491 4489 1573 4527 me
1603 4473 1705 4527 Do-
1734 4470 1784 4531 D
1806 4470 2075 4525 exercitus
2123 4466 2457 4536 imperatoris
2508 4465 2788 4532 lliSpanias
2836 4473 2920 4518 est
2969 4465 3268 4532 ingressus.
3315 4474 3365 4521 cl

160 4566 309 4621 minus
351 4569 495 4623 Deus
534 4582 689 4621 meus
731 4567 924 4636 patitur
969 4568 1067 4619 liae
1110 4567 1445 4620 ordinatione
1480 4566 1701 4633 privari,

160 4656 228 4707 sui
256 4666 453 4711 tantum
486 4658 800 4711 famulatum
830 4656 1077 4721 exhibui;
1112 4671 1231 4711 nam
1272 4667 1327 4710 et
1372 4657 1517 4726 ipsos
1547 4657 1704 4711 cleri-

157 4753 288 4799 catus
313 4746 509 4816 gradus
535 4746 793 4799 canonica
821 4759 937 4796 sum
967 4758 1180 4810 semper
1199 4745 1529 4799 institutione
1549 4745 1708 4799 sorti-

158 4844 248 4887 tas.
278 4836 469 4892 Lector
494 4835 686 4890 decem
717 4836 870 4889 annis
896 4835 987 4898 fui,
1016 4836 1067 4886 in
1089 4835 1502 4888 snbdiaconatus
1529 4836 1707 4890 oticio

154 4925 363 4997 quinque
384 4928 543 4982 annis
574 4927 894 4988 ministravi,
926 4927 1227 4981 diaconatui
1250 4942 1376 4981 vero
1403 4927 1703 4994 quindecim

153 5022 288 5074 annis
314 5023 652 5091 mancipatus
675 5020 779 5086 fui,
813 5021 1126 5090 presbyterii
1154 5029 1328 5074 autem
1369 5018 1474 5089 jam
1505 5022 1705 5074 honore

215 5142 241 5172 ⁸
276 5136 563 5189 Duodecim
604 5133 822 5187 circiter
857 5133 1025 5187 leucis
1070 5132 1258 5187 dissita
1307 5140 1389 5185 est
1434 5131 1648 5187 Brivate
1676 5147 1708 5188 a

154 5202 549 5259 Claromontana
581 5206 737 5258 urbe.

212 5274 236 5312 δ
272 5279 359 5329 Sic
384 5276 575 5345 Regm.
600 5290 721 5328 cum
757 5273 907 5337 Bad.;
937 5274 1113 5327 caeteri
1135 5314 1149 5336 ,
1168 5272 1313 5345 unde
1340 5272 1601 5345 hirsizon.

214 5356 235 5383 ε
267 5339 644 5399 Οτιιιιιεῖοτιιιιι
687 5345 922 5398 ofiiciutn
954 5345 1033 5397 vel
1063 5359 1127 5397 ex
1162 5344 1261 5394 boc
1294 5342 1413 5395 loco
1458 5342 1584 5394 licet.
1624 5339 1708 5393 in-

150 5416 388 5485 telligere.
423 5416 749 5470 Berteiridns
772 5415 937 5481 episc.
960 5414 1327 5467 Ambianensis
1350 5419 1399 5464 in
1418 5411 1708 5485 ‘Privilegio

149 5482 445 5541 Corbeiensi
476 5496 653 5547 vetat,
685 5501 755 5539 ne
782 5490 902 5552 quis
931 5485 1212 5551 episcopus
1253 5498 1318 5537 ex
1349 5482 1461 5536 suis
1488 5496 1707 5534 succes-

148 5558 345 5610 soribus
364 5599 380 5621 ,
409 5568 497 5609 aut
524 5557 939 5612 archidiaciinus
958 5595 972 5617 ,
1021 5568 1114 5608 seu
1153 5553 1401 5618 quislibet
1432 5553 1706 5604 ordinatur

146 5628 376 5682 ecclesia
396 5626 795 5689 Ambianensis,
820 5625 885 5677 ad
912 5624 1183 5691 prati-tum
1208 5623 1588 5677 monasterium
1611 5637 1703 5673 ac-

146 5698 359 5755 cedere.
406 5710 560 5754 aut...
606 5704 925 5763 praesumat.
989 5695 1086 5747 nisi
1141 5694 1209 5748 ab
1257 5693 1448 5748 abbate
1495 5700 1725 5760 rogatus.

1809 4566 2050 4618 civitates
2078 4563 2281 4632 aliquas
2313 4560 2561 4629 pervasit.
2600 4557 2878 4613 Interfecto
2906 4569 3084 4614 autem
3114 4561 3332 4630 Agilane
3352 4600 3367 4624 ,

1809 4654 2191 4722 Athanagildus
2249 4651 2267 4689 ί
2324 4666 2541 4722 regnum
2594 4651 2819 4718 accepit.
2860 4651 2959 4717 Qui
3013 4652 3175 4705 multa
3230 4651 3365 4705 bella

1807 4758 1993 4802 contra
2025 4748 2194 4815 ipsum
2224 4746 2515 4800 exercitum
2549 4756 2726 4813 postea
2758 4746 2893 4815 egit,
2928 4753 2981 4799 et
3003 4761 3095 4800 eos
3137 4748 3365 4811 plerum-

1808 4853 1912 4908 que
1940 4836 2160 4900 devicit;
2192 4837 2563 4905 civitatesque,
2585 4851 2718 4904 quas
2743 4836 2879 4892 male
2912 4846 3272 4905 pervaserant,
3300 4854 3361 4891 cx

1811 4940 1960 5000 parte
1986 4929 2233 4981 auferens
2257 4927 2323 4979 de
2352 4935 2610 4995 potestate
2633 4943 2836 4981 eorum.

1884 5019 1977 5074 lx.
2005 5016 2411 5073 Theodobaldus
2458 5032 2585 5072 vero
2627 5033 2743 5072 Cum
2783 5017 2893 5087 jam
2938 5016 3146 5070 adultus
3194 5027 3366 5081 esset,

1810 5134 1992 5189 fuerit.

1880 5204 1906 5241 ά
1951 5204 2107 5258 Deest
2135 5202 2236 5255 ltoc
2263 5208 2422 5268 caput
2451 5200 2503 5253 in
2532 5200 2686 5263 Bel|.,
2708 5199 2893 5269 Corb.,
2922 5198 3073 5252 Colb.
3106 5209 3162 5252 et
3188 5200 3319 5269 Reg.

1885 5284 1909 5313 ε
1952 5275 2014 5325 Ει
2044 5274 2144 5327 hoc
2168 5282 2326 5338 caput
2354 5273 2504 5325 deest
2534 5273 2585 5324 in
2616 5283 2742 5323 mss.
2775 5268 2810 5321 4
2832 5269 3168 5335 supradictis.

1888 5344 1905 5381 ί
1950 5344 2134 5409 Regtn.
2184 5358 2302 5395 cum
2344 5342 2496 5406 Bad.,
2530 5341 2808 5407 Athanagel
2838 5338 2979 5403 dum,
3009 5339 3282 5395 mendose.
3322 5340 3373 5399 Is

1809 5416 2103 5483 Agilanem,
2128 5414 2408 5482 adjuvante
2440 5412 2648 5466 Liberio
2671 5410 2908 5483 patricio,
2932 5425 3088 5483 quem
3109 5409 3370 5465 Justinia-

1810 5480 1907 5538 niis
1953 5488 2003 5536 in
2048 5480 2353 5551 Hispaniam
2397 5485 2651 5548 miserat,
2698 5480 2922 5542 devicit;
2963 5481 3057 5536 sed
3105 5493 3286 5550 postea
3315 5483 3373 5540 in

1813 5554 2068 5621 pellendis
2088 5554 2309 5620 Graecis,
2331 5556 2419 5625 qui
2443 5554 2600 5610 urbes
2628 5555 2825 5623 aliquot
2853 5553 3373 5622 occuparant,1nul-

1811 5635 1919 5680 tum
1949 5625 2247 5681 desudavit.
