3994 6194
576 249 682 304 275

1560 250 1619 306 S.
1660 250 1988 307 GREGORII
2027 250 2332 306 EPISCOPI
2367 248 2790 306 TURONENSIS

3707 248 3815 301 276

574 362 980 420 Uvaldetradam
1007 374 1032 403 ⁸
1062 365 1213 421 duxit
1237 378 1478 420 uxorem.
1515 365 1665 419 Hunc
1700 364 2134 420 Theodobaldum
2166 370 2211 428 A
2238 375 2377 420 rent.
2408 365 2642 432 Cumque
2668 364 2856 419 Catoni
2886 364 3028 434 regis
3055 363 3387 419 voluntatem
3406 363 3819 432 patefecissent,

574 452 755 510 ferunt
776 457 899 511 mali
929 456 1091 512 fuisse
1113 457 1331 527 ingenii.
1359 457 1429 509 ita
1455 465 1511 510 ut
1533 457 1699 510 iratus
1720 458 1951 526 cuidam,
1974 473 2131 526 quem

572 555 877 614 suspectum
899 546 968 603 de
995 547 1156 603 rebus
1182 549 1292 603 suis
1326 548 1582 612 habebat,
1610 547 1841 601 fabulam
1875 549 2132 620 lingeret,

574 635 758 690 dicens
784 653 799 689 :
824 637 1054 705 Serpens
1080 638 1363 705 ampullam
1396 636 1520 690 vino
1551 636 1758 704 plenam
1791 639 2011 706 reperit,
2042 652 2136 705 per

572 726 723 794 cujus
749 741 810 781 os
839 727 1131 797 ingressus,
1158 728 1295 793 quod
1319 726 1459 780 intus
1484 725 1778 781 habebatur
1797 726 1981 781 avidus
2005 728 2134 780 bau-

573 816 687 869 sit:
712 830 745 870 a
771 830 876 885 quo
902 815 1114 870 inﬂatus
1145 815 1301 887 148
1326 816 1477 880 vino,
1509 816 1656 869 exire
1683 831 1778 885 per
1807 817 2007 871 aditum
2034 832 2138 886 quo

573 904 848 973 ingressus
895 904 1100 971 fuerat,
1151 921 1253 959 non
1301 905 1532 960 valebat.
1587 904 1816 961 Veniens
1861 921 1988 961 vero
2031 909 2137 961 vini

573 996 846 1061 dominus,
869 1012 987 1052 cum
1019 998 1109 1053 ille
1130 997 1279 1052 exire
1309 999 1589 1064 niteretur,
1622 1013 1719 1053 nec
1749 1008 1947 1066 posset,
1980 1001 2052 1053 ait
2072 1001 2137 1055 ad

572 1094 915 1152 serpentem:
948 1087 1148 1141 Evome
1197 1088 1344 1155 prius
1392 1088 1532 1157 quod
1583 1089 1874 1160 inglutisti,
1916 1097 1973 1145 et
2015 1101 2139 1145 tunc

573 1178 776 1244 poteris
826 1176 1115 1232 abscedere
1158 1177 1309 1232 liber.
1338 1178 1466 1245 Qua:
1510 1177 1683 1234 fabula
1716 1195 1961 1248 magnum
1991 1180 2039 1235 ei
2070 1184 2139 1234 ti-

574 1281 776 1322 morem
828 1276 986 1336 atque
1025 1268 1204 1322 odium
1247 1270 1581 1338 pra-paravit.
1631 1269 1743 1324 Sub
1792 1286 1859 1325 eo
1905 1272 2045 1326 enim
2087 1282 2143 1327 et

572 1356 926 1424 Buccellinus,
943 1373 1063 1413 cum
1088 1369 1250 1415 totam
1276 1360 1477 1413 Italiam
1501 1361 1551 1415 in
1571 1360 1893 1415 Francorum
1920 1378 2139 1433 regnum

574 1454 889 1523 redegisset,
910 1468 939 1506 a
968 1452 1188 1508 Narsete
1231 1453 1543 1509 interfectus
1574 1463 1676 1519 est,
1706 1453 1730 1492 δ
1759 1454 1904 1508 Italia
1932 1455 1995 1511 ad
2022 1471 2143 1523 par-

575 1552 682 1598 tem
710 1543 1043 1612 imperatoris
1067 1554 1244 1612 capta,
1273 1558 1371 1597 nec
1395 1544 1488 1596 fuit
1515 1543 1605 1612 qui
1632 1560 1749 1597 eam
1779 1545 1917 1597 ultra
1943 1544 2144 1612 recipe-

575 1643 673 1689 ret.
701 1632 812 1688 Sub
840 1633 998 1701 hujus
1028 1642 1267 1703 tempore
1295 1646 1423 1686 uvas
1453 1633 1505 1686 in
1536 1634 1727 1687 arbore
1747 1674 1763 1697 ,
1791 1648 1949 1699 quam
1993 1649 2137 1687 sam-

2235 456 2509 522 suspendit
2533 471 2673 510 eosa
2709 471 2966 522 responso
3000 456 3181 524 paucis
3216 454 3428 509 diebus.
3466 454 3531 508 lli
3564 469 3707 508 vero
3734 471 3822 508 re-

2235 545 2384 617 gredi
2423 545 2731 613 cupientes,
2778 545 3009 599 dicunt:
3056 542 3426 620 Pande_nobis
3476 550 3820 597 voluntatem

2237 646 2412 704 tuam,
2462 646 2522 690 ut
2570 636 2801 691 sciamus
2847 635 2973 703 quid
3020 635 3310 689 debeamus
3358 635 3543 703 sequi;
3579 634 3824 703 alioquin

2236 727 2553 780 revertimur
2578 726 2645 780 ad
2678 726 2910 792 propria.
2936 725 3054 779 Non
3078 726 3217 780 enim
3249 734 3428 780 nostra
3461 735 3513 780 te
3540 724 3826 779 voluntate

2239 817 2611 883 expetivimus,
2643 816 2741 870 sed
2774 816 2913 885 regis
2959 817 3339 884 prmeeptione.
3368 816 3435 868 At
3467 815 3592 880 ille,
3619 826 3680 867 ut
3711 824 3827 869 erat

2237 923 2386 962 vanae
2431 909 2615 977 gloriae
2662 907 2924 975 cupidus.
2957 906 3187 959 adunata
3233 920 3522 974 pauperum
3572 914 3825 965 caterva,

2238 999 2524 1054 clamorem
2553 1000 2664 1052 dari
2691 999 2943 1068 praecepit
2974 1000 3055 1052 bis
3081 998 3257 1053 verbis
3284 1015 3297 1050 :
3328 998 3437 1052 Cur
3461 1012 3560 1051 nos
3586 997 3822 1060 deseris,

2242 1093 2380 1146 b0ne
2412 1103 2580 1160 pater,
2611 1092 2783 1154 ﬁlios,
2813 1105 2948 1159 quos
2996 1105 3135 1143 nunc
3164 1104 3341 1157 usque
3382 1087 3663 1141 educasti?
3690 1087 3824 1153 Quis

2240 1200 2339 1240 nos
2379 1186 2501 1239 cibo
2529 1195 2761 1254 potnque
2786 1184 3020 1249 reﬁciat,
3053 1184 3097 1237 si
3128 1192 3180 1237 tu
3212 1183 3443 1237 abieris?
3473 1197 3731 1249 rogamus
3758 1197 3824 1235 ue

2242 1291 2339 1331 nos
2383 1277 2651 1344 relinquas
2675 1316 2691 1341 ,
2735 1289 2869 1344 quos
2896 1274 3041 1329 alere
3069 1274 3359 1327 consuesti.
3385 1272 3535 1325 Tunc
3565 1271 3660 1326 ille
3688 1286 3817 1326 con-

2241 1379 2432 1419 versus
2475 1363 2539 1418 ad
2586 1365 2789 1419 clerum
2839 1364 3198 1427 Turonicum,
3240 1363 3358 1416 ait:
3393 1362 3597 1416 Videtis
3644 1377 3819 1425 nunc,

2241 1454 2433 1508 fratres
2461 1452 2781 1520 cbarissimi,
2809 1454 3038 1522 qualiter
3062 1454 3175 1508 haec
3198 1454 3481 1507 multitudo
3509 1468 3817 1522 pauperum

2244 1558 2330 1598 me
2354 1543 2554 1613 diligit;
2580 1560 2682 1598 non
2715 1558 2928 1613 possum
2966 1557 3061 1598 eos
3103 1545 3407 1612 relinquere
3437 1553 3490 1599 et
3534 1543 3617 1598 ire
3644 1543 3823 1597 vobis-

2242 1650 2386 1688 cum.
2411 1633 2554 1687 Istud
2589 1634 2639 1687 bi
2671 1649 2983 1702 responsum
3030 1635 3378 1702 accipientes,
3413 1634 3646 1703 regressi
3695 1642 3823 1687 sunt

577 1724 769 1779 bucum
796 1734 819 1763 ο
849 1739 1099 1780 vocamus
1119 1764 1133 1787 ,
1163 1724 1260 1778 abs
1280 1739 1364 1786 me
1406 1724 1529 1776 vitis
1572 1723 1947 1791 conjunctione
1991 1736 2142 1777 naias
2175 1743 2220 1801 Β
2247 1726 2496 1781 Turonis.
2523 1725 2653 1781 Cato
2680 1736 2854 1780 autem
2885 1726 3145 1779 amicitias
3166 1742 3287 1781 cum
3320 1726 3592 1780 Cliramuo
3619 1740 3825 1779 nexue-

576 1814 837 1880 vidimus;
856 1823 911 1868 et
939 1815 1100 1869 ﬂores
1126 1816 1359 1884 ipsarum
1387 1816 1637 1868 arborum
1656 1852 1674 1877 ,
1702 1829 1819 1883 quae
1863 1815 2040 1882 nigra,
2085 1826 2142 1868 ιιι

576 1906 764 1969 nostis.
784 1919 943 1974 grana
974 1904 1211 1975 proferre
1237 1905 1409 1960 solitze
1435 1914 1580 1969 sunt,
1604 1919 1944 1959 racemorum
1975 1920 2142 1975 grana

578 1998 853 2052 dederunt.
885 1995 1035 2052 Tunc
1069 2006 1125 2051 et
1167 1998 1219 2050 in
1248 1997 1506 2051 circulum
1550 1995 1689 2049 luna:
1723 1994 1879 2050 stella
1902 1993 1928 2032 ἀ
1961 1997 2142 2063 quinta

580 2106 641 2143 ex
672 2091 899 2145 adverso
942 2089 1164 2144 veniens
1208 2090 1465 2143 introisse
1510 2086 1621 2149 visa
1671 2096 1772 2141 est.
1814 2086 1986 2141 Credo
2032 2087 2145 2141 btec

579 2183 725 2252 signa
769 2190 991 2235 mortcm
1044 2180 1211 2247 ipsius
1259 2180 1399 2249 regis
1446 2178 1814 2232 annuntiasse.
1854 2176 1975 2247 lpse
2018 2191 2143 2232 vero

510 2266 523 2281 ⁸
581 2273 736 2325 valde
788 2270 1119 2333 inﬁrmatus,
1159 2284 1189 2322 a
1232 2270 1465 2323 cinctura
1508 2268 1756 2323 deorsum
1798 2282 1858 2322 se
1909 2267 2146 2323 volutare

584 2375 685 2415 non
713 2366 920 2429 poterat
955 2358 1128 2425 °.Qui
1149 2359 1401 2428 paulatim
1427 2358 1698 2423 decidens,
1731 2360 1958 2425 septimo
1998 2358 2147 2427 regni

584 2456 661 2508 sui
688 2469 828 2508 anno
853 2465 1096 2509 mortuus
1120 2461 1232 2517 est,
1275 2466 1605 2523 regnumque
1635 2452 1751 2520 ejus
1788 2449 2146 2506 Chlotliacba-

587 2547 698 2600 rius
753 2562 846 2603 rex
895 2547 1130 2615 accepit,
1187 2546 1443 2613 capulans
1494 2543 1864 2599 Vuldetradam
1930 2559 2146 2598 uxorem

586 2641 704 2709 ejus
727 2649 894 2694 strato
916 2651 1036 2697 suo.
1072 2638 1178 2694 Sed
1220 2638 1508 2705 increpitus
1534 2650 1565 2689 a
1593 2635 1992 2701 sacerdotibus,
2024 2635 2149 2690 reli-

582 2732 696 2801 quit
722 2746 862 2797 eam,
889 2732 1022 2784 dans
1049 2730 1099 2785 ei
1127 2728 1465 2785 Garivaldnm
1499 2726 1687 2783 ducem
1708 2769 1727 2796 ,
1756 2726 2095 2797 dirigensque
2124 2725 2144 2765 ι

586 2824 842 2879 Arvernis
870 2822 1194 2877 Chramnum
1227 2818 1395 2873 tilium
1417 2832 1594 2873 suum.

655 2914 723 2970 Χ.
751 2915 829 2971 Εο
863 2924 890 2962 ε
919 2928 1061 2969 anno
1099 2910 1482 2968 rebellantibus
1521 2909 1826 2966 Saxonibus
1846 2947 1862 2973 ,
1892 2906 2149 2962 Cblotba-

585 3008 798 3061 charins
820 3022 935 3074 rex,
963 3015 1233 3059 commoto
1253 3013 1437 3057 contra
1459 3015 1553 3057 eos
1580 3000 1845 3066 exercitu,
1868 3001 2149 3053 maximam
2170 3046 2177 3049 ,

589 3112 771 3152 eorum
803 3105 1008 3166 partem
1039 3094 1267 3160 delevit,
1292 3106 1585 3163 pervagans
1616 3098 1779 3145 totam
1804 3089 2147 3158 Thoringiam
2173 3110 2218 3172 ϐ

589 3205 650 3244 ac
677 3190 984 3247 devastans.
1011 3203 1109 3258 pro
1136 3201 1204 3243 eo
1224 3186 1371 3257 quod
1395 3184 1708 3241 Saxonibus
1732 3181 1977 3238 solatium
2015 3198 2152 3253 prat-

589 3281 828 3335 buissent
855 3276 905 3332 ιι.

662 3373 755 3428 XI.
809 3370 1107 3446 Decedente
1155 3367 1172 3407 ι
1215 3382 1345 3424 vero
1402 3366 1544 3435 apud
1595 3366 1779 3420 urbem
1830 3364 2150 3420 Turonicam

590 3461 886 3517 Guntbario
913 3466 1187 3529 episcopo,
1211 3473 1306 3529 per
1323 3456 1689 3520 emissionem,
1713 3464 1770 3509 ιιι
1797 3454 1993 3521 ferunt,
2016 3454 2157 3509 Can-

589 3554 686 3608 tini
716 3553 976 3622 episcopi,
1004 3550 1134 3606 Cato
1164 3549 1440 3619 presbyter
1460 3547 1525 3601 ad
1554 3545 1953 3616 gubernandam
1979 3545 2152 3600 Turo-

591 3647 725 3702 uicza
751 3644 897 3700 urbis
926 3643 1218 3699 Ecclesiam
1250 3641 1548 3711 petebatur.
1586 3638 1744 3710 149
1774 3638 1924 3693 Unde
1958 3638 2152 3695 factum

591 3751 695 3805 esu,
720 3726 777 3792 ιιί
802 3736 1073 3807 conjuncti
1101 3735 1301 3803 clerici,
1330 3749 1451 3788 cum
1486 3734 1745 3787 Leubaste
1773 3733 2089 3803 martyrario
2118 3732 2133 3783 i

591 3842 643 3887 et
668 3831 879 3898 abbate,
906 3844 1027 3885 cum
1058 3842 1250 3898 magno
1278 3835 1533 3898 apparatu
1563 3830 1866 3880 Arvernum
1896 3840 2154 3895 propera-

662 4014 692 4045 ι
725 4003 814 4061 Sic
833 4002 1015 4068 Corh.,
1040 4000 1196 4065 Bell.,
1222 4000 1341 4054 Bec.
1366 4005 1421 4053 et
1437 3998 1594 4069 Bcg.;
1618 3998 1706 4053 alii
1730 3997 2145 4069 Waldetrudam,

587 4085 679 4129 aut
737 4074 1095 4130 Uldotradam.
1155 4071 1276 4126 llaec
1316 4071 1412 4127 fuit
1438 4068 1729 4123 Wacbonis
1772 4068 2149 4137 Langobardo-

589 4161 705 4201 rum
733 4145 873 4212 regis
900 4147 1064 4195 altera
1090 4141 1211 4212 lilia,
1242 4141 1566 4208 Wisegardis
1588 4137 1942 4212 Tlieodeberti
1967 4143 2147 4194 uxoris

586 4230 760 4275 soror.
785 4207 851 4267 de
875 4214 1066 4283 quibus
1090 4211 1281 4265 Paulus
1296 4207 1404 4283 lib.
1429 4223 1621 4283 t._cap._
1640 4207 1731 4283 2t.

660 4285 686 4326 δ
727 4285 801 4338 De
829 4276 1254 4350 expeditionibus
1294 4278 1559 4350 Buccelini
1610 4279 1664 4350 in
1695 4276 1926 4342 Italiam,
1955 4286 2150 4344 praeter

588 4357 722 4413 alios
744 4347 1007 4416 auctores,
1034 4350 1238 4420 legendi
1273 4349 1599 4420 potissimum
1623 4347 1912 4420 Proc0pius
1932 4358 1984 4420 et
2010 4350 2149 4417 Aga-

591 4426 745 4485 tbias,
777 4424 865 4490 qui
895 4415 1010 4476 fuse
1040 4415 1108 4475 de
1130 4415 1284 4474 bellis
1304 4415 1811 4490 inter_.lnstinianuui
1837 4429 1890 4490 et
1924 4415 2148 4490 Gotttios

588 4471 1025 4553 massas.
1047 4471 1242 4557 abibis
1260 4471 1396 4543 'se~é
1417 4471 1604 4541 ντθιιέί
1648 4487 1853 4557 εωνίυεί
1872 4471 2143 4541 ίηίθτη¹ί⁸έ
2178 4471 2226 4531 ⁰

586 4578 765 4625 cttere,
792 4556 1139 4628 scripserunt.
1167 4560 1325 4627 Iidem
1352 4558 1785 4628 delegationibus
1808 4556 1930 4628 binc
1947 4565 1999 4609 et
2019 4557 2141 4613 inde

587 4635 765 4688 missis
792 4645 858 4686 ea
884 4626 951 4686 de
978 4644 1153 4684 causa.
1189 4631 1526 4682 Buccelinum
1556 4642 1693 4681 anno
1723 4626 1827 4681 554
1860 4627 2020 4680 fuisse
2058 4628 2140 4681 iit-

586 4711 905 4771 teremptum
946 4710 1130 4754 censet
1159 4698 1428 4771 Valesius,
1469 4697 1783 4765 Hamingum
1815 4712 1971 4771 vero,
2005 4698 2139 4750 alte-

583 4792 699 4830 rum
727 4769 964 4827 Francici
997 4770 1264 4824 exercitus
1293 4770 1519 4831 ducem,
1553 4782 1693 4820 anno
1722 4769 1959 4835 sequenti
1978 4807 1993 4830 ,
2020 4783 2139 4820 cum

580 4846 687 4918 jatn
735 4839 1349 4918 LeutheriusBuccelini
1380 4838 1770 4918 Itratermp'r-aeda
1818 4846 2039 4918 onustus
2086 4837 2138 4895 in

581 4906 803 4983 patriam
830 4913 1030 4983 reverti
1054 4913 1309 4965 lestinans
1332 4948 1348 4971 ,
1379 4906 1854 4983 inter’l‘rideutum
1884 4921 1946 4959 ac
1982 4907 2142 4983 Vero-

581 4976 702 5043 nam
734 4986 912 5042 luisset
940 4981 1239 5037 defunctus.
1273 4985 1413 5043 Quas
1442 4979 1658 5047 quidem
1687 4976 2011 5032 Francorum
2038 4978 2145 5030 cla-

579 5059 675 5112 des
715 5053 976 5126 appendix
1029 5052 1096 5126 ad
1143 5048 1827 5126 Marcelliuunt__t_:0tuitem,
1871 5047 2063 5099 Marius
2093 5049 2144 5126 in

579 5118 878 5191 Chronico,
918 5125 1109 5179 Paulus
1151 5122 1453 5191 diaconus,
1485 5118 1676 5191 aliique
1726 5126 2003 5183 auctores,
2027 5118 2143 5191 sed

580 5197 740 5251 Variis
766 5187 939 5257 annis,
968 5200 1403 5250 commemorant.
1432 5188 1596 5242 Porro
1627 5188 1749 5241 licet
1776 5202 1837 5242 ea
1865 5187 2146 5240 occasione

580 5264 768 5319 Franci
794 5282 854 5320 ea
876 5282 991 5335 qua:
1010 5265 1062 5318 in
1087 5264 1233 5317 italia
1262 5260 1600 5335 possidebant
1628 5258 2146 5335 penitusamiserint,

584 5349 682 5388 nec
714 5345 838 5389 tunc
864 5327 1117 5402 temporis
1141 5327 1417 5401 quisQuam
1455 5331 1647 5402 missus
1694 5327 1854 5402 fuerit
1877 5328 1942 5379 ad
1975 5342 2034 5378 ea
2064 5343 2150 5402 re-

582 5404 911 5471 cuperanda;
941 5396 1254 5458 certum-est
1276 5396 1450 5455 iamen
1481 5400 1810 5471 Cblotarinm
1840 5409 2023 5471 postea
2052 5396 2151 5471 ali-

578 5467 705 5541 quid
737 5474 788 5527 in
815 5473 961 5526 Italia
987 5472 1303 5537 possedisse,
1333 5481 1387 5541 ut
1416 5471 1528 5537 ipse
1550 5468 2017 5541 Sigibertuslilius
2032 5467 2149 5541 ejus

580 5535 806 5599 testatur
831 5542 963 5595 infra
987 5535 1079 5595 lib.
1105 5557 1177 5604 ix.
1209 5556 1327 5607 cap.
1359 5535 1451 5603 20,
1480 5550 1533 5592 et
1558 5535 1889 5606 Langobardi
1921 5538 1969 5589 iu
2001 5535 2147 5589 Italia

577 5623 975 5669 commaueutes
1003 5613 1197 5663 tributa
1226 5611 1546 5662 Francorum
1578 5610 1788 5679 regibus
1820 5608 2144 5674 pendebant,

579 5704 643 5741 es
676 5684 769 5738 lib.
800 5698 855 5743 ι,
881 5697 997 5749 cap.
1024 5682 1077 5733 3.

2248 1830 2350 1883 rut,
2380 1818 2782 1886 promissionem
2807 1820 2875 1872 ab
2896 1833 2960 1873 eo
2974 1819 3263 1887 accipiens,
3296 1819 3417 1871 utsi
3449 1818 3737 1886 contigerit
3766 1817 3821 1870 in

2245 1910 2470 1965 articulo
2492 1910 2746 1981 temporis
2775 1911 2917 1964 illius
2947 1911 3280 1980 regem'mori
3301 1908 3777 1965 Chlothacbarium
3803 1948 3821 1972 ,

2246 2000 2424 2054 statim
2447 2000 2617 2068 ejecto
2637 2000 2863 2055 Cautino
2886 1999 2952 2054 ab
2974 2000 3287 2068 episcOpatu
3303 2041 3319 2065 ,
3346 2002 3443 2055 iste
3471 2013 3825 2068 przeponere-

2248 2098 2333 2145 tur
2365 2090 2634 2146 Ecclesiae.
2662 2089 2767 2145 Sed
2795 2091 2884 2160 qui
2915 2090 3221 2145 cathedram
3266 2091 3402 2144 beati
3436 2090 3645 2144 Martini
3688 2103 3825 2142 con-

2250 2182 2471 2252 temptui
2503 2182 2707 2247 habuit,
2738 2196 2895 2250 quam
2923 2182 3089 2234 voluit
3111 2196 3213 2233 non
3244 2180 3485 2247 accepit:
3517 2180 3825 2247 impletum«

2247 2290 2352 2344 que
2395 2283 2480 2329 est
2523 2275 2576 2329 in
2623 2291 2687 2331 eo
2729 2275 2869 2345 quod
2919 2275 3078 2328 David
3111 2273 3336 2338 cecinit,
3383 2272 3607 2327 dicens:
3638 2271 3824 2325 Noluit

2248 2366 2658 2431 benedictionem,
2688 2376 2734 2420 et
2759 2366 3147 2436 prolongabilur
3166 2365 3229 2419 ab
3249 2380 3308 2418 eo
3333 2362 3506 2435 (Paul.
3532 2379 3678 2425 cvm,
3709 2363 3823 2433 18).

2252 2458 2377 2513 Erat
2402 2460 2542 2515 enim
2574 2459 2821 2513 vanitatis
2841 2458 3104 2513 cothurno
3129 2458 3323 2520 elatus,
3357 2457 3560 2509 nullum
3588 2456 3688 2509 sibi
3722 2471 3823 2525 pu-

2250 2559 2367 2607 tans
2388 2553 2440 2606 in
2461 2552 2742 2607 sanctitate
2767 2551 2949 2606 haberi
2970 2553 3413 2621 praestantiorem.
3435 2549 3562 2602 Nam
3591 2550 3825 2616 quadam

2248 2646 2367 2699 vice
2406 2644 2665 2698 conducta
2715 2645 2938 2713 pecunia
2981 2644 3258 2697 mulierem
3315 2643 3551 2696 clamare
3596 2640 3722 2694 fecit
3773 2642 3824 2691 in

2250 2736 2496 2800 ecclesia,
2519 2738 2666 2805 quasi
2691 2751 2784 2805 per
2800 2736 3088 2805 energiam,
3115 2744 3169 2790 et
3198 2749 3258 2789 se
3280 2744 3520 2788 sanctum
3545 2746 3824 2800 magnum,

2251 2826 2464 2895 Deoque
2502 2827 2721 2881 charum
2750 2824 3022 2889 conﬁteri;
3060 2826 3338 2881 Cautinum
3385 2831 3564 2878 autem
3611 2825 3826 2890 episco-

2255 2935 2377 2989 pum
2420 2918 2666 2972 omnibus
2705 2916 2998 2971 sceleribus
3046 2918 3416 2978 criminosum,
3442 2913 3827 2983 indignumque

2252 3010 2339 3078 qui
2369 3008 2724 3064 sacerdotium
2756 3006 3029 3061 debuisset
3048 3005 3288 3075 adipisci.

2324 3101 2433 3155 XB.
2463 3100 2699 3170 Denique
2726 3098 2751 3137 κ
2778 3099 3032 3153 Cautinus
3073 3108 3345 3164 assumpto
3372 3096 3707 3165 episcopatu,
3737 3105 3821 3149 ta-

2256 3194 2360 3247 lem
2405 3205 2465 3247 se
2509 3191 2757 3255 reddidit,
2788 3200 2844 3244 ut
2872 3191 2940 3244 ab
2968 3189 3216 3243 omnibus
3261 3199 3650 3253 exsccraretur,
3700 3191 3827 3244 vino

2256 3284 2393 3338 ultra
2415 3283 2626 3337 modum
2657 3281 2864 3336 deditus
2896 3299 2907 3333 :
2939 3296 3058 3333 nam
3096 3279 3406 3349 plerumque
3434 3279 3484 3332 in
3516 3286 3721 3331 tantum
3746 3280 3827 3331 in-

2258 3376 2579 3431 fundebatur
2610 3388 2756 3444 potu,
2789 3382 2846 3428 ut
2870 3373 2937 3428 de
2959 3373 3204 3428 convivio
3234 3372 3390 3444 150
3428 3371 3516 3426 vix
3537 3386 3567 3423 a
3599 3380 3827 3439 quatuor

2256 3478 2573 3539 portaretur.
2601 3467 2750 3523 Unde
2790 3466 2983 3520 factum
3014 3473 3116 3528 est,
3148 3473 3205 3517 ut
3235 3464 3549 3534 epilepticus
3588 3461 3746 3516 fieret
3775 3462 3824 3514 in

2255 3558 2704 3628 sequentizquod
2756 3558 2949 3624 sacpius
2998 3553 3207 3623 populis
3255 3552 3646 3607 manifeStatum
3709 3553 3825 3604 luit.

2257 3650 2383 3703 Erat
2410 3649 2553 3704 enim
2576 3657 2630 3703 et
2657 3645 2891 3700 avaritiae
2921 3644 3182 3697 intentum
3210 3641 3541 3701 incumbens.
3566 3652 3623 3693 ut
3648 3639 3826 3708 cujus-

2254 3755 2460 3810 cunque
2502 3738 2851 3808 possessionis
2886 3735 3020 3790 lines
3040 3735 3157 3803 ejus
3183 3735 3411 3788 termino
3439 3732 3820 3799 adhmsissent,

2254 3832 2522 3887 interitum
2548 3829 2647 3885 sibi
2680 3837 2904 3898 putaret,
2929 3828 2972 3882 si
3014 3826 3082 3882 ab
3118 3824 3318 3881 eisdem
3347 3822 3545 3893 aliquid
3577 3838 3687 3878 non
3719 3824 3819 3876 mi-

2327 4018 2349 4046 ο
2393 4006 2523 4061 Mor.
2551 4019 2622 4069 8.,
2653 4018 2882 4057 saucum.

2322 4075 2348 4115 ιι
2390 4079 2478 4132 Sic
2531 4068 2692 4129 Corb.
2728 4086 2781 4127 et
2816 4075 3029 4143 Regum;
3061 4071 3236 4128 caeteri
3282 4069 3424 4135 fere,
3460 4069 3597 4122 tum:
3631 4068 3826 4137 quintis

2252 4149 2417 4205 stella:
2447 4145 2555 4212 alii,
2584 4143 2801 4199 stellam.

2261 4289 2273 4300 .
2326 4227 2366 4300 ς.
2389 4207 2603 4284 Regui.,
2638 4214 2727 4265 diu
2755 4230 2857 4268 non
2901 4221 3093 4283 pot-:rat
3132 4223 3284 4265 stare.
3317 4211 3439 4264 Bec.
3473 4217 3528 4262 ct
3571 4207 3731 4267 Bell.,
3772 4223 3827 4260 se

2242 4288 2601 4426 “immiti...
2627 4352 2851 4425 dirigens
2879 4352 3111 4407 Arvernis
3140 4352 3207 4404 ad
3228 4350 3395 4420 ﬁlium
3421 4364 3571 4403 suum
3596 4346 3790 4401 Chram

2252 4444 2505 4570 "Tunc
2532 4523 2690 4584 caput
2712 4515 2863 4571 deest
2892 4512 2943 4566 in
2970 4513 3094 4582 Reg.
3128 4522 3181 4566 et
3202 4510 3356 4564 Colb.

2316 4603 2347 4645 ιι
2387 4608 2616 4676 Aliquot,
2638 4606 2897 4676 suppetias
2919 4605 3283 4676 praestitissent.
3307 4603 3363 4656 Et
3390 4600 3795 4676 projo'nml‘lic

2246 4672 2728 4747 ringiam,-habent.
2756 4675 3059 4739 Tornacum,
3083 4673 3432 4747 Tltoringimn.
3459 4672 3659 4747 Marius
3678 4672 3799 4747 Titi:

2250 4743 2434 4818 ringite
2463 4748 2889 4818 devastatiouem
2911 4749 2980 4799 ob
3012 4745 3243 4818 prafstita
3274 4743 3573 4818 Saxonibus
3608 4743 3811 4818 auxilia

2248 4810 2368 4887 ρυεῖ
2391 4819 2611 4871 alteram
2637 4810 3318 4887 Chlotnrii‘expeditionem
3339 4812 3625 4880 contigisse
3650 4810 3796 4865 refer

2248 4881 2338 4941 an.
2374 4888 2443 4943 l5
2469 4888 2525 4941 P.
2550 4888 2610 4941 C.
2636 4885 2836 4947 Basilii,
2862 4884 2913 4936 id
2936 4892 3019 4937 est
3040 4881 3162 4947 556,
3199 4886 3426 4948 priorem
3453 4898 3594 4935 anno
3619 4897 3825 4950 praece-

2249 4960 2418 5023 denti,
2446 4972 2551 5026 quo
2571 4954 2983 5011 Theodebaldus
3009 4954 3156 5015 obiit,
3183 4957 3477 5021 consignat.

2326 5047 2345 5086 ⁸
2392 5049 2500 5101 llnc
2528 5056 2687 5115 caput
2710 5061 2813 5098 non
2845 5043 3043 5098 habent
3063 5044 3230 5115 Cnrb.
3255 5044 3460 5115 etllell.

2327 5119 2340 5168 i
2380 5112 2673 5173 Concilium
2696 5117 2968 5169 Aurelian.
2999 5129 3037 5167 ιι
3057 5129 3197 5166 anno
3217 5113 3478 5174 555.cau.
3505 5112 3593 5175 1⁸5,
3615 5113 3826 5174 statuit,

2250 5200 2303 5243 ut
2322 5189 2544 5252 abbates,
2576 5186 2895 5255 martyrarii,
2927 5194 3052 5247 etc.,
3085 5184 3358 5255 apostolia,
3380 5185 3426 5236 id
3483 5193 3597 5255 est
3622 5183 3829 5255 litteras

2253 5261 2607 5320 diunssorias,
2634 5252 2758 5310 daie
2781 5272 2882 5309 non
2908 5263 3231 5321 prwsnmant.
3252 5254 3543 5323 Martyrarii
3567 5252 3828 5323 dicebam

2252 5341 2359 5395 tur,
2386 5330 2524 5397 quod
2548 5337 2837 5396 martyrum
2868 5320 3117 5377 oratoriis
3144 5320 3456 5397 pricesseut.
3480 5322 3562 5397 Ex
3587 5320 3823 5397 formula

2256 5392 2643 5468 Andegaveusi,
2677 5392 2824 5449 num.
2848 5398 2945 5468 A48,
2980 5404 3121 5447 tomo
3151 5392 3485 5468 _lV_Analect.
3518 5392 3828 5468 Mabillon_.,

2255 5464 2520 5537 colligitur
2578 5464 2949 5536 martyrarium
3006 5464 3303 5517 matricultn
3357 5478 3455 5518 seu
3506 5464 3828 5527 nosocomio

2254 5554 2542 5609 pauperum
2574 5537 2870 5609 praemissa.

2324 5601 2487 5661 k'lloc
2531 5601 2687 5676 caput
2727 5607 2877 5660 deest
2905 5604 2954 5658 in
2987 5603 3171 5668 Corb.,
3220 5603 3375 5668 Bell.,
3422 5601 3552 5673 Reg.
3582 5611 3641 5659 et
3667 5601 3826 5659 Culb.
