3994 6194
166 350 231 403 επ
1030 348 1343 404 I'I-ISTORIA
1384 345 1821 402 FRANCUItUM.
1865 346 2066 400 LIBER
2103 344 2446 409 QUARTUS.

3229 346 3329 400 9.78

184 471 352 522 nuisset:
382 476 434 522 et
463 482 491 520 a
519 466 816 536 majoribus
838 465 1045 536 quidem
1065 482 1184 521 eum
1212 466 1324 520 rixa
1341 475 1396 522 et
1424 466 1676 519 seandalo
1706 468 1754 524 Α
1784 472 1865 515 tus
1894 460 2007 525 fuit,
2038 470 2095 515 ut
2123 460 2396 530 presbyter
2417 473 2574 530 caput
2604 463 2746 517 foras
2770 464 3041 528 educeret,
3076 463 3333 532 majorem

187 560 455 624 aulerebat,a
491 558 797 611 minoribus
843 567 1017 610 autem
1064 559 1326 611 violenter
1371 556 1674 625 diripiebat.

191 649 327 717 Quibus
347 659 393 702 et
420 663 447 701 a
474 648 691 717 quibus,
726 659 781 701 ut
807 648 1001 703 Sollius
1030 657 1055 684 ι
1088 659 1269 703 noster
1291 651 1383 714 ait,
1419 667 1436 699 ι
1461 663 1559 702 nec
1587 648 1680 701 da-

191 740 249 791 bat
275 738 406 807 pretia
450 747 823 800 contemnens,
857 754 953 791 nec
990 738 1282 805 accipiebat
1329 740 1677 791 instrumenta

188 828 469 895 desiimus.)
524 828 651 881 Erat
706 833 846 883 ettim
901 837 1025 881 tunc
1075 827 1328 896 temporis
1370 827 1679 880 Anastasius

188 921 409 990 presbyter,
441 920 705 987 ingenuus
730 934 947 984 genere,
979 918 1064 984 qui
1090 934 1181 986 per
1207 919 1417 972 chartas
1435 916 1680 987 gloriosa:

184 1010 385 1063 memorias
413 1008 811 1063 Chrotechildis
842 1013 1035 1077 regina:
1054 1010 1431 1078 preprietatem
1449 1008 1678 1077 aliquam

184 1100 418 1167 pOSsitlebat
449 1116 463 1151 :
496 1114 654 1168 quem
690 1100 1002 1167 plerumque
1046 1109 1364 1154 conventum
1399 1099 1679 1167 episcOpus

181 1192 345 1260 rogabat
366 1190 633 1244 humiliter
654 1205 717 1244 ac
746 1190 1074 1258 suppliciter,
1099 1200 1152 1242 ut
1178 1189 1225 1244 ei
1258 1192 1470 1242 chartas
1497 1204 1683 1258 supra-

180 1280 296 1335 dicta:
320 1281 497 1348 reginae
526 1280 698 1343 daret,
733 1278 939 1348 sibique
971 1280 1363 1348 possessionem
1397 1279 1531 1332 hanc
1558 1279 1684 1332 sub-

181 1368 309 1422 deret.
329 1369 415 1423 Sed
435 1369 521 1423 ille
537 1384 657 1422 cum
684 1368 1006 1423 voluntatem
1028 1368 1321 1421 sacerdotis
1342 1370 1422 1423 sui
1463 1369 1684 1436 implere

178 1457 371 1522 differret,
387 1473 613 1527 eumque
626 1458 903 1528 episcopus
916 1474 1055 1513 nunc
1068 1459 1334 1514 blanditiis
1347 1471 1681 1530 provocaret,

179 1564 281 1603 nunc
303 1550 445 1605 minis
472 1558 722 1615 terreret,
750 1550 815 1604 ad
862 1551 1103 1605 ultimum
1135 1553 1354 1606 invitum
1388 1554 1503 1608 urbi
1530 1555 1682 1609 exhi-

176 1637 257 1691 beri
284 1640 544 1708 prrccepit,
569 1639 746 1709 ibique
776 1642 1110 1709 impudenter
1140 1645 1335 1709 teneri;
1367 1653 1440 1711 et,
1469 1645 1567 1699 nisi
1598 1646 1687 1699 in-

174 1738 404 1783 strumenta
436 1730 608 1793 daret,
634 1730 841 1799 injuriis
869 1732 1007 1786 afﬁci
1046 1743 1099 1787 et
1129 1733 1266 1789 fame
1296 1736 1471 1788 necari
1488 1736 1669 1804 jussit.

1782 569 1887 622 quo
1928 564 2067 608 totus
2094 556 2435 624 egrederetur
2468 556 2663 609 aditum
2698 556 2915 610 liberius
2949 557 3225 625 patefecit.
3257 558 3339 610 In.

1782 654 1925 700 terea
1978 646 2340 716 operientibus
2394 648 2668 701 nocturnis
2732 648 2963 704 tenebris
3015 649 3191 714 diem,
3241 667 3340 703 nec

1782 736 1955 791 adhuc
1981 751 2358 807 usquequaque
2387 737 2767 803 dilfusis,aliud
2792 748 2991 808 crypta:
3022 741 3213 794 ostium
3247 756 3338 809 pe—

1784 831 1846 881 tit
1878 845 1892 884 :
1924 839 2037 882 erat
2064 830 2205 884 enim
2237 829 2369 882 seris
2393 828 2698 884 fortissimis
2728 829 2998 898 clavisque
3019 829 3341 885 ﬁrmissims

1782 922 2114 986 obseratum;
2149 930 2512 976 verumtamen
2544 936 2645 975 non
2673 931 2788 974 erat
2837 921 2908 975 ita
2946 921 3253 990 levigatum.
3289 935 3342 973 nt

1784 1014 1921 1067 inter
1953 1014 2152 1068 tabulas
2181 1013 2417 1081 aSpicere
2446 1014 2602 1067 homo
2634 1029 2737 1066 non
2767 1022 2964 1083 posset.
2994 1017 3072 1067 Ad
3102 1013 3198 1068 hos
3227 1015 3335 1066 adi.

1786 1117 1870 1160 tus
1918 1108 2193 1177 presbyter
2222 1114 2382 1174 caput
2416 1107 2661 1173 reclinat,
2694 1106 3031 1174 advertitque
3076 1106 3342 1159 hominem

1785 1197 1921 1248 viam
1963 1205 2388 1262 prmtereuntem.
2424 1196 2595 1260 Ilunc,
2631 1196 2752 1249 licet
2796 1211 2925 1249 voce
2971 1195 3137 1258 tenui,
3170 1207 3340 1249 vocat.

1786 1286 2011 1339 Exaudit
2037 1286 2145 1350 ille,
2176 1302 2272 1340 nec
2308 1301 2475 1350 mora,
2503 1302 2740 1340 securem
2766 1302 2921 1339 manu
2952 1295 3157 1350 tenens,
3184 1287 3343 1341 sudes

1788 1378 2013 1446 ligneas,
2044 1379 2232 1446 quibus
2255 1393 2387 1432 sera:
2414 1378 2845 1442 continebantur,
2876 1377 3084 1441 incidit,
3113 1364 3344 1431 aditum-

1786 1484 1889 1537 que
1939 1470 2246 1539 presbytero
2292 1468 2560 1536 patefecit.
2590 1471 2659 1521 At
2704 1467 2792 1522 ille
2834 1467 2900 1522 de
2932 1476 3086 1522 nocte
3124 1482 3343 1522 consur-

1784 1574 1935 1629 gens,
1981 1559 2045 1612 ad
2076 1559 2288 1612 domum
2323 1559 2511 1628 pergit,
2555 1560 2682 1612 satis
2721 1559 2893 1612 virum
2944 1559 3252 1622 obsecrans,
3280 1574 3345 1612 ne

1786 1651 1853 1705 de
1882 1666 1945 1705 eo
1967 1654 2209 1720 cuiquam
2241 1650 2384 1703 aliud
2421 1658 2714 1704 enarraret.
2743 1650 2966 1703 Domum
2999 1650 3155 1719 igitur
3196 1665 3344 1703 suam

1785 1743 2077 1811 ingressus.
2107 1740 2369 1810 inquisitis
2410 1740 2629 1805 chartis,
2661 1754 2793 1808 quas
2834 1740 2882 1793 ei
2927 1752 3214 1793 memorata
3264 1756 3345 1793 re-

173 1820 249 1874 Sed
282 1822 357 1874 ille
381 1822 518 1875 virili
565 1838 864 1891 repugnans
908 1824 1119 1891 spiritu,
1150 1841 1418 1895 nunquam
1454 1827 1681 1895 prtebuit
1710 1833 1757 1894 Β
1781 1832 1901 1900 gina
1955 1832 2263 1898 tradiderat,
2297 1832 2360 1883 ad
2403 1830 2866 1885 Chlothacharium
2922 1846 3098 1898 regem
3153 1830 3342 1891 defert.

171 1916 505 1983 instrumenta,
552 1914 735 1970 dicens
778 1917 1004 1972 :Satius
1048 1919 1146 1973 sibi
1196 1934 1314 1975 esse
1360 1921 1424 1974 ad
1478 1933 1683 1989 tempus

166 2006 297 2060 inedia
328 2008 617 2072 tabescere,
649 2024 807 2077 quam
850 2010 1088 2064 sobolem
1119 2011 1170 2064 in
1216 2020 1485 2080 posterum
1518 2014 1683 2069 mise-

162 2110 247 2148 ram
278 2098 585 2166 derclinqui.
620 2098 769 2153 Tunc
807 2116 871 2153 ex
897 2102 1045 2168 jussu
1076 2102 1313 2171 episcOpi
1341 2104 1562 2158 traditur
1588 2120 1683 2159 cu-

161 2188 375 2251 stodibus,
402 2199 458 2241 ut
490 2190 592 2243 nisi
627 2190 722 2242 has
749 2190 1019 2245 chartulas
1057 2193 1325 2261 proderet,
1358 2194 1496 2249 fame
1528 2210 1683 2250 neca-

159 2289 289 2333 retur.
322 2282 442 2335 Erat
468 2286 609 2337 enim
633 2283 697 2336 ad
722 2284 991 2338 basilicam
1018 2285 1187 2340 sancti
1209 2284 1373 2341 Cassii
1391 2285 1417 2324 ι)
1437 2290 1682 2358 martyris

156 2383 302 2441 crypta
330 2373 696 2443 antiquissima
746 2374 1205 2445 abditissimaque,
1238 2377 1325 2431 ubi
1366 2389 1479 2432 erat
1509 2381 1684 2448 sepul-

154 2478 269 2515 trum
305 2479 549 2532 magnum
580 2480 643 2517 ex
671 2479 938 2519 marmore
978 2466 1154 2531 Pario,
1214 2467 1266 2520 in
1294 2482 1396 2536 quo
1418 2470 1681 2537 grandaivi

154 2552 385 2620 cujusdam
412 2554 644 2609 hominis
671 2570 867 2624 corpus
898 2557 1126 2625 positum
1154 2557 1455 2613 videbatur.
1491 2561 1543 2613 In
1586 2562 1685 2616 hoc

151 2648 361 2712 sepulcro
399 2663 563 2716 super
584 2650 848 2716 sepultum
877 2652 1062 2704 vivens
1099 2651 1379 2722 presbyter
1408 2655 1682 2721 sepelitur,

149 2739 461 2805 operiturque
497 2739 693 2807 lapide,
725 2755 830 2808 quo
859 2741 1004 2808 prius
1051 2743 1434 2811 sarcophagum
1463 2744 1555 2797 fuit
1591 2746 1683 2797 oh-

145 2836 337 2894 tectum,
368 2831 509 2883 datis
539 2845 662 2884 ante
690 2835 881 2885 ostium
914 2833 1243 2889 custodibus.
1292 2835 1395 2890 Sed
1440 2842 1685 2890 custodes

143 2919 213 2972 idi
236 2922 370 2988 quod
405 2922 581 2991 lapide
613 2936 966 2993 premeretur,
1001 2940 1119 2978 cum
1144 2936 1289 2981 esset
1339 2934 1542 2996 hyems,
1592 2942 1683 2980 ac-

142 3024 281 3065 renso
308 3015 449 3084 igne,
474 3014 602 3069 vino
639 3016 794 3080 SOpiti
826 3016 996 3070 calido
1045 3016 1406 3071 obdormiunt.
1434 3020 1498 3071 At
1532 3034 1683 3087 pres-

139 3100 287 3171 byter,
320 3114 571 3174 tanquam
604 3120 771 3159 novus
800 3105 982 3172 Jonas,
1016 3106 1161 3162 velut
1188 3107 1254 3162 de
1307 3110 1458 3179 151
1498 3117 1683 3163 ventre

1786 1922 2028 1977 indicans
2070 1922 2300 1991 qualiter
2339 1921 2489 1991 152
2518 1923 2584 1973 ab
2623 1922 2874 1989 epiSropo
2921 1935 3017 1973 suo
3048 1922 3228 1972 vivens
3255 1935 3343 1972 se-

1784 2013 2233 2083 pulturtevfuerat
2288 2013 2631 2080 mancipatus.
2675 2010 3106 2076 Stupescentibus
3165 2019 3341 2063 autem

1783 2102 2048 2167 omnibus,
2078 2111 2131 2156 et
2161 2102 2479 2163 dicentibus,
2524 2116 2791 2168 nunquam
2828 2102 2909 2155 vel
2939 2101 3224 2163 Nero-lem,
3257 2102 3340 2154 vel

1784 2193 2048 2249 llerodem
2095 2193 2198 2248 tale
2238 2194 2440 2247 facinus
2472 2204 2822 2261 perpetrasse,
2860 2200 2914 2244 ttt
2961 2194 3118 2243 homo
3159 2206 3359 2246 Vivens.

1783 2287 2029 2354 sepulcro
2079 2286 2478 2347 reconderetur,
2534 2283 2749 2346 advenit
2779 2282 2843 2335 ad
2875 2282 3377 2340 ChlothacliariunL

1784 2391 1961 2448 regem
1993 2376 2250 2430 Cautinus
2293 2376 2572 2443 cpiscopus
2606 2392 2618 2428 :
2653 2373 2744 2428 sed
2795 2384 3079 2431 accusante
3120 2372 3377 2443 presby-.

1785 2479 1922 2533 tero,
1951 2469 2119 2521 victus
2148 2465 2507 2534 confususque
2553 2465 2821 2519 discessit.
2859 2464 3141 2533 Presbyter
3169 2472 3343 2521 autem

1784 2560 2013 2628 acceptis
2055 2573 2084 2611 a
2117 2572 2240 2627 rege
2291 2557 2755 2625 prmceptionihus,
2800 2570 2886 2613 res
2931 2570 3055 2609 suas
3091 2564 3149 2608 ut
3195 2555 3371 2615 libuit,_

1786 2649 2081 2705 defensavit
2123 2650 2481 2718 possedit-rue,
2522 2664 2582 2701 ac
2611 2648 2720 2701 suis
2763 2647 2991 2715 posteris
3039 2645 3338 2713 dereliquit.

1787 2742 1842 2795 In
1890 2742 2114 2795 Cautino
2156 2750 2330 2793 autem
2366 2739 2495 2792 nihil
2527 2739 2719 2800 sancti,
2755 2737 2885 2790 nihil
2934 2734 3081 2804 pensi
3115 2736 3208 2787 fmt
3235 2752 3247 2787 ε
3277 2735 3347 2790 de

1786 2834 2028 2888 omnibus
2078 2835 2218 2888 enim
2258 2833 2552 2899 scripturis,
2607 2839 2710 2883 tam
2760 2829 3132 2908 ecclesiasticis
3183 2844 3346 2895 quam

1788 2924 2152 2987 saecularibus,
2198 2910 2423 2989 adplene
2475 2920 2721 2974 immunis
2771 2919 2883 2971 fuit.
2938 2916 3135 2973 Judmis
3184 2921 3338 2974 valde

1789 3016 1982 3069 chartis
2010 3029 2071 3067 ac
2098 3014 2339 3066 subditus
2371 3024 2504 3073 erat,
2529 3026 2632 3063 non
2666 3024 2760 3079 pro
2789 3009 2979 3068 salute.
3012 3019 3067 3061 ut
3118 3014 3344 3077 pastoris

1788 3120 1912 3161 cura
1944 3104 2099 3159 debet
2130 3120 2249 3158 esse
2280 3103 2526 3168 sollicita,
2556 3102 2648 3154 sed
2691 3116 2784 3169 pro
2812 3102 3182 3167 comparandis
3222 3115 3341 3168 Spe-

140 3195 291 3263 mferi,
318 3200 389 3251 ita
416 3200 484 3252 de
514 3198 861 3253 conclusione
909 3200 1096 3253 tumuli
1125 3200 1337 3254 Domini
1383 3202 1677 3257 misericur-
1708 3202 1754 3262 C
1787 3198 1988 3262 ciebus,
2015 3210 2144 3266 quas
2166 3211 2284 3250 cum
2315 3196 2399 3248 hic
2415 3194 2758 3259 blandiretur,
2782 3202 2836 3247 et
2860 3192 2933 3245 illi
2961 3207 3019 3246 se
3042 3192 3349 3248 adulatores

135 3285 259 3339 diam
305 3287 599 3358 ﬂagitabat.
630 3290 693 3341 Et
722 3290 843 3359 quia
873 3292 1160 3358 spatiosum
1191 3300 1326 3357 erat,
1355 3301 1408 3345 ut
1433 3291 1684 3360 diximus,

130 3379 529 3450 sarcophagum,
555 3379 653 3434 etsi
681 3393 739 3433 se
771 3381 1034 3450 integrum
1074 3392 1287 3437 vertere
1318 3398 1423 3436 non
1459 3392 1685 3452 poterat,

129 3481 303 3522 manus
331 3478 512 3525 tamen
547 3472 598 3524 in
632 3481 781 3539 parte
815 3487 921 3542 qua
949 3474 1203 3529 voluisset
1237 3474 1403 3529 libere
1432 3476 1690 3530 extende-

129 3553 226 3609 bat.
258 3559 513 3615 Manabat
549 3562 691 3616 enim
728 3577 791 3617 ex
823 3564 1032 3618 ossibus
1075 3565 1319 3632 mortuis,
1350 3574 1409 3619 ut
1456 3566 1571 3635 ipse
1607 3583 1692 3622 re-

130 3648 260 3706 ferre
288 3664 405 3706 erat
435 3654 651 3719 solitus,
701 3657 839 3708 fetor
867 3656 1097 3721 lethalis,
1129 3657 1215 3722 qui
1242 3654 1349 3711 non
1390 3659 1561 3712 solum
1595 3674 1691 3712 ex-

128 3752 496 3808 terna,verum
520 3748 680 3800 etiam
706 3751 909 3801 interna
940 3751 1200 3802 viscerum
1231 3749 1517 3817 quatiebat.
1535 3750 1693 3802 Cum-

126 3851 221 3902 que
262 3840 432 3908 pallio
478 3840 656 3895 aditus
686 3840 891 3894 narium
923 3842 1223 3906 obseraret,
1249 3842 1481 3907 quandiu
1511 3840 1690 3894 (latum

126 3930 395 3985 continere
427 3940 661 3999 poterat,
693 3931 823 3984 nihil
854 3934 1135 4000 pessimum
1164 3932 1419 3986 sentiebat
1452 3950 1463 3982 :
1493 3932 1577 3984 ubi
1602 3946 1694 3985 au-

129 4028 225 4073 tem
254 4038 316 4077 se
356 4026 507 4093 quasi
541 4024 791 4077 sutfocari
825 4024 1061 4093 putabat,
1090 4034 1294 4078 remoto
1324 4024 1595 4092 paululum
1629 4024 1695 4078 ab

128 4124 213 4164 ore
260 4115 450 4180 pallio,
484 4129 587 4167 IIOII
619 4114 778 4167 modo
820 4128 915 4181 per
943 4129 1006 4167 os
1033 4123 1123 4167 aut
1170 4128 1263 4181 per
1305 4127 1480 4176 nares,
1513 4128 1693 4166 verum

128 4203 282 4256 etiam
315 4221 412 4273 per
438 4189 601 4273 ipsas.
645 4214 701 4258 ut
741 4206 808 4257 ita
839 4204 1033 4271 dicam,
1073 4218 1253 4270 aures,
1285 4203 1501 4256 odorem
1535 4204 1697 4270 pesti-

131 4297 291 4352 ferum
340 4300 640 4353 nauriebat.
678 4297 815 4363 Quid
862 4297 1043 4366 plura?
1074 4295 1297 4362 Quando
1322 4294 1609 4358 divinitati,
1642 4305 1698 4347 ut

129 4390 304 4455 credo,
336 4390 636 4453 condoluit,
665 4405 879 4442 manutn
905 4388 1181 4441 dexteram
1206 4386 1269 4439 ad
1295 4386 1699 4455 spondamsaro

130 4483 349 4551 cephagi
390 4482 588 4545 tendit,
648 4480 951 4548 reperitque
1001 4490 1225 4541 vectem,
1275 4478 1365 4547 qui
1410 4477 1701 4531 decedente

1791 3289 2221 3344 manifestissime
2242 3286 2592 3351 declararent,
2622 3284 2810 3354 majori
2837 3300 2995 3354 quam
3035 3287 3351 3341 constabant

1791 3380 1962 3449 pretio
1991 3378 2381 3433 venumdabant
2416 3387 2462 3430 ε.

1867 3470 2001 3527 XIII.
2026 3470 2321 3525 Chramnus
2350 3466 2374 3505 ἀ
2413 3483 2541 3525 vero
2565 3467 2647 3522 his
2675 3468 2859 3523 diebus
2890 3468 3025 3539 apud
3053 3469 3348 3525 Arvernum

1793 3564 2077 3619 residebat.
2112 3564 2289 3618 Multa:
2317 3563 2458 3616 enim
2488 3577 2661 3617 causa:
2686 3573 2811 3617 tunc
2851 3577 2946 3632 per
2983 3578 3102 3617 eum
3133 3563 3343 3617 irratio-

1795 3654 2041 3709 nabiliter
2086 3653 2437 3721 gerebantur;
2468 3663 2520 3708 et
2549 3653 2617 3707 ob
2647 3655 2745 3707 hoc
2773 3654 3096 3708 acceleratus
3125 3664 3206 3708 est
3232 3663 3254 3690 θ
3280 3655 3348 3707 de

1795 3745 1994 3799 mundo
2025 3760 2040 3798 :
2071 3743 2293 3797 multum
2322 3744 2462 3797 enim
2493 3744 2911 3799 maledicehatur
2931 3761 2959 3797 a
2984 3745 3196 3813 populo.
3229 3744 3350 3797 Nul-

1794 3836 1903 3890 lum
1941 3844 2116 3889 autem
2160 3835 2430 3889 hominem
2463 3835 2733 3904 diligebat,
2763 3850 2792 3888 a
2816 3852 2920 3905 quo
2947 3836 3228 3890 consilium
3264 3839 3353 3891 bo-

1796 3943 1922 3982 num
1976 3927 2209 3995 utileque
2238 3937 2416 3995 posset
2446 3927 2715 3993 accipere;
2751 3929 2849 3981 nisi
2893 3929 3137 3983 collectis
3166 3930 3357 3984 vilibus

1797 4021 2040 4090 personis
2089 4028 2247 4073 actate
2285 4019 2505 4088 juvenili
2555 4020 2952 4089 fluctuantibus,
2983 4022 3200 4077 eosdem
3242 4034 3357 4077 tan-

1799 4115 2070 4169 tummodo
2090 4114 2340 4185 diligebat
2358 4112 2399 4180 τ,
2416 4130 2706 4183 eorumque
2727 4116 3261 4180 consiliumaudiens,
3286 4118 3357 4173 ita

1798 4216 1853 4261 ut
1888 4208 2022 4259 tilias
2048 4215 2353 4260 senatorum
2386 4206 2522 4259 dalis
2555 4206 3019 4274 pi-receptionibus,
3046 4207 3245 4259 eisdem
3278 4210 3355 4259 vi-

1798 4298 2045 4352 dentibus
2070 4298 2202 4352 trahi
2238 4306 2263 4344 8
2291 4297 2524 4365 juberet.
2556 4296 2895 4349 Firminuma
2927 4296 3185 4359 comitatu,
3214 4297 3361 4352 urbis

1800 4390 2033 4457 graviter
2059 4388 2588 4457 injuriatumabegit,
2622 4397 2677 4443 ct
2714 4387 3001 4442 Salustium
3034 4388 3221 4443 Evodii
3254 4389 3360 4461 [AL

1806 4475 2029 4547 Euvodi]
2059 4478 2220 4532 ﬁlium
2266 4479 2587 4543 subrogavit.
2617 4477 2722 4532 Sed
2756 4476 3021 4531 Firminus
3046 4492 3166 4533 cum
3200 4493 3357 4533 socru

131 4574 420 4635 operturio,
449 4574 589 4624 inter
617 4571 787 4637 ipsum
818 4584 880 4622 ac
924 4569 1117 4621 Iahiutn
1150 4568 1379 4635 sepulcri
1428 4582 1694 4621 remanse-
1730 4568 1899 4626 Dsua
1947 4568 2449 4635 ecclesiam'petiit.
2495 4568 2660 4620 Erant
2705 4576 2881 4621 autem
2932 4567 3383 4639 Quadragesimre

134 4672 227 4713 rat.
258 4664 431 4729 Quem
475 4662 731 4731 paulatim
784 4675 1146 4723 commovens,
1177 4659 1345 4711 sensit
1383 4668 1704 4725 c00perante

137 4751 221 4805 ltei
251 4755 545 4823 adjutorio,
568 4754 795 4823 lapidem
828 4757 1080 4806 amoveri.
1099 4751 1296 4806 Verum
1321 4751 1409 4805 ubi
1434 4751 1503 4804 ita
1529 4767 1706 4805 remo-

203 4894 227 4919 ⁸
263 4884 418 4949 Bad.,
464 4884 712 4946 Solinus;
766 4883 857 4936 sed
917 4891 1094 4936 nostra
1153 4883 1308 4935 lectio
1356 4883 1562 4936 melior.
1611 4882 1707 4938 llic

136 4953 331 5018 quippe
364 4954 697 5019 Apollinaris
727 4953 976 5006 Sidonius
1006 4952 1328 5021 designatur.
1360 4953 1443 5021 qui
1482 4963 1534 5005 et
1557 4951 1703 5007 dice-

139 5022 287 5075 batur
324 5023 481 5078 Caius
514 5022 732 5076 Sollius.
768 5023 937 5076 Locus
964 5033 1138 5075 autem
1165 5038 1192 5072 :t
1227 5020 1481 5089 Gregdrio
1511 5024 1694 5074 lauda-

136 5100 219 5142 tus
246 5097 472 5147 trahetur
503 5094 557 5145 in
595 5093 814 5159 epistola
846 5095 895 5155 1,
930 5094 1019 5145 lib.
1056 5108 1116 5157 tt,
1147 5108 1268 5159 qua:
1296 5104 1377 5145 est
1404 5093 1471 5149 ad
1504 5093 1695 5147 Ilecdi-

134 5164 292 5227 cium,
328 5166 413 5217 ubi
440 5162 678 5227 loquitur
702 5164 767 5216 de
792 5164 1029 5217 Serenati
1061 5164 1219 5225 vitiis,
1245 5166 1329 5227 qui
1364 5179 1447 5215 res
1475 5163 1697 5215 aliorqu

133 5230 419 5287 invadebat
452 5234 602 5286 nullo
631 5234 756 5284 dato
785 5234 975 5300 pretio,
1004 5233 1144 5301 quod
1175 5248 1267 5286 eos
1292 5243 1695 5297 contemneret;

131 5314 228 5356 nec
257 5305 561 5371 accipiebat
596 5303 968 5367 instrumenta,
997 5304 1050 5356 id
1080 5310 1162 5356 est
1189 5304 1390 5359 litteras
1426 5318 1520 5356 seu
1552 5304 1699 5355 tabu-

131 5371 205 5423 ιιι
236 5375 583 5427 venditionis.

64 5440 67 5461 ⁵
198 5442 224 5478 δ
246 5444 323 5497 De
355 5446 455 5498 hac
476 5444 570 5498 lib.
602 5457 619 5495 ι
650 5442 718 5496 de
767 5442 1010 5497 ecclesiis
1037 5440 1363 5495 Claromont.
1394 5441 1579 5494 Exstat
1609 5441 1702 5495 ho-

128 5512 230 5581 die.
270 5524 331 5566 ut
360 5521 549 5568 monet
600 5513 822 5575 Savaro,
872 5514 1164 5581 parochiali
1226 5512 1376 5564 titulo
1424 5512 1695 5579 insignita.

130 5579 262 5636 \ute
294 5601 457 5650 supra
492 5586 586 5637 lib.
626 5597 665 5647 ι,
696 5584 761 5635 ad
786 5579 902 5649 capi.
929 5582 1013 5633 51.
1054 5582 1127 5634 De
1158 5582 1214 5634 S.
1256 5582 1436 5636 Cassio
1464 5593 1513 5635 et
1546 5583 1703 5633 suetis

124 5664 291 5715 agunt
347 5652 683 5708 Bollandiani
736 5652 802 5707 ad
846 5655 986 5706 diem
1038 5654 1104 5706 ’15
1156 5650 1309 5707 Febr.
1362 5669 1463 5720 quo
1514 5666 1699 5706 eorum

124 5722 325 5774 festum
359 5726 680 5779 celebratur.

197 5802 223 5830 ε
255 5794 463 5850 Chcsn.
485 5803 538 5850 et
567 5792 752 5860 Frcb.,
780 5792 1133 5846 venumdabat.

1804 4660 1919 4712 dies
1950 4677 1961 4711 :
1993 4669 2045 4713 et
2066 4658 2320 4714 Cautinus
2342 4661 2623 4725 episcopus
2649 4660 2698 4711 in
2744 4659 3109 4715 Brivateusem
3161 4663 3363 4717 dimce-

1807 4750 1904 4804 sim
1928 4744 1955 4787 δ
1988 4748 2259 4816 psallendo
2288 4751 2433 4804 adire
2479 4750 2833 4818 disposuerat,
2875 4751 3025 4819 juxta
3072 4751 3362 4806 institutio-

1877 4880 1901 4918 d
1935 4882 2047 4936 [Ioc
2086 4892 2245 4951 caput.
2288 4882 2441 4935 deest
2469 4881 2518 4935 in
2550 4896 2664 4951 reg.
2695 4891 2748 4935 et
2791 4882 2943 4937 Colb.
2991 4883 3189 4939 Confer
3236 4883 3363 4937 illud
3400 4910 3404 4915 ι

1809 4969 1926 5005 cum
1954 4968 2071 5021 cap.
2104 4950 2171 5003 66
2200 4953 2314 5004 libri
2348 4968 2363 5004 ι
2390 4955 2457 5005 de
2488 4953 2665 5005 Gloria
2698 4953 2847 5005 Mart.

1882 5034 1903 5059 ι·
1934 5022 2023 5075 Sic
2046 5037 2171 5075 mss.
2208 5021 2349 5074 Editi
2380 5037 2526 5081 vero,
2556 5024 2765 5075 celerius
2795 5023 2997 5074 ablatus
3026 5031 3119 5074 est.

1881 5090 1900 5131 ί
1932 5093 2019 5145 Su;
2049 5092 2203 5145 iidem
2249 5107 2377 5145 mss.
2416 5096 2477 5143 At
2516 5092 2641 5143 editi
2690 5094 2906 5154 habent,
2962 5092 3197 5143 collectas
3248 5091 3368 5145 viles
3402 5136 3405 5137 ν

1807 5179 2046 5233 personas
2067 5174 2211 5215 wtate
2230 5161 2439 5225 iuvenili
2474 5164 2776 5230 ﬂuctuantes
2796 5161 3007 5279 [avebat
3034 5171 3080 5212 et
3106 5161 3369 5229 diligebat.

1878 5243 1903 5279 ε
1937 5234 2026 5279 Sic
2061 5233 2252 5279 Corb-:
2284 5234 2370 5279 alii
2400 5249 2553 5279 mss“
2585 5232 2631 5279 vi
2652 5231 2849 5279 ἄρα·αή
2884 5231 3094 5279 iuberet-
3122 5231 3245 5279 Ed...
3273 5235 3369 5279 da—

1878 5243 1903 5280 ε
1937 5234 2026 5285 Sic
2061 5233 2253 5296 Corb.;
2284 5234 2370 5283 alii
2400 5249 2553 5295 inss.,
2585 5232 2631 5283 vi
2652 5231 2849 5282 detrahi
2872 5231 3094 5300 juberet.
3122 5231 3245 5292 Ed.,
3273 5235 3371 5282 da-

1806 5305 1869 5355 tis
1911 5302 2325 5368 prazdationibus,
2374 5315 2485 5362 seu,
2521 5303 2645 5353 dans
2694 5300 3038 5365 pradonibus,
3085 5303 3281 5353 eisdem
3325 5303 3373 5355 vi

1809 5372 2027 5433 detrahi,
2052 5381 2154 5424 etc.
2180 5370 2442 5424 Firminus
2470 5370 2554 5424 hic
2583 5369 2842 5433 laudatus,
2868 5382 2981 5424 erat
3006 5368 3229 5427 enobili
3254 5371 3369 5425 Fir-

1811 5444 2073 5494 tniuorum
2122 5440 2337 5504 familia,
2370 5441 2457 5505 qui
2501 5439 2735 5503 prtet‘ecti
2766 5443 3014 5506 prmtorio
3062 5450 3117 5495 et
3168 5444 3376 5510 patricii

1812 5516 2045 5574 fuerunt,
2082 5514 2156 5562 uti
2186 5526 2249 5564 ex
2293 5510 2515 5564 novellis
2550 5510 2897 5563 Valentiniani
2938 5523 2991 5563 et
3020 5512 3268 5567 Marcrani
3311 5514 3375 5564 li-

1809 5594 1955 5646 quet.
1989 5582 2089 5633 Eos
2119 5590 2293 5634 autem
2322 5597 2384 5633 ex
2420 5579 2669 5634 Arvernis
2708 5579 2961 5634 oriundus
3011 5582 3174 5637 fuisse
3220 5590 3374 5650 putat

1809 5654 2010 5703 Savaro
2035 5654 2082 5702 in
2116 5654 2251 5704 uotis
2280 5652 2345 5705 ad
2370 5653 2526 5721 epist.
2557 5650 2591 5703 9.
2622 5650 2848 5715 Sidonii,
2892 5650 2983 5705 lib.
3018 5667 3091 5721 tx,
3126 5668 3243 5721 qua}
3288 5663 3403 5706 ests

1811 5724 1873 5774 ad
1910 5721 2219 5776 Firtttittttttt.

1884 5790 1907 5827 δ
1943 5791 2175 5845 Diwcesis
2218 5794 2299 5847 hic
2325 5810 2509 5862 prgin)
2555 5794 2824 5864 designat;
2875 5811 2993 5851 naut
3029 5793 3255 5855 lirivale,
3287 5792 3401 5845 ubi.
