3994 6194
603 273 708 330 279

1635 274 1694 332 S.
1734 274 2058 332 GREGORII
2100 274 2405 332 EPISCOPI
2440 273 2862 334 TURONENSIS

3740 275 3855 332 280

604 403 726 442 nem
773 387 940 444 sancti
978 387 1136 456 Galli,
1167 387 1303 443 sicut
1331 402 1490 456 supra
1537 388 1870 458 scripsimus.
1905 390 2164 459 Egressus
2192 395 2239 450 Α
2267 402 2669 445 cutttemnerent
2701 390 2945 444 reddere.
2992 387 3082 442 His
3122 388 3368 444 incitatus
3412 390 3610 454 verbis,
3641 390 3707 444 ad
3751 405 3854 445 eos

605 488 686 534 est
721 477 878 549 igitur
923 479 1201 544 episcOpus
1229 478 1296 531 ab
1326 480 1454 532 urbe
1487 492 1608 532 cum
1657 494 1846 545 magno
1874 480 2017 543 lletu,
2052 496 2164 535 me-

607 577 762 622 tuens
795 581 860 622 ne
886 567 1082 638 aliquid
1115 567 1165 621 in
1205 566 1394 622 itinere
1437 568 1642 621 adversi
1678 567 1829 641 153
1861 566 2121 636 perferret
2150 587 2163 621 :

606 658 911 715 intendebat
955 660 1096 713 enim
1121 667 1176 713 et
1205 659 1300 727 ipsi
1331 674 1422 713 rex
1459 667 1484 696 ι
1520 659 1815 713 Chramnus
1845 661 2034 713 minas.
2068 660 2168 727 Qui

606 758 729 811 dum
754 757 854 811 iter
878 764 1077 826 ageret,
1117 755 1261 809 misit
1283 770 1371 809 rex
1410 754 1794 809 lmnacharium
1834 763 1885 809 et
1913 754 2170 821 Scaptha-

606 848 742 902 rium
775 848 972 916 primos
996 847 1062 901 de
1085 847 1251 900 latere
1278 862 1376 900 suo
1398 846 1448 912 δ,
1466 847 1647 901 dicens
1679 851 1699 900 :'
1725 847 1800 901 lte
1823 857 1873 901 et
1896 848 1943 901 vi
1971 849 2172 901 abstra-

607 939 717 994 hite
750 938 1060 1001 Firminum,
1091 936 1482 1005 Caesariamque
1510 952 1718 991 socrum
1749 935 1865 1005 ejus
1907 936 1974 991 de
2001 937 2168 990 ecclcc

608 1031 711 1087 sia.
743 1029 1056 1084 Discedente
1088 1039 1110 1066 ε
1141 1044 1269 1083 vero
1297 1030 1546 1097 episcopo
1567 1044 1684 1083 cum
1714 1029 2010 1097 psallentio,
2035 1029 2172 1082 sicut

607 1137 764 1192 supra
797 1121 1293 1189 memoravimus,bi
1316 1120 1404 1191 qui
1434 1122 1579 1175 missi
1612 1122 2167 1187 lucrautaChranmo,

611 1210 981 1282 ingrediuntur
1009 1210 1314 1278 ecclesiam,
1358 1225 1421 1265 ac
1462 1211 1754 1267 Firminum
1786 1213 2172 1280 Caesariamque

611 1303 776 1359 variis
823 1303 1235 1359 collocutionum
1281 1303 1417 1358 dolis
1466 1303 1696 1358 mulcere
1727 1313 1950 1358 tentant.
1977 1305 2172 1359 Verum

611 1395 698 1451 ubi
726 1396 1020 1452 diutissime
1043 1396 1142 1450 alia
1169 1410 1234 1450 ex
1272 1395 1388 1450 aliis
1415 1395 1822 1450 deambulautes
1866 1411 1958 1464 per
2001 1398 2176 1452 eccle-

611 1486 744 1541 siam
772 1488 1167 1558 colloquuntur,
1211 1495 1263 1543 et
1289 1488 1340 1544 in
1373 1488 1473 1541 hoc
1502 1489 1587 1556 qui
1620 1487 1967 1557 confugerant
1997 1489 2174 1544 inten-

613 1579 803 1634 derent
850 1594 916 1634 ex
958 1579 1137 1634 animo
1164 1595 1281 1650 qua
1325 1580 1658 1643 dicebantur,
1687 1581 1752 1634 ad
1781 1582 1953 1650 regias
1980 1578 2008 1617 ἀ
2044 1583 2176 1636 aedis

616 1685 808 1737 sacrte,
850 1687 967 1739 qum
1008 1682 1131 1727 tunc
1169 1681 1418 1728 reseratae
1461 1669 1694 1739 fuerant,
1726 1675 2174 1743 appropinquant.

2268 481 2467 548 dirigit.
2490 479 2727 549 Cumque
2765 480 2872 547 jam
2897 493 3061 548 prope
3092 479 3376 533 terminum
3417 479 3628 534 illorum
3677 489 3854 548 esset,

2268 572 2507 627 Saxones
2544 572 2743 641 legatos
2765 570 2830 624 ad
2850 587 2968 624 eum
2994 571 3230 634 mittunt,
3257 573 3493 627 dicentes
3521 590 3532 624 :
3565 571 3680 626 Non
3702 573 3856 628 enim

2269 675 2451 715 sumus
2473 670 2869 730 contemptores
2899 662 2994 723 tui,
3019 672 3071 714 et
3093 675 3153 715 ea
3187 678 3304 729 quae
3333 662 3584 717 fratribus
3615 660 3641 700 δ
3669 679 3737 718 ac
3771 681 3857 719 ne-

2271 752 2482 822 potibus
2513 754 2618 804 tuis
2641 747 2866 806 reddere
2892 754 3288 818 consuevimus,
3325 767 3430 806 non
3479 768 3766 820 negamus,
3804 765 3860 808 et

2273 844 2472 912 majora
2497 843 2692 905 adhuc,
2736 843 2780 895 si
2824 844 3124 912 quaesieris,
3172 843 3478 897 reddemus.
3502 843 3677 900 Unuru
3737 854 3860 897 tan-

2280 943 2388 986 tum
2438 933 2798 1000 exposcimus,
2834 943 2889 985 ut
2932 933 3000 985 sit.
3055 949 3170 1000 pax,
3202 949 3269 987 ne
3317 943 3441 988 tuus
3475 935 3758 988 exercitus
3805 946 3860 988 et

2275 1032 2458 1080 noster
2483 1025 2708 1092 populus
2732 1024 3036 1077 collidatur.
3071 1025 3193 1078 llaec
3244 1024 3465 1079 audiens
3491 1024 3860 1079 Chlotbacha-

2275 1112 2386 1166 rius
2410 1128 2527 1178 rex,
2560 1116 2635 1167 ait
2660 1113 2770 1167 suis
2805 1129 2818 1165 :
2852 1113 2995 1168 Bene
3024 1114 3310 1182 loquuntur
3336 1113 3389 1168 hi
3415 1114 3661 1168 homines
3693 1132 3706 1166 :
3748 1130 3856 1167 non

2275 1205 2582 1260 incedamus
2611 1220 2769 1272 super
2794 1218 2910 1269 eos,
2940 1219 3007 1260 ne
3023 1205 3157 1259 forte
3186 1220 3467 1269 peccemus
3488 1206 3538 1258 in
3571 1207 3770 1260 Deum.
3792 1207 3861 1260 At

2277 1299 2352 1353 illi
2381 1299 2630 1354 dixerunt
2659 1317 2674 1352 :
2704 1297 2911 1352 Scimus
2937 1298 3079 1353 enim
3125 1313 3217 1352 eos
3262 1297 3568 1362 mendaces,
3600 1313 3704 1352 nec
3733 1312 3857 1352 om-

2278 1390 2403 1462 njno
2425 1393 2565 1456 quod
2598 1391 2942 1458 promiserint
2965 1389 3292 1460 impleturus.
3321 1389 3515 1444 Eamus
3541 1404 3708 1456 super
3737 1405 3862 1444 eos.

2280 1481 2514 1536 Rursum
2564 1481 2802 1536 Saxones
2838 1480 3141 1535 obtulerunt
3189 1480 3528 1534 medietatem
3583 1479 3864 1534 facultatis

2279 1588 2409 1638 sum,
2435 1587 2616 1639 pacem
2648 1580 2906 1639 petentes.
2930 1572 2995 1626 Et
3023 1570 3460 1626 Cblothacharius
3483 1587 3577 1624 rex
3605 1572 3682 1623 ait
3702 1573 3819 1624 suis
3845 1589 3861 1625 :

2285 1663 2554 1729 Desistite,
2601 1663 2896 1732 quzeso,ab
2945 1662 3028 1716 ltis
3080 1662 3399 1726 hominibus,
3449 1676 3512 1715 ne
3539 1676 3706 1730 super
3764 1679 3865 1718 nos

619 1761 1135 1818 funcltuuacharius
1149 1763 1464 1827 Firminum,
1486 1763 1828 1833 Scaptharius
1848 1775 1870 1803 ε
1894 1765 2176 1820 Caesariani
2209 1756 2254 1814 Β
2282 1754 2373 1808 Dei
2403 1754 2481 1808 ira
2511 1755 2830 1807 conCilelur-
2857 1751 3006 1819 000d
3038 1753 3108 1805 il“
3141 1767 3243 1804 "0“
3282 1752 3683 1817 θοίμιῖθνθτυηῑ-
3723 1751 3866 1805 Rm"

614 1855 980 1924 apprehensos
1012 1855 1150 1911 inter
1171 1855 1387 1911 brachia
1418 1858 1484 1912 ab
1509 1859 1730 1913 ecclesia
1762 1857 2000 1927 ejiciunt,
2031 1875 2182 1926 para-

615 1945 682 1998 tis
733 1944 906 2014 pueris
947 1946 1034 2015 qui
1081 1947 1410 2016 susciperent
1439 1965 1451 2001 ε
1484 1963 1616 2017 quos
1647 1953 1824 2003 statim
1858 1949 1908 2002 in
1938 1952 2177 2006 exsilium

612 2035 948 2091 direxerunt.
976 2035 1081 2092 Sed
1124 2035 1212 2092 die
1255 2037 1417 2092 altera
1445 2038 1712 2107 depressis
1734 2055 1921 2094 somno
1949 2046 2182 2098 custodi-

615 2126 735 2192 bus,
766 2126 861 2196 ipsi
895 2142 954 2181 se
984 2128 1181 2183 liberos
1207 2129 1514 2193 sentientes,
1547 2130 1612 2184 ad
1643 2131 1777 2186 beati
1812 2134 2011 2188 Juliani
2039 2135 2182 2190 basi-

613 2221 768 2276 licam
810 2221 1145 2290 confugiunt,
1179 2229 1232 2275 et
1261 2222 1338 2275 sic
1382 2222 1450 2276 ab
1489 2224 1683 2280 exsilio
1727 2226 2063 2283 liberantur:
2096 2245 2182 2284 res

614 2322 788 2366 tamen
842 2326 1029 2367 eorum
1085 2312 1212 2366 ﬁsco
1257 2313 1463 2366 collata:
1514 2322 1656 2368 sunt.
1686 2316 1944 2370 Cautinus
2001 2329 2178 2374 autem

615 2405 917 2473 episcopus,
943 2420 1062 2458 cum
1094 2414 1372 2474 suspectus
1393 2415 1536 2462 esset
1565 2409 1705 2477 quod
1734 2418 1787 2463 et
1816 2411 1932 2481 ipse
1963 2413 2181 2482 injuria-

616 2504 801 2560 retur,
847 2510 910 2550 ac
962 2507 1308 2550 memoratum
1362 2498 1462 2552 iter
1505 2507 1681 2554 terens
1723 2516 1913 2571 equum
1965 2504 2184 2560 haberet

618 2595 866 2652 stratum,
901 2585 1033 2642 vidit
1062 2597 1179 2656 post
1209 2599 1410 2657 tergum
1449 2590 1692 2646 homines
1740 2595 2014 2649 venientes
2061 2611 2179 2650 cum

616 2679 859 2743 caballis,
891 2680 980 2750 qui
1009 2681 1072 2734 ad
1102 2696 1380 2735 occursum
1411 2682 1528 2751 ejus
1551 2684 1852 2752 veniebant,
1875 2695 1928 2740 et
1957 2687 2060 2740 ait:
2090 2687 2182 2742 Va:

614 2769 765 2836 mihi,
797 2770 920 2839 quia
971 2769 1021 2824 hi
1073 2781 1196 2824 sunt
1244 2787 1378 2839 quos
1427 2774 1724 2830 Chramnus
1767 2777 1959 2831 direxit
1999 2779 2062 2831 ad
2096 2794 2181 2833 me

612 2860 1193 2925 comprehendendum.
1220 2861 1287 2914 Et
1314 2876 1538 2917 ascenso
1561 2866 1735 2933 equite
1761 2866 1866 2938 [Αι.
1893 2870 2071 2939 equoj,
2097 2885 2181 2924 re-

612 2951 736 3008 licto
769 2952 1072 3022 psallentio,
1125 2953 1272 3007 solus
1326 2968 1492 3023 usque
1530 2954 1581 3008 in
1633 2957 1894 3025 porticum
1942 2959 2179 3016 basilica:

610 3048 781 3097 sancti
815 3043 1035 3110 Juliani,
1082 3043 1341 3097 ambobus
1390 3060 1581 3114 urgens
1632 3047 1896 3102 calcaneis
1928 3052 2176 3116 cornipe-

2281 1857 2397 1895 sum
2450 1841 2690 1896 Saxones
2743 1842 3048 1895 obtulerunt
3118 1843 3450 1902 vesumenta,
3508 1854 3728 1905 pecora,
3779 1841 3866 1894 vel

2281 1947 2441 1986 Omne
2480 1945 2672 2001 corpus
2707 1932 2968 1985 lacultatis
3011 1946 3140 1995 sur,
3193 1931 3472 1983 dicentes:
3512 1929 3638 1982 llrec
3676 1932 3866 1983 omnia

2284 2025 2448 2078 tollite
2473 2040 2591 2078 cum
2637 2024 2924 2080 medietate
2975 2035 3127 2078 terrae
3158 2033 3353 2077 nostra-
3384 2043 3395 2075 :
3429 2033 3627 2078 tantum
3659 2041 3866 2080 uxores

2287 2127 2339 2172 et
2372 2119 2618 2186 parvulos
2649 2128 2858 2171 nostros
2894 2116 3173 2184 relinquite
3204 2116 3424 2180 liberos,
3447 2124 3500 2168 et
3545 2115 3750 2169 bellum
3785 2118 3866 2169 in-

2289 2221 2368 2265 ter
2397 2224 2493 2264 nos
2517 2225 2621 2263 non
2655 2209 3033 2263 committatur.
3058 2205 3244 2260 Franci
3287 2219 3460 2260 autem
3510 2221 3610 2260 nec
3643 2209 3747 2260 hoc
3778 2223 3864 2261 ac-

2281 2304 2564 2372 quiescere
2585 2302 2883 2356 voluerunt.
2909 2300 3109 2367 Quibus
3135 2301 3210 2350 ait
3237 2298 3685 2352 Chlothacharius
3719 2315 3814 2353 rex
3849 2318 3860 2350 :

2283 2397 2549 2460 Desistite,
2583 2409 2763 2461 quarso
2794 2433 2809 2458 ,
2842 2390 3079 2446 desistite
3125 2392 3192 2444 ab
3232 2392 3328 2444 hac
3375 2391 3690 2444 intentione.
3733 2393 3862 2445 Ver-

2282 2488 2408 2538 bum
2441 2485 2582 2539 enim
2611 2485 2872 2536 directum
2905 2499 3006 2535 non
3051 2481 3334 2544 habemus;
3368 2480 3531 2533 nolite
3557 2481 3622 2534 ad
3654 2482 3860 2535 bellum

2283 2575 2381 2640 ire,
2409 2575 2460 2628 in
2487 2590 2591 2642 quo
2630 2573 3032 2642 disperdamini.
3065 2571 3266 2624 Tamen
3298 2571 3340 2623 si
3369 2586 3435 2625 eo
3460 2573 3535 2624 ire
3572 2569 3589 2608 ί
3622 2573 3862 2627 volueri-

2283 2668 2350 2720 tis
2390 2676 2680 2735 spontanea
2732 2665 3025 2726 voluntate,
3053 2677 3151 2730 ego
3207 2676 3308 2715 non
3364 2677 3576 2731 sequar.
3609 2662 3765 2717 Tunc
3790 2664 3862 2719 illi

2284 2758 2359 2811 ira
2399 2755 2653 2809 commoti
2693 2764 2875 2808 contra
2926 2751 3394 2806 Chlothacharium
3453 2767 3656 2820 regem,
3698 2769 3862 2822 super

2286 2862 2405 2902 eum
2435 2848 2673 2910 irruunt,
2731 2855 2784 2898 et
2827 2845 3127 2898 scindentes
3175 2842 3456 2895 tentorium
3514 2843 3651 2911 ejus,
3685 2846 3861 2912 ip-um

2284 2953 2493 3006 quoque
2530 2938 2782 2990 conviciis
2826 2945 3241 3001 eanperantes,
3282 2950 3343 2988 ac
3386 2937 3434 2988 vi
3486 2937 3859 3002 detrahentes,

2285 3031 2581 3085 interlici‘rc
2608 3033 2906 3094 voluerunt,
2933 3029 2974 3081 si
3006 3043 3122 3080 cum
3147 3027 3252 3081 illis
3274 3026 3419 3079 abire
3443 3028 3698 3080 dill'erret.
3737 3030 3861 3084 llaec

613 3140 754 3198 dem,
787 3149 924 3202 pene
952 3132 1211 3189 “animis
1241 3138 1519 3204 percurrit.
1553 3137 1654 3191 Sed
1695 3153 1790 3191 ηοε
1819 3137 1930 3193 [me
1960 3156 2179 3193 "una",
2212 3133 2256 3194 ρ
2290 3120 2473 3174 videns
2524 3120 2997 3184 Chlothacbarius,
3032 3120 3223 3172 invitus
3249 3120 3343 3172 fuit
3393 3134 3512 3172 cum
3554 3118 3653 3172 eis.
3681 3120 3750 3172 At
3783 3122 3860 3175 illi

615 3232 717 3287 tes,
745 3223 982 3278 Sallustii
1012 3225 1350 3292 sententiam,
1383 3241 1536 3295 quant
1579 3226 1629 3280 in
1660 3226 1984 3283 detractores
2015 3229 2178 3284 histo-

613 3314 1019 3385 riographorum
1053 3315 1291 3383 protulit,
1321 3332 1707 3383 memoramus;
1732 3318 1804 3371 ait
1829 3317 2008 3373 enimf
2036 3338 2054 3372 ι
2081 3323 2181 3375 Ar-

615 3405 778 3460 duum
824 3406 1038 3461 videtur
1084 3423 1190 3462 rcs-
1221 3418 1397 3478 gestas
1445 3411 1680 3465 scribere
1712 3428 1726 3463 :
1758 3415 2006 3479 primum,
2041 3415 2179 3483 quod

614 3496 754 3551 facta
789 3498 945 3552 dictis
989 3500 1316 3567 exaequanda
1347 3511 1512 3566 sunt;
1546 3501 1740 3556 deinde
1778 3504 1898 3573 quia
1947 3503 2182 3574 plerique

615 3588 829 3653 delicta,
860 3604 977 3658 qua:
1021 3590 1451 3656 reprehenderis,
1488 3594 1860 3649 malevolentia
1904 3606 1956 3650 et
1985 3597 2178 3652 invidia

613 3679 753 3732 dicta
785 3689 988 3747 putant.
1016 3699 1033 3731 ι
1063 3681 1166 3735 Sed
1193 3693 1364 3750 empta
1396 3698 1702 3750 sequamur.

684 3768 823 3824 XIV.
860 3771 1019 3841 Igitur
1046 3769 1486 3831 Chlothacharius
1525 3785 1642 3844 post
1669 3786 1894 3833 mortem
1933 3779 2179 3834 Theodo-

613 3864 752 3920 haldi
783 3881 902 3920 cum
961 3883 1178 3937 regnum
1216 3868 1372 3940 154
1403 3869 1637 3925 Francia:
1662 3880 1687 3918 Β
1731 3874 2072 3938 suscepisset,
2105 3883 2182 3928 at-

613 3973 716 4027 que
769 3958 900 4013 illud
938 3959 1270 4026 circumiret,
1296 3959 1498 4014 audivit
1538 3976 1566 4013 a
1608 3962 1719 4015 suis
1740 3961 1929 4017 iterata
1978 3963 2177 4017 insania

614 4051 965 4105 ellervescere
990 4051 1257 4116 Saxones,
1284 4050 1494 4120 sibique
1535 4067 1654 4108 esse
1679 4054 1931 4119 rebelles;
1959 4066 2012 4109 et
2039 4054 2180 4123 quod

616 4146 832 4212 tributa,
861 4160 978 4216 qua:
1008 4147 1162 4201 annis
1194 4146 1416 4214 singulis
1439 4156 1835 4203 consueverant
1855 4149 2177 4213 ministrare,

617 4318 845 4372 celebris
874 4319 1097 4373 ecclesia
1143 4319 1202 4375 S.
1234 4319 1446 4381 Juliani,
1473 4335 1538 4374 ex
1582 4319 1801 4375 dimcesi
1831 4329 1947 4376 erat
1987 4322 2181 4379 Arver-

613 4389 786 4442 nensi.
806 4390 1067 4459 Craterum
1092 4389 1194 4444 hac
1219 4405 1349 4444 voce
1381 4391 1666 4459 aliquando
1691 4392 1955 4456 provincia
1982 4404 2178 4447 metro-

613 4457 1214 4530 politanijurisdictioni
1260 4457 1493 4528 subjecm
1535 4462 1856 4529 designatur,
1889 4461 2173 4530 aliquando

612 4542 744 4581 vero
777 4529 979 4599 _plures
1032 4532 1314 4593 provinciae
1367 4531 1717 4596 patriarchm,
1767 4529 2015 4599 primari,
2060 4535 2173 4590 sive

612 4596 843 4652 exarcho
873 4609 1139 4665 parentes.
1172 4602 1319 4665 Quod
1350 4611 1400 4653 et
1432 4601 1481 4653 in
1513 4601 1652 4653 civili
1674 4596 1974 4666 reipublicae
2005 4604 2173 4657 admi-

613 4668 925 4721 nistratione
943 4669 1113 4722 locum
1141 4671 1318 4723 habuit
1337 4687 1350 4734 ;
1368 4669 1488 4722 hinc
1505 4671 1750 4724 dicecesis
1775 4670 2022 4735 Orientis,
2041 4685 2169 4738 etc.,

614 4738 932 4809 quandoque
960 4740 1130 4791 vicmn
1162 4749 1253 4793 aut
1285 4755 1472 4808 pagum
1496 4741 1756 4809 designat,
1787 4750 1842 4793 ut
1875 4740 1978 4805 hic,
2008 4755 2063 4797 et
2093 4747 2173 4797 in-

611 4807 812 4880 fralib.
849 4807 951 4874 vit,
984 4823 1104 4874 cap.
1150 4810 1251 4873 58;
1297 4807 1438 4863 nunc
1477 4807 1641 4880 vulgo
1683 4827 1776 4880 pro
1821 4813 2052 4880 episcopi
2080 4817 2169 4880 ju-

611 4878 940 4945 risdictione,
977 4894 1132 4947 quam
1184 4881 1338 4932 medii
1389 4879 1486 4932 aevi
1534 4878 1820 4949 scriptores
1865 4878 2171 4946 frequen—ter

615 4950 913 5017 parochiam
936 4949 1295 5018 appellabant,
1317 4953 1559 5003 sumitur.
1579 4952 1708 5005 Vide
1729 4952 1908 5005 Canuii
1932 4952 2168 5008 Glossar.

612 5030 667 5073 et
708 5021 977 5074 Sirmond.
1009 5020 1062 5073 in
1093 5020 1249 5088 epist.
1282 5018 1346 5071 16
1374 5019 1573 5074 Sidonii
1608 5022 1697 5075 lib.
1733 5037 1802 5074 nr.
1837 5020 2003 5075 Porro
2036 5023 2173 5077 Lita-

615 5090 717 5143 nitc
745 5090 1024 5150 institutio,
1064 5091 1131 5144 de
1151 5106 1252 5158 qua
1297 5091 1383 5144 hic
1413 5090 1719 5160 Gregorius,
1759 5091 1984 5145 habetur
2013 5109 2170 5160 surtra

612 5174 731 5226 cap.
761 5162 812 5224 5,
840 5162 979 5230 quod
1012 5173 1185 5213 tamen
1212 5161 1364 5214 deest
1393 5162 1443 5214 in
1473 5164 1504 5214 4
1525 5177 1652 5215 mss.

688 5237 713 5264 ⁸
740 5231 982 5301 Observa
1001 5231 1083 5284 hic
1128 5231 1453 5284 (Lhramnutn
1503 5248 1667 5300 regem
1727 5231 2002 5298 appellari,
2034 5234 2171 5301 quod

616 5295 780 5371 fuerit
805 5300 1122 5371 regislilius.
1151 5302 1265 5354 Alia
1300 5295 1578 5370 ejusmodi
1593 5295 1834 5371 exempla
1861 5295 2063 5371 passim
2091 5319 2172 5357 rc-

617 5367 800 5439 peries
820 5367 958 5434 apud
989 5371 1323 5439 Gregorium.

688 5434 722 5510 b_
745 5435 1073 5510 Directosde
1101 5434 1260 5493 Iatcre
1290 5441 1426 5508 regis
1472 5441 1726 5495 habemus
1755 5457 1961 5510 quoque
1987 5442 2038 5496 in
2069 5441 2176 5496 lor-

617 5505 759 5558 mula
786 5507 966 5558 ultima
991 5509 1080 5561 lib.
1109 5511 1281 5576 tapud
1307 5505 1637 5564 Marcullum.
1679 5505 1826 5576 Quod
1871 5505 2064 5567 nomen
2097 5513 2176 5566 le-

617 5576 723 5649 gati
756 5576 1005 5642 pontiﬁcii
1034 5593 1066 5631 e
1091 5579 1327 5632 Romana
1351 5582 1492 5633 curia
1519 5584 1566 5634 in
1601 5581 1900 5649 provincias
1931 5583 2076 5636 missi
2093 5599 2175 5634 re-

618 5648 806 5700 tinent.

692 5727 714 5757 ⁸
743 5714 957 5787 Aliquot
980 5730 1106 5771 mss.
1136 5728 1187 5771 et
1217 5717 1328 5779 θαι,
1361 5719 1705 5772 descendente.

2286 3211 2415 3264 inito
2440 3213 2755 3272 certamine,
2792 3212 3018 3263 maxima
3056 3210 3121 3264 ab
3143 3209 3464 3264 adversariis
3487 3210 3861 3267 internecione

2289 3301 2441 3372 155
2463 3301 2739 3356 creduntur
2768 3319 2779 3353 :
2808 3310 3057 3368 tantaque
3084 3302 3150 3353 ab
3198 3311 3425 3366 υιΓοηυθ
3454 3301 3692 3355 exercitu
3727 3303 3861 3355 mul-

2282 3393 2451 3447 titudo
2480 3392 2690 3457 cecidit,
2717 3402 2774 3445 ttt
2801 3407 2900 3446 nec
2921 3391 3196 3456 :estimari,
3230 3407 3326 3446 nec
3351 3391 3617 3445 numerari
3645 3397 3858 3461 penitus

2282 3483 2469 3550 possit.
2493 3481 2643 3534 Tunc
2675 3480 3121 3535 Clilothacbarius
3178 3481 3331 3535 valde
3369 3482 3624 3536 confusus
3673 3498 3857 3549 pacem

2283 3575 2454 3641 petiit,
2480 3572 2662 3627 dicens
2685 3587 2743 3626 se
2774 3588 2878 3626 non
2909 3587 3004 3624 sua
3031 3573 3300 3625 voluntate
3323 3586 3480 3636 super
3501 3586 3596 3626 eos
3626 3574 3855 3626 venisse.

2284 3667 2396 3735 Qua
2424 3667 2666 3732 obtenta,
2698 3665 2760 3719 ad
2797 3666 3004 3734 propria
3035 3665 3215 3720 rediit.

2327 3778 2471 3833 "XV.
2503 3777 2751 3831 Turonici
2786 3776 2799 3826 i
2839 3787 3013 3830 autem
3059 3777 3334 3831 audientes
3362 3792 3665 3846 regressum
3690 3777 3859 3834 fuisse

2284 3885 2460 3932 regem
2486 3868 2554 3923 dc
2576 3868 2722 3922 caede
2747 3869 3040 3931 Saxonum,
3071 3866 3210 3922 facto
3239 3882 3499 3922 consensu
3533 3867 3557 3905 ἰ
3589 3868 3645 3922 in
3668 3869 3859 3923 Eutro-

2282 3963 2428 4018 nium
2465 3962 2854 4032 presbyterum,
2887 3961 2952 4016 ad
2979 3977 3100 4016 eum
3125 3970 3370 4030 pergunt,
3391 3961 3616 4032 dataque
3638 3977 3857 4032 sugges-

2286 4055 2454 4114 tione,
2511 4051 2783 4117 respondit
2830 4066 2919 4104 rex
2954 4067 2968 4103 :
2999 4049 3357 4116 Praeceperant
3396 4053 3558 4118 enim,
3610 4061 3670 4106 ut
3725 4053 3858 4106 Cato

2287 4146 2562 4214 presbyter
2588 4143 2697 4196 illic
2717 4141 3055 4197 ordinaretur
3087 4158 3100 4194 :
3130 4152 3184 4196 et
3236 4157 3332 4196 cur
3357 4152 3438 4196 est
3477 4156 3658 4212 spreta
3681 4143 3856 4213 jussio

2353 4315 2378 4354 ά
2429 4317 2480 4370 Id
2529 4327 2609 4371 est
2641 4327 2835 4385 portas.
2890 4315 3081 4384 Corb.,
3138 4320 3204 4370 ad
3245 4320 3397 4372 rcias.
3449 4319 3628 4388 Regia:
3683 4323 3849 4375 etiam

2281 4398 2432 4443 erant
2453 4387 2619 4440 valva:
2649 4403 2742 4441 seu
2783 4389 3000 4458 cancelli
3041 4387 3232 4455 quibus
3290 4387 3673 4458 presbyterium
3704 4393 3856 4444 clau-

2283 4461 2522 4512 debatur.
2561 4458 2692 4512 Vide
2718 4457 2997 4510 Mabillonii
3024 4457 3472 4511 Comtncntarium
3514 4460 3563 4512 in
3593 4463 3856 4514 Ordinem

2206 4509 2255 4566 D
2285 4509 2688 4582 mancum:
2705 4509 2884 4591 20,14
2908 4509 3049 4595 ipsos
3078 4509 3473 4592 ordinamus;
3509 4509 3856 4585 castra};

2279 4600 2356 4654 sei
2388 4599 2569 4651 Italici.

2354 4678 2376 4704 θ
2405 4671 2456 4721 ln
2487 4668 2611 4722 Bec.
2636 4667 2801 4721 semel
2835 4667 2977 4736 prior
3001 4665 3309 4734 Imnacrius,
3339 4683 3548 4736 semper
3570 4684 3697 4724 vero
3721 4673 3858 4726 alter

2279 4739 2548 4800 Crrptarius
2573 4739 2840 4790 dicuntur.

2353 4810 2371 4847 ι
2403 4809 2553 4861 Ιηίιὶο
2584 4808 2698 4860 libri
2728 4808 2795 4860 de
2823 4807 2966 4859 Bello
2989 4806 3314 4860 Catilinario.

2350 4889 2374 4920 τι
2398 4879 2529 4932 Nota
2560 4877 2914 4948 Theodebaldi
2940 4879 3227 4942 portionem
3263 4879 3345 4931 hic
3366 4894 3574 4948 regnum
3608 4875 3857 4934 Francia:

2277 4949 2549 5012 appellari.
2585 4947 2713 5001 Vide
2734 4947 2995 5000 (Ioiutium
3022 4949 3084 4998 ad
3117 4964 3202 4999 an.
3229 4950 3351 5010 5:38,
3381 4952 3463 5001 ubi
3496 4956 3608 5000 tusc
3629 4951 3855 5005 disserit

2277 5020 2343 5073 de
2367 5019 2601 5071 Francia:
2614 5020 2825 5069 nomine
2848 5033 2860 5081 ;
2893 5017 3178 5084 probatque
3205 5017 3485 5085 cujuslibet
3505 5019 3667 5083 partis
3683 5018 3857 5073 Fratr—

2278 5093 2376 5142 cia:
2409 5090 2554 5158 regni
2579 5103 2749 5154 reges,
2784 5087 2958 5138 dictos
2996 5087 3157 5140 fuisse
3198 5103 3348 5155 reges
3392 5087 3741 5142 Francorum.
3776 5091 3857 5146 De

2280 5177 2379 5208 mm
2412 5174 2469 5208 re
2501 5161 2660 5208 inulta
2681 5158 2750 5208 ibi
2780 5160 3036 5208 corruerit.

2558 5161 2660 5210 ulta
2681 5158 2750 5209 ibi
2780 5160 3036 5210 corruerit.

2280 5177 2379 5229 qua
2412 5174 2469 5213 re
2501 5171 2660 5211 tnutta
2681 5171 2750 5209 In:
2780 5171 3036 5222 congerit.

2353 5229 2376 5265 ιι
2403 5230 2639 5281 Valesius
2663 5228 2938 5293 legendum
2974 5236 3116 5289 putat
3141 5226 3323 5292 fratri,
3355 5227 3493 5293 quod
3526 5227 3626 5280 soli
3654 5228 3850 5281 Theo-

2281 5300 2363 5350 tloi
2380 5300 2460 5352 ico
2473 5315 2533 5350 ac
2551 5298 2657 5349 lilio
2677 5297 2792 5365 ejus
2807 5297 3176 5350 Theodeherto
3195 5307 3246 5347 et
3261 5302 3434 5363 nepoti
3450 5297 3855 5362 'l‘tteodebaldo,

2283 5369 2370 5435 qui
2399 5367 2652 5422 Chlotarit
2686 5377 2904 5432 nepotes
2933 5369 3016 5420 hic
3059 5370 3327 5430 dicuntur,
3357 5368 3598 5421 Saxones
3648 5370 3850 5422 tributa

2285 5439 2598 5506 persolvisse
2615 5436 2727 5506 dici
2762 5446 2995 5506 possunt.

2363 5508 2375 5543 ί
2415 5509 2560 5569 Bec.,
2600 5505 2749 5557 Colb.
2781 5517 2832 5556 ct
2864 5505 2993 5572 Heg.
3024 5519 3140 5557 eum
3172 5504 3330 5557 editis
3358 5505 3579 5573 aliquot,
3611 5507 3655 5558 si
3686 5508 3851 5560 abire.

2284 5579 2348 5632 Et
2380 5576 2511 5628 infra
2542 5590 2634 5640 pro
2665 5575 2758 5642 fuit
2791 5591 2905 5626 rum
2934 5576 3023 5635 eis,
3056 5575 3212 5627 iidem
3240 5576 3430 5627 habent
3459 5577 3589 5628 abiit
3613 5594 3731 5628 cum
3757 5581 3849 5629 eis.

2364 5648 2379 5695 t
2417 5646 2570 5698 Deest
2597 5643 2696 5696 hoc
2718 5654 2872 5706 caput
2903 5645 2952 5696 in
2987 5647 3181 5697 liellov.
3209 5655 3264 5696 et
3293 5647 3447 5696 (ἰοί-Ι).

2364 5715 2387 5752 Β
2411 5713 2713 5769 Comensus
2743 5726 2850 5767 crat
2887 5713 3289 5768 instrumentum
3312 5717 3606 5784 publicum,
3634 5731 3740 5785 quo
3782 5717 3852 5771 de
