3994 6194
217 287 329 343 28!

1155 276 1472 337 HISTORIA
1510 272 1951 337 FRANCORUM.
1991 272 2191 329 LIBER
2230 271 2572 339 QUARTUS.

3352 271 3459 328 282

220 396 450 457 nostra?
470 394 890 465 Responderunt
916 395 965 452 ei
1007 411 1023 450 :
1062 393 1356 452 Petivimus
1374 395 1515 450 enim
1538 410 1681 459 eum,
1707 394 1801 449 sed
1831 393 1878 452 Α
1904 392 2031 459 egit,
2063 404 2277 459 semper
2301 392 2554 446 contusus
2580 390 2857 446 abscessit.
2883 390 3185 448 Cliramnus
3213 407 3337 447 vero
3362 392 3463 448 hoc

222 490 398 546 noluit
424 489 635 543 venire.
680 487 810 542 Hac
832 487 935 542 illis
985 486 1306 551 dicentibus,
1354 485 1578 540 advenit
1622 486 1799 540 subito

223 584 361 638 Cato
387 581 679 653 presbyter
699 580 997 650 deprecans
1037 595 1239 651 regem,
1265 588 1321 633 ut
1370 579 1542 646 ejecto
1575 577 1801 633 Cautino

224 674 395 743 ipsum
418 676 670 728 Arverno
692 673 904 742 juberet
931 671 1159 727 institui.
1190 670 1339 737 Quod
1366 684 1491 737 rege
1522 668 1798 731 irridente,

224 767 375 835 petiit
401 766 601 829 iterum
636 774 693 819 ut
723 764 954 819 Turonis
983 764 1342 829 ordinaretur,
1364 761 1504 831 quod
1547 768 1671 815 ante
1708 759 1802 815 de-

222 866 494 925 spexerat.
529 856 628 910 Cui
664 870 757 909 rex
779 856 858 908 ait
891 872 903 907 :
935 854 1046 922 Ego
1073 852 1302 921 primum
1334 851 1583 921 prmeepi,
1614 858 1671 903 ut
1696 849 1805 905 Tu-

223 946 371 999 ronis
398 953 453 999 te
483 944 553 1001 ad
582 944 944 1013 episcopatum
977 952 1358 998 consecrarent
1384 958 1397 994 :
1429 940 1525 996 sed
1545 948 1803 1009 quantum

224 1038 404 1105 audio,
437 1038 719 1108 despectui
761 1037 991 1093 habuisti
1033 1038 1313 1093 ecclesiam
1353 1035 1531 1100 illam;
1582 1035 1807 1103 ideoque

222 1128 564 1197 elongaberis
584 1143 615 1182 a
646 1128 1006 1183 dominatione
1046 1127 1183 1197 ejus.
1215 1127 1280 1182 Et
1297 1128 1375 1182 sic
1395 1126 1641 1182 confuqu
1670 1126 1806 1182 abs-

224 1222 408 1277 cessit.
451 1220 528 1275 De
571 1230 760 1273 sancto
806 1234 934 1274 vero
968 1218 1227 1273 Eufronio
1279 1220 1633 1287 interrogans,
1658 1219 1811 1273 dixe-'

224 1321 355 1369 runt
380 1326 502 1368 eum
532 1319 785 1379 nepotem
806 1325 926 1365 esse
948 1310 1085 1365 beati
1115 1309 1359 1378 Gregorii
1396 1317 1444 1374 ⁸,
1470 1307 1621 1377 cujus
1649 1323 1809 1377 supra

226 1404 596 1471 meminimus.
628 1401 925 1472 Respondit
944 1416 1037 1455 rex
1059 1418 1070 1453 :
1096 1400 1269 1455 Prima
1294 1400 1407 1454 hazc
1436 1409 1518 1455 est
1545 1409 1600 1455 et
1621 1413 1810 1467 magna

224 1494 528 1564 generatio.
559 1491 679 1548 Fiat
699 1492 946 1547 voluntas
967 1490 1083 1558 Dei,
1129 1499 1185 1546 et
1226 1490 1369 1546 beati
1396 1491 1626 1546 Martini.
1662 1489 1813 1545 Elec-

228 1585 303 1638 tio
331 1583 698 1653 compleatur.
734 1584 801 1638 Et
830 1584 951 1638 data
978 1582 1337 1651 praeceptione
1363 1621 1378 1644 ,
1407 1592 1626 1636 octavus
1666 1580 1814 1635 deci-

226 1690 343 1730 mus
365 1686 490 1745 post
516 1674 732 1730 beatum
783 1676 1064 1732 Martinum
1110 1684 1328 1730 sanctus
1358 1672 1647 1728 l‘quronius
1670 1674 1816 1730 ordi-

227 1780 383 1823 natur
415 1774 731 1838 episcopus.

297 1860 447 1915 XVI.
490 1859 801 1915 Chramnus
844 1874 970 1914 vero
1009 1858 1148 1929 apud
1190 1857 1445 1913 Arvernis
1484 1859 1712 1921 diversa,
1756 1865 1815 1911 ut

231 1953 489 2019 diximus,
511 1953 802 2007 exercebat
824 1951 983 2017 mala,
1014 1964 1226 2019 semper
1248 1950 1508 2003 adversus
1532 1948 1812 2002 Cautinum

231 2044 553 2113 episcopum
612 2041 863 2095 invidiam
910 2052 1116 2096 tenens.
1168 2040 1243 2094 Eo
1293 2048 1533 2107 tempore
1585 2040 1815 2106 graviter

232 2133 537 2204 egrotavit,
568 2133 641 2187 ita
657 2142 713 2187 ut
739 2132 913 2200 capilli
935 2132 1052 2200 ejus
1080 2148 1109 2185 a
1129 2132 1287 2186 nimia
1320 2130 1468 2185 febre
1485 2129 1812 2184 deciderent.

237 2226 485 2282 Habebat
504 2234 691 2287 autem
723 2236 848 2279 tunc
876 2240 1055 2280 secum
1083 2227 1251 2279 virum
1292 2224 1650 2292 magniﬁcum,
1683 2233 1735 2275 et
1762 2223 1814 2273 in

236 2319 376 2372 omni
410 2318 661 2373 bonitate
696 2315 1054 2385 perSpicuum,
1081 2315 1256 2370 civem
1306 2317 1623 2377 Arvernum,
1653 2314 1817 2365 Asco-

237 2409 453 2464 vindum
487 2406 516 2446 δ
550 2409 790 2471 nomine,
820 2409 908 2476 qui
960 2422 1079 2461 eum
1111 2406 1159 2459 vi
1182 2405 1248 2460 ab
1273 2406 1369 2459 hac
1386 2403 1582 2459 malitia
1612 2417 1819 2472 (ποιεῖ-ε-

242 2499 327 2555 bat
352 2510 628 2569 avertere,
653 2501 746 2556 sed
776 2516 879 2555 nou
912 2510 1137 2569 poterat.
1170 2500 1408 2554 Habebat
1432 2500 1571 2554 enim
1596 2508 1649 2553 et
1678 2497 1816 2551 Leo-

242 2606 359 2647 nem
388 2591 790 2657 Pictavenseut,
822 2592 888 2645 ad
922 2593 1097 2646 omnia
1139 2592 1271 2646 mala
1320 2591 1670 2659 perpetranda
1697 2604 1818 2658 gra-

244 2696 360 2735 vem
408 2682 733 2746 stimulum,
783 2682 936 2752 156
977 2682 1066 2749 qui
1112 2681 1403 2737 secundum
1453 2664 1681 2734 nominis
1734 2681 1817 2734 sui

244 2774 770 2842 interpretationem,
814 2784 1062 2841 tanquam
1093 2772 1177 2826 leo
1203 2781 1318 2826 erat
1364 2774 1415 2824 in
1444 2770 1588 2825 omni
1613 2770 1819 2839 cupidi-

246 2872 347 2923 tate
368 2865 733 2920 saevissimus.
762 2865 857 2919 Hic
878 2865 1042 2919 fertur
1057 2865 1281 2931 quadam
1297 2865 1410 2919 vice
1438 2864 1657 2929 dixisse,
1676 2861 1815 2931 quod

244 2956 502 3013 Martinus
533 2968 587 3011 et
614 2955 868 3010 Martialis
901 2965 924 2991 α
953 2956 1288 3010 confessores
1306 2955 1511 3008 Domini
1542 2954 1669 3007 nihil
1694 2953 1816 3008 ﬁsci

245 3048 453 3118 juribus
486 3049 623 3104 utile
665 3047 1028 3117 reliquissent.
1076 3047 1181 3102 Sed
1227 3046 1407 3101 statim
1452 3060 1736 3114 percussus
1788 3060 1819 3098 a

1902 480 2105 536 findere
2135 481 2290 551 inito,
2321 479 2663 535 Lemovicino
2702 481 2880 547 rediit,
2911 490 2966 537 ct
3019 482 3168 551 illud,
3194 498 3290 552 per
3324 481 3465 549 quod

1903 572 2048 641 prius
2073 571 2444 627 ambulaverat
2467 571 2518 625 in
2550 587 2714 643 regno
2754 573 2918 642 patris
2956 573 3057 642 sui,
3090 574 3143 628 in
3173 590 3266 628 sua
3295 571 3470 629 domi-

1901 663 2118 717 natione
2144 662 2369 732 redegit.
2395 662 2542 717 Tunc
2579 666 2849 719 Arvernus
2876 666 3098 734 populus
3118 665 3254 719 infra
3286 679 3466 720 muros

1903 754 2181 809 tenebatur
2207 752 2464 816 inclusus,
2497 764 2553 808 et
2579 754 2803 808 diversis
2828 753 3222 810 inﬁrmitatibus
3246 770 3466 824 oppres-

1902 861 1995 901 sus
2023 847 2255 916 graviter
2283 846 2549 901 interibat.
2572 849 2735 901 Porro
2755 848 3192 903 Cblothacbarius
3218 863 3307 902 rex
3330 848 3466 902 duos

1904 937 2046 992 ﬁlios
2073 953 2222 1001 suos,
2256 937 2307 991 id
2336 949 2416 991 est
2464 937 2833 992 Charibertnm
2886 947 2942 991 et
2988 937 3466 1002 Guntchramnum,

1906 1031 1970 1084 ad
1989 1045 2108 1084 eum
2139 1029 2336 1100 dirigit.
2369 1028 2467 1095 Qui
2496 1045 2589 1099 per
2616 1032 2909 1084 Arvernum
2937 1031 3228 1093 venientes,
3253 1030 3468 1083 audien-

1908 1130 2095 1192 tesque
2120 1123 2258 1191 quod
2288 1122 2342 1176 in
2383 1120 2719 1176 [.emovicino
2744 1132 2907 1187 esset,
2934 1136 3100 1191 usque
3122 1121 3188 1174 ad
3211 1130 3467 1186 montem,

1908 1227 2067 1281 quem
2098 1212 2313 1281 Nigrum
2342 1212 2559 1265 nomine
2583 1212 2785 1277 dicunt,
2810 1210 3069 1265 accedunt
3088 1254 3102 1277 ,
3126 1225 3357 1279 eumque
3384 1226 3470 1265 re-

1910 1304 2143 1374 periunt.
2174 1303 2529 1373 Figentesque
2560 1303 2809 1366 tentoria,
2833 1311 3019 1355 contra
3049 1315 3108 1356 se
3134 1300 3469 1367 resederunt,

1911 1396 2182 1449 mittentes
2232 1395 2548 1464 legationem
2575 1432 2591 1457 ,
2632 1402 2690 1446 ut
2730 1406 2815 1446 res
2852 1401 3119 1459 paternas,
3160 1404 3293 1459 quas
3334 1389 3473 1444 male

1912 1495 2243 1556 pervaserat,
2266 1484 2492 1539 reddere
2519 1483 2737 1537 deberet
2761 1500 2775 1536 :
2799 1484 2879 1536 sin
2921 1492 3096 1538 autem
3127 1482 3300 1545 aliud,
3332 1495 3472 1535 cam-

1914 1594 2037 1650 pum
2071 1585 2391 1647 praepararet
2427 1577 2493 1629 ad
2523 1575 2741 1629 bellum.
2768 1574 3005 1642 Cumque
3051 1572 3141 1628 ille
3192 1571 3324 1641 patri
3349 1570 3474 1625 sub‘

1916 1671 2085 1725 ditnm
2116 1684 2175 1723 se
2214 1682 2335 1723 esse
2377 1669 2723 1735 conﬁngeret,
2750 1665 3090 1733 diceretque:
3117 1666 3284 1718 Omne
3335 1663 3477 1732 quod

1842 1760 1889 1823 Β
1915 1762 2189 1818 circumivi
2217 1762 2394 1816 laxare
2419 1759 2570 1830 157
2603 1774 2703 1812 non
2732 1767 2936 1824 potero,
2964 1758 3055 1811 sed
3098 1756 3198 1812 sub
3222 1771 3336 1810 mea
3377 1756 3478 1810 hoc

1916 1864 2176 1925 potestate
2195 1870 2314 1908 cum
2338 1854 2502 1921 gratia
2535 1852 2699 1920 patris
2722 1850 2823 1903 mei
2849 1849 3003 1917 cupio
3030 1850 3283 1904 retinere.
3316 1847 3389 1900 llli
3420 1854 3479 1900 ut

1915 1946 2154 2017 prndium
2187 1945 2287 1998 hoc
2315 1940 2612 2010 interipsos
2641 1940 2973 2007 dijudicaret,
3006 1940 3289 2009 postulant.
3316 1938 3478 1992 Cum-

1915 2054 2018 2107 que
2039 2049 2183 2092 tuoto
2210 2038 2419 2104 utrique
2446 2034 2681 2090 exercitu
2709 2047 2830 2087 cum
2876 2048 3065 2101 magno
3091 2045 3357 2107 armorum
3385 2048 3479 2098 ap-

1916 2138 2102 2200 paratu
2132 2128 2197 2182 ad
2241 2126 2437 2181 bellum
2479 2125 2871 2186 convenissent,
2902 2122 3080 2176 subito
3126 2129 3311 2176 exorta
3340 2128 3479 2174 tem-

1918 2232 2093 2291 pestas
2118 2218 2237 2274 cuni
2276 2220 2421 2287 gravi
2477 2216 2848 2271 coruscatione
2893 2223 3052 2282 atque
3100 2212 3355 2276 tonitruo,
3383 2225 3477 2267 eos

1920 2328 1985 2367 ne
2015 2320 2332 2381 pugnarent,
2361 2307 2607 2361 inhibuit.
2638 2306 2943 2359 Redeuntes
2987 2313 3162 2357 autem
3192 2302 3259 2355 ad
3281 2312 3479 2367 castra,

1919 2406 2218 2468 Chramnus
2259 2402 2442 2457 dolose
2495 2415 2586 2465 per
2634 2407 2943 2452 extraneum
2990 2408 3269 2462 personam
3319 2393 3481 2457 putris

1919 2506 2143 2553 mortem
2158 2493 2406 2548 fratribus
2424 2489 2746 2559 pronuntiat.
2773 2487 2848 2541 Eo
2870 2486 3011 2541 enim
3028 2497 3264 2547 tempore
3284 2481 3479 2537 bellum

1918 2601 2098 2646 contra
2132 2589 2392 2651 Saxones,
2417 2583 2556 2654 quod
2580 2596 2738 2649 supra
2768 2580 2997 2635 diximus
3021 2576 3171 2647 (Cap.
3208 2577 3270 2631 l0
3293 2586 3339 2629 et
3374 2576 3479 2643 14),

1921 2680 2219 2751 gerebatur.
2247 2675 2413 2729 Atilli
2461 2674 2730 2735 timentes,
2780 2685 2901 2725 cum
2942 2683 3148 2722 summa
3199 2666 3481 2720 velocitate

1920 2769 2277 2841 Burgundiam
2301 2766 2588 2820 redierunt.
2620 2764 2916 2817 Cbratnuus
2938 2775 3064 2813 vero
3090 2773 3208 2812 cum
3239 2757 3476 2811 exercitu

1923 2876 2041 2932 post
2062 2877 2155 2917 eos
2175 2859 2429 2928 dirigens,
2456 2871 2621 2922 usque
2646 2854 2911 2907 civitatem
2939 2850 3360 2905 Cavillonensem
3384 2863 3475 2901 ve-

1924 2952 2020 3019 nit,
2050 2964 2271 3020 eamque
2297 2946 2545 3002 obsidens
2564 2944 2866 3013 acquisivit.
2892 2941 3094 2995 Exinde
3125 2954 3286 3007 usque
3312 2938 3485 2991 Divio~

1926 3057 2091 3097 nense
2128 3048 2357 3095 castrum
2415 3036 2696 3106 pertendit,
2721 3034 2895 3102 ibique
2921 3047 3040 3086 cum
3086 3031 3174 3085 die
3221 3030 3491 3083 dominico

246 3140 445 3195 virtute
471 3137 869 3205 confessorum,
898 3138 1153 3191 surduset
1174 3147 1350 3190 mutus
1372 3136 1608 3203 eﬁ‘ectus,
1640 3149 1823 3189 amens
1852 3131 1896 3194 C
1929 3132 2252 3195 advenisset,
2297 3129 2424 3199 quid
2454 3136 2660 3199 gestum
2694 3126 2850 3178 fuerit
2888 3124 3080 3179 dicam.
3116 3124 3240 3178 Erat
3277 3122 3347 3175 ibi
3373 3132 3492 3176 tnnc

248 3243 327 3286 est
355 3242 630 3287 mortuus.
661 3230 820 3286 Venit
843 3230 986 3286 enim
1029 3230 1191 3282 miser
1214 3228 1279 3282 ad
1335 3228 1606 3283 basilicam
1651 3226 1821 3282 sancti

255 3326 473 3384 Ilartini
504 3323 759 3389 Turonis,
822 3323 1216 3391 celebt'avitque
1265 3322 1488 3391 vigilias,
1518 3320 1665 3375 dedit
1709 3334 1825 3374 mu-

252 3431 376 3470 nera
404 3433 417 3467 :
450 3414 548 3469 sed
573 3428 678 3467 non
710 3427 831 3467 eum
889 3411 1123 3479 respexit
1168 3412 1335 3465 virtus
1386 3419 1675 3476 consueta;
1705 3424 1823 3463 cum

256 3504 369 3575 ipsa
413 3507 564 3561 enim
617 3519 721 3573 qua
773 3514 989 3558 venerat
1038 3502 1362 3567 inﬁrmitate,
1398 3517 1670 3571 regressus
1723 3511 1825 3554 est.

257 3599 556 3651 Chramnus
585 3607 763 3651 autem
792 3596 859 3649 ab
884 3596 1128 3650 Arverno
1179 3608 1477 3665 regressus,
1508 3594 1574 3647 ad
1601 3593 1830 3648 Pictavis

266 3689 537 3744 civitatem
567 3688 739 3743 venit.
778 3685 874 3742 Ubi
898 3702 1017 3742 cum
1040 3686 1093 3740 in
1122 3701 1310 3755 magna
1342 3686 1581 3755 potentia
1614 3683 1828 3740 reside-

259 3791 357 3845 ret,
387 3780 647 3836 seductus
672 3792 765 3846 per
794 3778 1051 3832 malorum
1083 3776 1383 3841 consilium,
1407 3776 1472 3829 ad
1501 3774 1818 3831 Childeber-

262 3882 369 3929 tum
400 3884 650 3944 patruum
681 3887 833 3927 suum
864 3873 1085 3926 transire
1114 3871 1297 3940 cupit,
1320 3870 1455 3939 patri
1482 3868 1699 3924 insidias
1732 3884 1825 3938 pa-

266 3983 382 4023 rare
408 3966 727 4035 disponens.
770 3964 861 4019 Ille
886 3978 1014 4019 vero
1056 3963 1240 4018 dolose
1270 3962 1506 4030 quidem,
1546 3960 1641 4015 sed
1662 3959 1832 4023 susci-

266 4074 391 4128 pere
423 4060 578 4112 illum
610 4058 893 4125 promittit,
916 4070 1075 4125 Quem
1127 4068 1344 4109 monere
1384 4051 1691 4121 spiritaliter
1742 4051 1835 4104 de-

268 4152 473 4216 buerat,
504 4165 572 4205 ne
602 4149 737 4218 patri
767 4148 1023 4203 existeret
1050 4146 1316 4200 inimicus.
1348 4144 1498 4197 Tunc
1521 4158 1614 4210 per
1647 4142 1831 4196 occul-

269 4251 348 4301 tos
374 4242 598 4297 nuntios
625 4243 761 4295 inter
784 4255 843 4295 se
859 4237 1140 4309 conjurati,
1165 4245 1348 4291 contra
1371 4235 1836 4290 Chlothacharium

266 4337 590 4391 unanimiter
616 4334 945 4403 conspirant.
976 4331 1080 4386 Sed
1105 4345 1201 4384 nec
1230 4344 1436 4384 memor
1483 4327 1581 4381 fuit
1619 4326 1838 4382 Childe-

269 4429 470 4492 bertus,
496 4427 636 4497 quod
667 4425 1085 4495 quatiescunque
1133 4422 1388 4475 adversus
1428 4418 1647 4473 fratrem
1679 4432 1833 4472 suum

1925 3233 2142 3279 sanctus
2168 3220 2411 3276 Tetricus
2439 3219 2737 3288 episcopus,
2760 3216 2909 3284 cujus
2935 3215 2988 3269 in
3017 3215 3273 3283 superiori
3314 3213 3493 3267 libello

1927 3315 2238 3372 memoriam
2266 3313 2487 3369 iecimus
2517 3307 2567 3365 ά.
2596 3309 2786 3363 Positis
2823 3307 3001 3363 clerici
3030 3306 3197 3360 tribus
3220 3305 3368 3358 libris
3395 3319 3488 3357 su-

1927 3426 2022 3480 per
2049 3407 2315 3473 altarium,
2347 3405 2398 3460 id
2415 3412 2499 3460 est
2520 3403 2833 3470 Prophetire,
2858 3399 3093 3471 Apostoli
3126 3410 3286 3466 atque
3310 3398 3486 3450 Evan-

1928 3503 2205 3574 geliorum,
2238 3507 2521 3555 oravcruut
2550 3497 2617 3550 ad
2646 3496 2950 3558 Dominum,
2986 3503 3044 3547 ut
3068 3493 3336 3547 Chramno
3365 3488 3491 3556 quid

1930 3594 2169 3650 eveniret
2192 3589 2497 3645 ostenderet
2543 3596 2682 3642 :aut
2728 3587 2770 3640 si
2799 3587 2845 3640 ei
2888 3584 3110 3639 felicitas
3155 3580 3486 3644 succederet,

1931 3692 2024 3738 aut
2051 3694 2197 3738 certe
2218 3682 2261 3735 si
2284 3694 2503 3750 regnare
2529 3688 2727 3745 posset,
2755 3676 2930 3730 divina
2974 3674 3204 3743 potentia
3250 3672 3492 3726 declara-

1931 3786 2046 3841 ret;
2093 3774 2355 3842 simulque
2402 3785 2559 3823 unam
2616 3769 2873 3821 habentes
2924 3763 3309 3819 conniventiatn
3342 3770 3392 3825 °,
3430 3768 3491 3813 ut

1935 3865 2296 3934 unusquisque
2316 3863 2367 3917 in
2398 3860 2534 3916 libro
2565 3860 2703 3928 quod
2738 3859 2958 3927 primum
2981 3856 3267 3925 aperiebat,
3302 3854 3402 3905 hoc
3428 3852 3495 3906 ad

1935 3958 2123 4013 Missas
2162 3956 2320 4009 etiam
2370 3954 2594 4021 legeret.
2633 3953 2830 4018 Aperto
2868 3962 2996 4017 ergo
3049 3948 3216 4015 primo
3264 3944 3504 3998 omnium

1935 4047 2322 4111 Prophetarum
2350 4043 2506 4105 libro,
2550 4041 2822 4110 reperiunt
2876 4054 2891 4091 :
2937 4038 3177 4105 Auferam
3222 4035 3493 4086 maceriam

1934 4144 2064 4210 eius,
2096 4148 2142 4190 et
2168 4137 2262 4190 erit
2289 4136 2342 4187 in
2390 4132 2750 4188 desolationem
2778 4145 2797 4182 :
2835 4144 2926 4199 pro
2952 4143 3009 4180 eo
3037 4126 3170 4195 quod
3218 4124 3388 4177 debuit
3424 4124 3502 4193 fu-

1936 4246 2048 4286 cere
2072 4243 2238 4291 uvam,
2263 4228 2379 4297 fecit
2404 4235 2568 4278 autem
2589 4217 3039 4290 labruscamUsai.
3064 4234 3111 4282 v,
3145 4217 3197 4279 5,
3223 4216 3304 4282 2).
3333 4215 3496 4268 llese-

1938 4329 2156 4388 ratoque
2179 4316 2416 4386 Apostoli
2441 4315 2597 4378 libro,
2636 4309 2908 4364 inveniunt
2937 4324 2953 4361 :
2986 4305 3097 4375 Ipsi
3119 4308 3249 4359 enim
3275 4304 3511 4374 diligent

1942 4426 2017 4468 ter
2045 4412 2206 4476 scitis,
2236 4414 2442 4477 fratres,
2469 4406 2589 4478 quia
2610 4404 2715 4457 dies
2755 4401 2959 4455 Domini
2993 4400 3121 4454 sicut
3164 4401 3246 4469 fur
3273 4398 3326 4452 in
3364 4406 3506 4451 nocte

270 4591 506 4647 Ecclesia
532 4595 743 4657 pastore
765 4582 973 4657 viduata
1003 4594 1096 4633 rex
1129 4576 1323 4631 certior
1352 4576 1528 4657 ﬁebat,
1555 4573 1622 4627 ab
1635 4588 1715 4657 ‘eo
1740 4556 1911 4635 po-‘D
2012 4570 2046 4651 δ’
2078 4566 2166 4657 Sne
2196 4576 2380 4619 omnes
2418 4575 2547 4616 mss.
2573 4568 2765 4629 praeter
2792 4557 2913 4611 Bec.
2946 4570 3068 4609 cum
3094 4553 3207 4621 ed.,
3244 4552 3334 4607 ubi
3364 4554 3499 4607 Ans-

270 4646 617 4721 stttlandn,'ut
649 4671 768 4709 eum
798 4654 885 4714 qui
916 4654 965 4704 in
1006 4662 1365 4721 successorem
1403 4646 1604 4721 electus
1634 4646 1823 4721 fuerat,

269 4715 573 4787 consecrari
623 4725 970 4793 permittere'.
1006 4720 1130 4793 Ejus
1168 4716 1447 4793 formulam
1481 4715 1640 4793 habes
1672 4715 1761 4793 lib.
1795 4730 1827 4766 x

272 4784 529 4863 ilarcull‘t,
561 4784 680 4863 ca'p.
713 4796 763 4847 7.
817 4784 1108 4863 Princeptio
1162 4797 1363 4863 autent,
1394 4787 1461 4838 de
1492 4799 1591 4852 qua
1624 4785 1674 4836 in
1726 4784 1828 4837 fine

272 4873 429 4942 hujus
472 4858 681 4942 capitis,
736 4879 864 4942 seu,
892 4872 947 4914 ut
992 4858 1379 4942 aliasﬁicitur,
1434 4865 1774 4942 praeceptum,
1801 4868 1829 4904 a

273 4926 394 5007 rege
424 4926 733 4994 tttittebatiir
785 4935 849 4984 ad
900 4930 1387 5007 metropolitanum,
1421 4935 1487 5007 ut.
1518 4926 1685 4976 virum
1706 4938 1830 5007 tat-se

274 4992 636 5081 peratumet
664 5008 891 5081 electum
931 5005 979 5053 in
1027 4992 1333 5081 episcopum
1378 4995 1667 5081 ordinaret.
1706 4992 1833 5072 Ejus

274 5062 495 5136 formula
522 5079 743 5131 habetur
771 5073 961 5126 ibidem
985 5062 1103 5135 cap.
1135 5068 1187 5123 5.
1216 5062 1486 5119 lndiculus
1506 5064 1663 5117 etiam
1690 5062 1835 5136 ejus-

422 5132 498 5205 rei
528 5163 685 5203 causa
719 5161 747 5197 a
778 5158 902 5211 rege
929 5132 1255 5211 mittebatur,
1287 5148 1343 5211 ut
1368 5144 1508 5202 patet
1527 5150 1589 5186 ex
1614 5132 1836 5185 formula

278 5224 309 5275 6
342 5221 581 5291 ejusdem
615 5216 777 5291 libri._
805 5208 907 5291 Sed
939 5214 1072 5263 inter
1104 5208 1390 5291 indicum-in
1424 5213 1477 5258 et
1519 5214 1839 5291 priereptunt

278 5272 423 5346 bat—{ci
449 5272 613 5343 fuisse
659 5282 1048 5337 distinctionem
1096 5289 1277 5341 censet
1329 5274 1641 5346 Bignonius,
1696 5272 1837 5338 quod

279 5342 556 5433 praeceptio
589 5358 819 5425 diploma
855 5350 1068 5433 majoris
1097 5356 1239 5433 essent
1277 5342 1638 5425 auctoritatis,
1678 5356 1839 5433 Imanu

277 5410 1063 5500 scilicei'regis'subscriptinn,
1096 5432 1157 5500 ac
1202 5416 1342 5489 forte
1390 5413 1504 5493 ejus
1531 5410 1709 5500 annuli
1741 5411 1839 5500 im:

281 5484 547 5572 pressione
565 5484 901 5572 "munitum;
938 5484 1378 5572 iudieiil'us'OVert)‘
1420 5484 1645 5572 simplex
1696 5488 1840 5535 esset

279 5552 727 5643 epistola—iamque
754 5552 950 5643 sigillo.
982 5562 1064 5643 ‘De
1094 5558 1175 5640 bis
1203 5558 1320 5638 vide
1336 5552 1728 5643 lAppendicetn.

341 5618 761 5710 rbiitg—miensis
796 5618 999 5710 scilicet
1024 5628 1286 5710 episcopi,
1319 5625 1385 5679 de
1402 5618 1516 5710 'un
1560 5636 1717 5710 supra
1743 5618 1834 5674 lib.

282 5729 347 5783 tu,
375 5694 613 5784 cip’f’w,
644 5718 701 5763 et
729 5705 869 5758 inter
901 5700 1043 5754 Vitas
1060 5694 1308 5761 Patrum,
1335 5710 1455 5763 cap.
1482 5694 1535 5759 7,
1564 5701 1669 5748 etc.

1936 4640 2226 4693 cavindum.

2010 4720 2031 4745 π
2076 4710 2282 4759 l'rimus
2314 4715 2648 4757 uemmncnm
2692 4698 2973 4767 episcopus
2998 4705 3051 4750 et
3081 4693 3367 4767 apostolus.

2004 4775 2031 4814 ἀ
2072 4777 2210 4830 Nihil
2251 4775 2317 4828 de
2353 4774 2411 4828 S.
2442 4771 2652 4825 Tetricn
2696 4762 2749 4822 in
2781 4762 3065 4837 superiori
3089 4762 3506 4837 libro,‘_qualetn

1938 4862 2076 4901 nunc
2120 4848 2409 4906 habemus,
2442 4841 2703 4904 occurrit;
2757 4832 2861 4892 sed.
2894 4848 2946 4891 et
2975 4838 3026 4889 in
3058 4835 3228 4888 indice
3257 4832 3388 4906 plibnri
3411 4834 3506 4906 _de

1941 4899 2116 4971 Gloria
2140 4916 2290 4969 Cotti".
2324 4899 2479 4977 caput
2511 4910 2608 4963 105
2661 4899 2711 4962 in
2741 4924 2867 4961 mss.
2900 4904 3294 4977 inscribitnr‘de
3324 4899 3503 4977 Sire-

1942 4970 2066 5040 (rica
2096 4987 2248 5053 episc.
2285 4970 2625 5053 Lingonensi,
2671 4980 2736 5031 de
2784 4989 3091 5053 quotainen
3129 4976 3178 5024 in
3222 4974 3339 5053 ipso
3374 4970 3507 5053 libro

1942 5067 2047 5110 tant
2077 5040 2133 5108 iii
2158 5054 2313 5107 editis
2357 5040 2511 5117 quam
2544 5040 2765 5102 iu’mss.
2799 5040 2926 5099 nihil
2972 5045 3210 5117 habetur.
3262 5040 3509 5117 Plurade

1943 5108 2011 5180 eo
2039 5128 2278 5191 leguntur
2307 5108 2397 5191 lib'.
2425 5136 2563 5191 seq.,
2621 5134 2759 5191 cap._
2784 5119 2817 5170 5
2837 5159 2851 5182 ,
2883 5124 2937 5168 et
2991 5115 3041 5166 in
3084 5112 3225 5191 libro
3247 5181 3255 5189 ι
3276 5110 3343 5191 de
3374 5108 3507 5191 biitis

1947 5179 2186 5251 minim.
2222 5192 2311 5261 qui
2352 5190 2487 5243 forte
2504 5179 2599 5241 'bic
2643 5179 2912 5261 laudatur,
2934 5198 3059 5261 cap;
3084 5181 3139 5261 7,
3174 5180 3257 5233 tibi
3379 5179 3510 5261 tire-

1942 5265 2076 5333 gorii
2108 5251 2255 5317 Illius.
2273 5272 2332 5333 et
2350 5274 2625 5333 successor
2652 5257 2861 5308 dicitur.
2897 5251 3132 5333 interfuit
3168 5252 3360 5333 concil.
3394 5253 3507 5333 .Au-

1944 5319 2039 5389 ἰίάι.
2074 5350 2122 5397 v,
2154 5350 2242 5386 an.
2272 5329 2398 5392 iiii),
2448 5329 2614 5381 Paris.
2646 5342 2703 5391 It,
2734 5342 2872 5377 anno
2903 5321 3113 5397 §53i,_et
3160 5336 3252 5397 per
3298 5319 3499 5397 Piolunt

1945 5389 2305 5474 presbvterum
2349 5389 2587 5474 L'ugdun.
2623 5389 2696 5459 ti,
2724 5411 2810 5447 an.
2843 5394 2987 5474 56Ἰζ
3016 5393 3348 5474 Ιέξειίιεῳὴὶυιμι
3389 5389 3506 5457 ejus

1944 5460 2156 5541 scripsit
2186 5460 2502 5541 Fortunatjtts
2531 5468 2622 5541 lib.
2658 5481 2727 5530 tv,
2757 5480 2923 5541 carm.
2957 5465 3008 5521 5.
3034 5462 3245 5541 Festum
3276 5460 3394 5541 ejus
3422 5474 3510 5512 ce-

1943 5533 2173 5599 lebratur
2200 5542 2286 5595 die
2318 5541 2383 5593 18
2434 5538 2633 5600 Martii,
2665 5539 2903 5601 sepultus
2944 5544 3025 5588 est
3072 5533 3290 5589 Divione
3330 5533 3385 5586 iu
3423 5543 3510 5585 ec-

1942 5614 2101 5670 clesia
2127 5614 2183 5669 S.
2207 5610 2423 5666 Joannis
2461 5608 2617 5677 juxta
2649 5608 2707 5663 S.
2737 5606 3063 5677 Gregorium.

2020 5695 2044 5724 ε
2082 5685 2267 5750 Corb.,
2295 5682 2417 5737 Bec.
2445 5675 2498 5737 εέι
2528 5679 2686 5744 Bell.,
2716 5675 3081 5733 conhibeutiam
