3994 6194
497 277 594 330 283

1507 279 1563 334 S.
1606 277 1929 333 GREGORII
1972 278 2271 334 EPISCOPI
2312 277 2736 333 TURONENSIS

3620 273 3736 330 935

494 391 650 443 veniet
687 397 734 444 ⁸.
765 388 893 442 Cum
945 391 1186 455 dixerint,
1221 387 1334 444 Pax
1349 400 1395 442 et
1441 392 1707 453 securitas,
1732 401 1851 444 tunc
1878 407 2056 457 repen-
2085 399 2129 454 Α
2160 402 2349 461 Sponte
2379 407 2471 444 sua
2507 391 2572 444 de
2611 391 2824 444 basilica
2872 397 3054 444 sancta
3085 391 3351 458 periturus
3381 389 3554 442 exiret
3587 407 3596 439 :
3631 403 3740 443 ac-

494 483 631 534 tinus
671 482 773 534 illis
811 482 1119 549 superveniet
1157 483 1402 548 interitus,
1470 483 1627 553 158
1679 485 1807 536 sicut
1857 483 2056 538 dolores

497 573 837 636 parturientis,
893 582 936 625 et
992 589 1092 625 non
1137 572 1374 643 eﬁugient
1415 571 1489 642 ιχ(
1521 570 1549 624 1
1579 571 1756 626 Thess.
1786 589 1838 638 v,
1864 571 1920 638 2,
1972 573 2052 637 '5).

501 664 749 716 Dominus
775 670 947 716 autem
982 679 1076 730 per
1119 665 1458 733 Evangelium
1487 664 1559 716 ait
1594 681 1606 715 :
1643 664 1743 729 Qui
1785 681 1885 716 non
1917 665 2058 717 audit

496 758 642 808 verba
669 773 799 822 mea,
822 757 1186 810 assimilabilur
1219 759 1324 811 viro
1349 757 1522 821 stulto,
1553 759 1637 825 qui
1667 757 1937 824 (ediﬁcavit
1964 757 2057 808 do-

496 862 634 898 mum
663 863 802 899 suam
845 863 997 916 super
1034 864 1237 899 arenam
1263 848 1557 900 :descendit
1606 849 1793 914 pluria,
1841 850 2053 899 advene-

494 946 612 989 runt
655 939 886 1002 ﬂumina,
909 941 1156 1008 [laverunt
1203 939 1356 1002 venti,
1387 948 1431 991 et
1477 939 1732 991 irruerunt
1759 940 1809 988 in
1849 938 2056 990 domum

495 1028 659 1091 illum,
691 1039 735 1081 et
757 1031 959 1094 cecidit,
990 1039 1037 1082 et
1063 1031 1196 1098 facta
1226 1037 1294 1082 est
1317 1033 1464 1082 ruina
1498 1031 1606 1096 ejus
1638 1045 1820 1099 magna
1842 1027 2054 1098 (Matth.

496 1132 593 1183 vit,
625 1115 739 1186 27).
763 1119 1060 1172 Chramnus
1096 1133 1222 1173 vero
1267 1119 1330 1171 ad
1364 1118 1608 1171 basilicas
1637 1127 1660 1156 ο
1693 1119 1758 1172 ab
1785 1119 2053 1172 antedieto

496 1208 775 1261 sacerdote
797 1221 1074 1276 susceptus
1095 1218 1196 1273 est,
1224 1207 1400 1275 ibique
1428 1209 1712 1262 comedens
1743 1222 1951 1274 panem,
1985 1209 2051 1262 ad

494 1297 889 1354 Childebertum
925 1303 1208 1369 pertendit.
1247 1300 1384 1354 Infra
1437 1311 1613 1354 tamen
1649 1316 1828 1354 muros
1875 1302 2052 1355 Divio-

495 1406 687 1446 neuses
714 1408 818 1446 non
843 1402 924 1446 est
965 1393 1253 1461 permissus
1294 1395 1505 1446 intrare.
1533 1393 1761 1446 Fortiter
1813 1404 1933 1446 tunc
1961 1409 2052 1446 rex

493 1480 933 1538 Cblotbacbarius
970 1495 1151 1538 contra
1183 1485 1419 1540 Saxones
1449 1485 1773 1538 decertabat.
1810 1485 2052 1540 Saxones

495 1574 662 1638 enim,
701 1583 757 1627 ut
805 1575 1082 1630 audierunt
1112 1575 1172 1641 ά,
1206 1592 1300 1645 per
1339 1575 1731 1630 Childebertum
1779 1579 2049 1641 commoti,

493 1672 650 1733 atque
689 1665 1018 1734 indignantes
1073 1675 1254 1720 contra
1303 1665 1536 1720 Francos
1575 1667 1835 1735 superiori
1887 1681 2049 1731 anno,

2159 484 2354 539 cedens
2382 483 2594 551 quidam
2628 482 2893 536 vasculum
2931 481 3004 535 illi
3033 496 3152 535 eum
3182 495 3312 550 aqua
3342 482 3604 538 seuiivivo
3633 483 3742 538 de-

2159 577 2278 629 tulit
2306 575 2368 628 ad
2399 575 2708 644 potandum.
2740 575 2852 639 Quo
2879 565 3119 641 accepto,
3153 573 3403 627 velociter
3423 573 3586 642 judex
3625 574 3739 628 loci

2156 666 2460 728 advolavit,
2487 675 2832 732 ereptumque
2861 664 2925 717 de
2953 678 3108 717 manu
3134 662 3280 731 ejus,
3315 675 3471 720 teme
3494 665 3732 719 dill'udit.

2156 757 2304 823 Quod
2336 756 2486 808 velox
2519 755 2609 808 Dei
2657 755 2824 819 ultio,
2858 766 2910 808 et
2949 754 3090 808 beati
3140 756 3394 810 antistitis
3425 757 3596 811 virtus
3643 767 3738 812 est

2156 847 2462 900 subsecuta.
2493 847 2565 898 Ea
2593 860 2822 915 namque
2852 845 2940 900 die
2963 845 3129 914 judex
3153 887 3167 912 ,
3197 848 3286 916 qui
3327 848 3424 902 ista
3452 860 3732 918 gesserat,

2156 948 2430 1004 correptus
2455 950 2484 988 a
2517 935 2688 1002 febre,
2717 943 2873 989 nocte
2913 936 3085 990 media
3117 937 3437 1006 exspiravit;
3477 955 3577 994 nec
3601 955 3730 1010 per-

2156 1029 2303 1082 venit
2329 1030 2378 1082 in
2422 1028 2712 1083 crastinum
2737 1029 2802 1082 ad
2833 1028 2976 1082 illam
3014 1029 3235 1095 horam,
3266 1046 3366 1100 qua
3411 1033 3463 1085 in
3510 1032 3731 1088 basilica

2154 1121 2322 1174 sancti
2355 1121 2600 1188 poculum
2649 1121 2715 1175 de
2763 1135 2922 1174 manu
2972 1133 3278 1177 excusserat
3327 1125 3554 1194 fugitivi.
3602 1126 3732 1181 Post

2155 1213 2281 1268 illud
2314 1214 2656 1276 miraculum,
2687 1228 2873 1267 omnes
2902 1213 2951 1267 ei
2994 1215 3397 1282 opulentissime
3423 1231 3545 1286 qua:
3577 1229 3731 1271 erant

2155 1307 2456 1361 necessaria
2488 1306 2810 1360 detulerunt.
2864 1305 3135 1361 Redeunte
3186 1317 3361 1362 autem
3404 1309 3454 1361 in
3504 1323 3727 1378 regnum

2154 1411 2308 1450 suum
2333 1411 2454 1463 rege
2491 1395 2922 1459 Cblotbacbario,
2963 1411 3180 1466 magnus
3205 1412 3324 1450 cum
3379 1412 3444 1450 eo
3494 1407 3579 1451 est
3636 1398 3728 1450 ha-

2155 1487 2314 1542 bitus.
2339 1487 2603 1554 Tempore
2631 1500 2758 1538 vero
2787 1486 2929 1554 ejus,
2986 1487 3050 1538 ad
3100 1486 3410 1540 clericatum
3461 1488 3726 1542 accedens

2153 1576 2290 1643 apud
2325 1575 2562 1630 Sellense
2599 1585 2830 1628 castrum
2859 1584 2904 1640 ε,
2957 1575 3094 1643 quod
3127 1577 3178 1629 in
3237 1576 3444 1629 Pictava
3500 1577 3726 1631 habetur

2153 1665 2407 1728 dioecesi,
2435 1664 2709 1718 ordinatur
2741 1681 2754 1718 :
2799 1664 3031 1717 futurum
3065 1673 3124 1718 ut
3168 1665 3464 1719 decedente
3514 1667 3724 1721 Pientio

494 1763 856 1824 exeuntesque
891 1756 957 1809 de
980 1758 1196 1824 regione
1236 1755 1405 1809 suain
1435 1754 1710 1810 Franciam
1765 1765 2044 1819 venerunt,
2082 1762 2124 1819 Β
2153 1753 2415 1817 antistite,
2450 1754 2537 1821 qui
2572 1762 2693 1806 tunc
2725 1753 2989 1807 Pictavam
3016 1755 3232 1822 regebat
3254 1756 3576 1823 Eeclesiam,
3611 1758 3725 1825 ipse

491 1856 544 1900 et
571 1862 736 1915 usque
764 1849 826 1900 ad
886 1847 1127 1901 Divitiam
1177 1856 1199 1884 °
1242 1848 1508 1902 civitatem
1553 1847 1759 1916 praedas
1808 1856 2047 1916 egerunt,

489 1937 813 2006 nimiumque
835 1953 995 2007 grave
1018 1937 1121 2010 [AL
1148 1937 1368 2009 grande]
1388 1941 1565 1992 scelus
1593 1939 1879 2006 perpetrati
1906 1949 2046 1994 sunt.

563 2025 722 2081 XVII.
762 2027 907 2080 Tunc
935 2025 1230 2080 Cliramnus
1254 2027 1362 2095 jam
1413 2038 1628 2094 acoepta
1659 2027 1997 2082 Uviliacltarii
2027 2027 2046 2066 ί

490 2116 626 2186 illia,
660 2117 890 2171 Parisios
917 2118 1202 2182 accedens,
1235 2132 1412 2171 secum
1443 2117 1838 2172 Childebertum
1870 2134 2047 2186 regem

489 2209 796 2279 constringit
839 2209 891 2262 in
931 2210 1030 2262 [ide
1065 2219 1220 2276 atque
1264 2209 1552 2273 charitate,
1582 2211 1766 2278 jurans
1813 2226 1871 2264 se
1914 2212 2050 2279 patri

489 2311 604 2351 esse
628 2299 977 2351 certissimum
1005 2299 1295 2352 inimicum.
1336 2299 1700 2354 Cltildebertus
1723 2311 1895 2356 autem
1926 2319 2047 2367 rex,

494 2391 617 2441 dum
675 2388 1112 2442 Cblotbacbarius
1141 2401 1322 2442 contra
1352 2391 1586 2445 Saxones
1609 2392 1931 2461 decertaret,
1996 2395 2048 2450 iu

493 2478 830 2547 Campaniam
880 2479 1232 2557 Rhemeusem
1265 2481 1496 2544 accedit,
1529 2493 1582 2535 et
1619 2499 1784 2553 usque
1832 2485 2050 2542 Rhemis

493 2570 758 2623 civitatem
802 2585 1116 2639 properans,
1160 2579 1346 2624 cuncta
1397 2573 1584 2638 prtedis
1613 2584 1770 2642 atque
1805 2575 2050 2634 incendio

494 2659 807 2714 devastavit.
844 2661 1097 2716 Audierat
1137 2662 1278 2716 enim
1318 2662 1533 2717 fratrem
1577 2679 1730 2718 suum
1761 2681 1788 2717 a
1821 2669 2048 2722 Saxoni-

495 2755 591 2806 bus
622 2753 781 2808 fuisse
813 2765 1173 2824 peremptum,
1227 2767 1277 2809 et
1305 2772 1468 2824 regno
1496 2771 1594 2809 suo
1641 2769 1829 2812 cuncta
1860 2760 2050 2830 subjici

494 2845 787 2910 aestimans,
815 2860 934 2913 quae
973 2845 1119 2900 adire
1152 2847 1321 2915 potuit
1349 2847 1593 2901 universa
1620 2850 1872 2916 pervasit.

557 2934 744 2988 XVIII.
783 2937 933 2989 Tunc
976 2946 1029 2989 et
1058 2937 1370 3004 Austrapius
1406 2939 1509 2990 dux
1557 2939 1881 2993 Cltramuum
1933 2957 2048 2995 me-

494 3034 672 3091 tuens,
702 3027 752 3080 in
783 3027 1050 3080 basilicam
1078 3029 1246 3081 sancti
1277 3028 1482 3082 Martini
1509 3030 1742 3098 confugit
1782 3049 1795 3082 :
1827 3034 1909 3085 cui
1957 3033 2048 3086 tali

2150 1845 2482 1897 succederet.
2514 1843 2616 1897 Sed
2649 1859 2737 1897 rex
2771 1844 3116 1898 Cbaribertus
3149 1847 3198 1898 in
3225 1846 3367 1900 aliud
3399 1847 3557 1900 vertit
3599 1861 3717 1901 sen-

2152 1937 2390 1988 tentiam.
2438 1936 2670 2002 Deuique
2718 1951 2838 1988 cum
2883 1935 3118 1990 Pientius
3149 1939 3429 2005 episc0pus
3457 1936 3484 1974 ιι
3516 1938 3582 1992 ab
3616 1939 3719 1992 bac

2151 2028 2266 2080 luce
2296 2026 2569 2095 migrassel
2589 2067 2602 2088 ,
2635 2027 2771 2094 apud
2803 2027 3030 2082 Parisios
3061 2028 3331 2084 civitatem
3373 2029 3713 2094 Pascentius,

2151 2117 2240 2185 qui
2271 2127 2398 2185 tunc
2434 2117 2598 2169 abbas
2639 2124 2754 2169 erat
2780 2115 3012 2170 basilicae
3051 2119 3217 2171 sancti
3260 2118 3476 2187 Hilarii,
3512 2120 3560 2174 ei
3591 2134 3713 2174 sue-

2149 2209 2317 2271 cedit,
2345 2225 2409 2262 ex
2434 2209 2583 2276 jussu
2615 2211 2754 2278 regis
2779 2207 3074 2262 Cbariberti
3092 2250 3106 2274 ,
3133 2209 3396 2264 clamante
3423 2213 3730 2278 Austrapio

2149 2300 2245 2353 sibi
2278 2299 2417 2353 hunc
2458 2299 2725 2352 redhiberi
2765 2297 2780 2334 ί
2815 2299 2989 2352 locum
3025 2317 3038 2352 :
3087 2299 3180 2353 sed
3227 2314 3411 2369 parum
3439 2303 3488 2354 ei
3526 2303 3715 2370 jactati

2151 2392 2394 2461 profuere
2442 2406 2737 2445 sermones.
2788 2391 2904 2456 Ipse
2933 2408 3143 2461 quoque
3182 2408 3456 2463 regressus
3494 2396 3559 2448 ad
3592 2411 3713 2449 cas-

2153 2498 2287 2540 trum
2316 2503 2500 2550 suum,
2533 2494 2670 2538 mota
2703 2501 2862 2554 super
2885 2501 2942 2538 se
2963 2486 3319 2540 Theifalorum
3357 2485 3371 2535 i
3423 2487 3716 2551 seditione,

2151 2594 2288 2647 quos
2315 2591 2454 2644 saepe
2495 2587 2832 2644 gravaverat,
2885 2579 3062 2632 lancea
3115 2580 3382 2631 sauciatus
3417 2579 3573 2648 ιω
3598 2594 3715 2632 eru-

2150 2673 2340 2726 deliter
2375 2673 2534 2723 vitam
2581 2669 2764 2722 linivit.
2817 2667 3086 2724 Dioeceses
3134 2682 3262 2722 vero
3308 2683 3430 2722 suas
3477 2670 3716 2724 Ecclesia

2151 2764 2364 2819 Pictava
2392 2766 2610 2830 recepit.

2222 2853 2363 2906 XIX.
2405 2853 2667 2920 Tempore
2690 2850 2715 2887 ιι
2733 2866 2942 2921 quoque
2963 2849 3356 2906 Cblotbacbarii
3384 2853 3554 2921 regis,
3571 2869 3716 2908 sanc-

2150 2955 2238 2999 tus
2271 2947 2361 2999 Dei
2395 2945 2674 2999 Mcdardus
2707 2947 3017 3014 episcopus,
3049 2949 3416 3000 consummato
3441 2947 3564 3000 boni
3593 2962 3718 3014 ope~

2154 3035 2228 3089 ris
2254 3050 2444 3096 cursu,
2476 3044 2531 3088 et
2559 3036 2746 3104 plenus
2783 3035 2988 3089 dierum
3009 3077 3022 3098 ,
3081 3035 3360 3091 sanctitate
3385 3040 3683 3106 przecipuus
3705 3079 3718 3101 ,

488 3122 543 3174 in
583 3119 920 3174 tribulatione
947 3121 1117 3188 posito
1147 3136 1250 3175 non
1294 3121 1460 3176 defuit
1506 3123 1740 3176 divinum
1772 3126 2044 3178 auxilium.
2076 3135 2121 3195 ρ
2152 3124 2290 3178 diem
2323 3125 2476 3178 obiit.
2523 3129 2689 3192 Quem
2739 3125 3181 3179 Cblotbacbarius
3231 3141 3320 3180 rex
3351 3141 3470 3180 cum
3510 3143 3719 3182 summa

493 3206 624 3262 Nam
655 3223 774 3262 cum
805 3207 1103 3264 Cltramnus
1133 3212 1201 3264 ita
1235 3227 1353 3264 eum
1383 3215 1667 3282 constringi
1693 3215 1966 3282 jus~isset,
2000 3225 2058 3269 ut

494 3297 674 3352 nullus
715 3298 789 3352 illi
849 3301 1004 3370 159
1032 3301 1275 3354 alimenta
1309 3303 1542 3370 praebere
1587 3318 1954 3371 praesumeret,
2003 3318 2056 3360 et

491 3386 560 3440 Ita
614 3389 810 3441 arctius
852 3390 1229 3454 custodiretur,
1287 3401 1344 3444 ut
1382 3407 1480 3444 nec
1525 3407 1711 3459 aquam
1750 3395 1963 3462 quidem
2005 3397 2054 3448 ei

493 3479 704 3532 haurire
757 3479 958 3543 liceret,
991 3495 1094 3548 quo
1136 3479 1338 3534 facilius
1367 3483 1671 3548 compulsus
1703 3483 1911 3547 inedia,
1945 3485 2056 3553 ipse

564 3662 590 3689 α
629 3655 716 3728 S_ic
743 3655 904 3710 Corb.
934 3667 988 3711 et
1016 3657 1166 3721 Bell.;
1195 3658 1283 3710 alii
1312 3673 1430 3711 eum
1459 3659 1648 3726 editis,
1681 3672 1852 3728 nocte,
1878 3664 1946 3716 ita
1974 3680 2057 3717 ve-

491 3725 613 3796 niet.
636 3724 836 3796 illegm.
868 3728 1030 3794 inira,
1063 3738 1181 3780 tunc
1207 3730 1493 3792 repentinus
1527 3724 1686 3783 veniet
1711 3724 1962 3786 interitus.

562 3793 947 3871 h_ll_icjdesinit
977 3793 1145 3871 codex
1173 3798 1399 3867 Regius,
1431 3801 1675 3871 quamvis
1707 3803 1856 3854 initio
1898 3803 2055 3871 hujus

495 3864 618 3936 libri
659 3866 812 3920 iudex
847 3869 1080 3919 omnium
1112 3864 1278 3930 ipsius
1301 3864 1527 3936 capitum
1558 3870 1833 3932 habeatur,
1867 3883 1920 3925 et
1950 3864 2052 3927 tiou

491 3937 562 4009 sit
584 3935 806 3989 lacertis.
833 3938 964 3990 Tutu
984 3939 1220 4005 proxime
1234 3938 1348 4009 subj
1359 3935 1564 4007 ungitur
1581 3943 1863 4008 lieginouis
1885 3942 2054 3996 Chro-

490 4005 649 4079 nicon
676 4009 860 4060 eadem
886 4009 1104 4062 omnino
1129 4025 1284 4062 manu
1302 4005 1447 4079 ,qua
1464 4005 1704 4079 Gregorii
1733 4011 1872 4075 libri,
1927 4030 2056 4066 con-

489 4075 763 4142 scriptum.

564 4155 586 4182 °
626 4145 775 4219 Gell).
825 4155 877 4200 et
904 4147 1090 4217 Regm.
1121 4150 1414 4214 basilicum,
1466 4151 1598 4203 forte
1628 4152 1795 4206 sancti
1839 4153 2053 4219 Benigui

489 4224 580 4287 aut
612 4215 670 4268 S.
709 4216 956 4281 Joanni~,
989 4215 1104 4287 qum
1149 4235 1285 4272 nunc
1339 4222 1472 4272 intra
1532 4237 1713 4274 muros
1748 4222 1892 4274 urbis
1919 4217 2051 4274 con-

489 4285 652 4356 elusa:
681 4295 822 4340 sunt.
857 4288 933 4340 Ex
968 4285 1066 4341 hoc
1094 4291 1210 4342 loco
1239 4298 1378 4356 patet
1409 4300 1530 4342 tunc
1552 4291 1601 4342 in
1630 4291 1795 4344 Gallia
1820 4303 1926 4343 tres
1949 4294 2053 4344 lec-

492 4355 664 4427 tiones
693 4356 743 4409 in
771 4357 927 4409 Missa
951 4360 1048 4426 legi
1073 4355 1258 4411 solitas
1291 4361 1484 4420 fuisse,
1519 4376 1738 4427 quarum
1773 4363 1913 4425 prior
1938 4373 2052 4414 erat

489 4423 682 4477 veteris
711 4423 1064 4494 TestarnctiIi,
1095 4431 1323 4481 secunda
1353 4445 1419 4482 ex
1462 4423 1711 4493 Ap'oSiolo
1731 4470 1744 4491 ,
1774 4423 1948 4482 tertia
1982 4446 2045 4482 ex

493 4494 804 4568 Evangelia.
843 4497 968 4550 Vide
998 4499 1282 4568 Litorgiam
1315 4500 1635 4552 GalliCanam
1667 4500 1973 4552 Mabillonii.

559 4562 585 4599 δ
627 4562 714 4636 Sic
739 4565 895 4636 Cprb.
923 4577 974 4618 et
1006 4562 1275 4629 Bell.;'alii
1307 4571 1561 4636 plerique,
1598 4579 1649 4620 ut
1687 4581 1936 4621 asserunt.

564 4643 588 4670 ο
631 4635 730 4707 Sic
766 4634 924 4707 Corb.
967 4649 1018 4689 et
1065 4638 1218 4697 Bell.;
1273 4640 1425 4707 vulgo
1459 4634 1680 4690 ﬁdicitur
1722 4653 1840 4692 esse
1885 4637 2046 4692 Deutz

491 4719 658 4774 prope
695 4705 964 4758 Coloniam
995 4705 1381 4772 Agrippinam;
1408 4709 1511 4763 Sed
1560 4711 1746 4760 mirum
1779 4717 1862 4761 est
1909 4709 2045 4764 hunc

489 4777 661 4829 locum
694 4775 958 4828 civitatem
1003 4779 1280 4842 appellari,
1329 4782 1416 4844 qui
1459 4779 1615 4831 hodie
1644 4778 1873 4831 Τιιίιιυιῐι
1913 4780 2044 4832 dici-

491 4857 593 4911 tur,
634 4845 861 4916 eelebris
892 4847 960 4900 ob
989 4847 1277 4908 abbatiam,
1305 4849 1389 4900 cui
1419 4848 1623 4914 praefuit
1654 4848 1915 4916 Rupertus
1955 4852 2047 4902 ab-

488 4917 602 4970 bas.
637 4915 964 4969 Divitensium
989 4917 1226 4970 tuetuinit
1256 4919 1563 4972 Ammianus
1588 4915 1922 4973 Marcellinus
1951 4921 2042 4974 lib.

489 5002 609 5040 xxvt
637 4999 692 5041 et
714 5003 881 5040 xxvii.
919 4986 1013 5041 llic
1039 4987 1348 5054 Gregorius,
1382 4990 1516 5041 sicut
1542 4997 1594 5042 et
1632 5003 1786 5058 supra
1817 4991 2045 5058 passim,

491 5060 718 5125 appellat
745 5058 1009 5126 regionem
1040 5058 1504 5111 Transrlienanam
1533 5057 1843 5124 sunpliciter
1873 5057 2047 5113 Fran-

489 5128 643 5198 ciam.
675 5129 824 5182 Colb.
855 5131 1013 5182 habet
1039 5126 1302 5181 Mustinm.
1336 5129 1471 5182 Editi
1502 5138 1557 5183 ut
1590 5129 1904 5198 plurituum,
1937 5130 2052 5182 Nu-

489 5197 630 5248 tiam.

566 5265 592 5339 '7
628 5265 739 5339 Alii
763 5282 894 5339 cum
927 5267 1101 5329 (Iolb.,
1145 5267 1451 5323 li’ilicitarit'.
1498 5285 1545 5323 is
1585 5278 1700 5322 erat
1739 5269 1850 5339 idux
1891 5270 2052 5339 Aqui-

496 5338 680 5408 tantae;
723 5337 824 5408 filia
850 5337 994 5406 ejus,
1042 5355 1157 5405 qua:
1188 5341 1453 5392 Gltramuo
1482 5340 1688 5407 nupsit,
1721 5338 1919 5394 Chalda
1956 5337 2052 5408 ap-

493 5407 717 5471 pellatur
743 5405 793 5456 in
820 5405 952 5460 libro
979 5410 1042 5459 de
1069 5409 1244 5461 Gestis
1274 5405 1618 5464 Francorum.

561 5483 605 5548 l__
629 5473 809 5548 Etiatn_
846 5491 985 5548 nunc
1009 5479 1127 5548 sub
1149 5546 1158 5548 _
1182 5479 1353 5542 prisco
1385 5481 1594 5533 nomine
1642 5491 1854 5546 notum,
1889 5480 2043 5548 vulgo

491 5540 936 5616 Selle‘autCelle,
970 5546 1053 5597 ubi
1077 5540 1284 5598 abbatia
1314 5556 1681 5602 eanonicorum
1707 5540 2044 5616 regular-imit.

561 5611 589 5649 ¹ι
620 5613 938 5685 Si_l’ieutius
958 5653 972 5674 ,
998 5623 1055 5666 ut
1079 5616 1321 5668 observat
1345 5619 1568 5682 Deslius,
1593 5621 1728 5685 apud
1755 5611 2002 5672 ﬂetulurn
2029 5659 2044 5681 ,

491 5685 645 5752 vulgo
675 5681 850 5749 Helle,
875 5682 926 5737 in
956 5699 1048 5736 sua
1077 5685 1291 5739 ditBCBSi
1318 5689 1464 5753 obiit,
1490 5689 1604 5742 hinc
1630 5681 1816 5756 Gregoi
1834 5691 1864 5742 ii
1891 5691 2045 5742 verba

2157 3215 2357 3270 honore
2385 3216 2523 3284 apud
2580 3217 2893 3272 Suessionas
2932 3217 3198 3272 civitatem
3225 3219 3504 3288 sepelivit,
3533 3231 3589 3274 et
3632 3221 3697 3274 ba

2155 3309 2358 3362 silicam
2387 3324 2547 3376 super
2566 3325 2684 3363 eum
2717 3310 2975 3364 fabricare
3003 3312 3200 3379 coepit;
3231 3327 3387 3380 quam
3421 3323 3604 3381 postea
3638 3314 3718 3367 Si-

2154 3401 2391 3468 gibertus
2435 3400 2578 3453 filius
2606 3401 2721 3468 ejus
2749 3401 3019 3468 explevit,
3065 3415 3223 3470 atque
3267 3405 3586 3468 composuit.
3641 3405 3719 3458 Ad

2155 3490 2307 3559 cujus
2337 3492 2544 3544 beatum
2587 3492 2890 3560 sepulcrum
2920 3493 3148 3547 vidimus
3175 3495 3468 3548 vinctorum
3503 3510 3720 3563 compe~

2154 3668 2290 3736 apud
2321 3667 2549 3719 Parisios
2575 3707 2588 3727 ,
2642 3665 2706 3718 ad
2741 3665 3073 3719 Pascentium
3096 3706 3110 3728 ,
3155 3683 3256 3722 non
3287 3683 3417 3722 vero
3448 3670 3512 3722 ad
3565 3670 3720 3724 Pien-

2157 3745 2287 3790 tium
2315 3746 2438 3790 sunt
2467 3737 2764 3790 referenda.
2811 3737 2976 3789 Porro
3003 3737 3206 3791 Pientio
3245 3747 3300 3791 et
3324 3739 3611 3808 Austrapio
3643 3743 3725 3795 hic

2155 3809 2460 3860 memoratis
2489 3821 2614 3858 cura
2657 3808 2957 3858 exstruendi
2983 3809 3290 3860 monasterii
3319 3818 3518 3861 sancta:
3555 3811 3719 3865 llade~

2155 3878 2346 3943 gundis
2379 3878 2547 3930 fuerat
2575 3878 2883 3938 commissa,
2919 3877 3028 3943 ipsa
3069 3879 3388 3931 Baudouivia
3414 3890 3719 3935 attestante.

2158 3947 2780 4019 PasceutioFortunatus
2810 3946 2974 3998 Vitam
3023 3948 3080 4000 ὃ.
3115 3948 3296 4019 llilatji
3325 3965 3354 4000 a
3388 3964 3446 4001 se
3471 3954 3721 4019 scriptam
3779 3999 3782 4001 ,

2158 4017 2496 4082 nuncupavit.
2545 4015 2733 4086 Pientii
2767 4030 2887 4086 vero
2911 4056 2924 4080 ,
2958 4021 3110 4086 vulgo
3139 4017 3202 4071 S.
3230 4015 3383 4084 Pieri,
3415 4015 3608 4073 festum
3637 4037 3719 4075 ce-

2157 4089 2388 4141 lebratur
2411 4087 2495 4139 die
2527 4087 2591 4139 l5
2621 4085 2807 4137 Martii.

2234 4160 2246 4193 ¹
2297 4161 2480 4222 Ilegtu.
2513 4157 2654 4207 reddi
2680 4155 2875 4209 debere.
2912 4156 3060 4221 llee.,
3099 4157 3342 4210 redeben'.

2229 4228 2244 4276 i
2293 4226 2476 4292 Tejl’ali
2525 4241 2617 4298 seu
2647 4225 2865 4298 Taifali,
2897 4242 2997 4279 una
3024 4242 3093 4279 ex
3129 4229 3208 4298 bis
3247 4227 3494 4295 gentibus
3537 4230 3746 4298 barba-_

2156 4298 2260 4362 ris,
2310 4313 2426 4363 quae
2460 4297 2655 4348 sarculo
2685 4296 2869 4358 quinto
2901 4298 3114 4350 ineunte
3143 4297 3340 4349 Gallias
3372 4298 3718 4355 inundarunt.

2158 4369 2354 4419 llorutn
2385 4365 2585 4432 aliquot
2613 4365 2764 4416 sedes
2793 4366 2956 4418 fixere
2977 4366 3114 4432 apud
3141 4366 3381 4419 Pictones
3399 4408 3412 4431 ,
3439 4383 3499 4420 ac.
3526 4387 3719 4425 nomen

2155 4439 2349 4490 (ledere
2381 4438 2492 4506 vico
2525 4432 2744 4506 Teifttlin
2773 4437 2935 4506 dicto,
2992 4437 3077 4506 qui
3105 4440 3260 4488 etiam
3294 4453 3432 4490 nunc
3476 4452 3724 4506 Superest

2079 4511 2126 4569 Ι)
2151 4508 2251 4559 sub
2283 4505 2494 4557 nomine
2525 4503 2811 4570 'l‘il'augia2,
2847 4505 3000 4571 vulgo
3034 4505 3269 4573 'I'i/‘nnge,
3305 4507 3439 4560 inter
3463 4503 3723 4564 Clu-chio—

2155 4593 2272 4628 nem
2303 4584 2356 4628 et
2406 4576 2787 4645 lll_orita_ttiaut,_
2821 4588 3018 4639 pesttus
3067 4579 3130 4626 ad
3190 4579 3401 4628 [luvium
3454 4577 3718 4645 Separim.

2155 4647 2324 4698 Fuere
2350 4654 2402 4697 et
2432 4643 2615 4695 Taifali
2648 4643 2903 4709 gentiles,
2937 4660 3158 4712 quorum
3189 4663 3286 4697 una
3315 4663 3430 4698 cum
3460 4643 3721 4706 Sarmatis

2152 4717 2288 4784 apud
2323 4713 2564 4766 Pictones
2597 4714 2894 4776 praesidium
2927 4714 3048 4775 fuit,
3083 4731 3143 4767 ex
3190 4719 3385 4768 holitia
3425 4718 3720 4781 provincia.

2154 4802 2266 4838 runt
2326 4785 2530 4852 imperii
2587 4784 2829 4836 Romani.
2892 4785 2990 4836 Atli
3026 4785 3196 4837 Vales.
3256 4786 3350 4839 lib.
3398 4802 3489 4840 vttl
3525 4790 3718 4843 Iit-rum

2155 4856 2416 4920 Francic.,
2444 4865 2534 4908 aut
2563 4854 2614 4907 iu
2637 4853 2831 4906 Notitia
2854 4853 3141 4908 Galliarum
3171 4871 3230 4907 ea
3260 4863 3324 4909 de
3363 4871 3420 4910 re
3453 4859 3719 4912 disseret»

2155 4939 2280 4981 tetu.

2227 4999 2250 5032 κ
2297 4995 2450 5050 Deest
2499 4994 2597 5048 hoc
2627 5003 2781 5061 caput
2809 4993 2860 5047 in
2913 4993 3068 5048 Corb.
3103 5003 3158 5047 et
3208 4994 3361 5058 Bell.;
3414 4997 3639 5050 habetur
3671 5001 3720 5053 in

2158 5070 2395 5130 caeteris,
2443 5073 2496 5118 et
2551 5063 2811 5117 iudicatur
2843 5066 2979 5117 inter
3026 5067 3195 5132 capita
3247 5068 3365 5117 libri
3411 5081 3462 5118 Iv
3508 5069 3560 5120 in
3593 5075 3714 5120 le.

2159 5135 2339 5205 Regio.
2393 5138 2464 5189 lle
2503 5136 2557 5190 S.
2594 5134 2840 5187 Medardo
2885 5135 3056 5196 agitur
3094 5139 3215 5188 item
3250 5139 3298 5187 in
3329 5134 3420 5188 lib.
3464 5139 3531 5190 de
3571 5141 3723 5191 Glnr.

2158 5208 2310 5258 Conl‘.
2345 5221 2460 5272 cap.
2503 5208 2591 5259 95.
2635 5205 2846 5258 Ubitom
2875 5206 2988 5270 ejus
3027 5207 3300 5270 consignat
3345 5205 3590 5261 Cointius
3633 5227 3723 5260 an.

2160 5276 2291 5335 543;
2322 5276 2556 5328 Valesius
2596 5291 2682 5327 an.
2715 5275 2836 5326 560.
2873 5275 3039 5325 latratu
3083 5289 3222 5326 lllillc
3268 5290 3431 5342 prope
3477 5279 3724 5330 Suchio-

2163 5363 2256 5399 nas
2301 5357 2471 5399 exstat
2503 5347 2709 5397 basilica
2739 5358 2856 5396 cum
2883 5345 3070 5413 insigni
3105 5348 3425 5399 nionasterio
3462 5349 3581 5399 0rd.
3619 5349 3722 5400 lle-

2154 5416 2405 5470 uedielini
2433 5416 2530 5467 sub
2558 5417 2723 5467 sancti
2757 5413 2917 5465 Mauri
2950 5414 3387 5484 congregatione,
3423 5417 3508 5468 tibi
3541 5421 3721 5484 scpnl~

2153 5502 2297 5540 crum
2331 5488 2388 5537 Β,
2423 5485 2654 5538 Medardi
2686 5487 2868 5535 visitur
2896 5486 2945 5535 iu
2979 5493 3157 5552 crypta
3190 5483 3553 5538 subterranea.
3586 5483 3718 5540 For-

2155 5566 2364 5608 tunatus
2394 5561 2584 5622 praeter
2613 5553 2728 5621 ejus
2771 5553 2960 5614 vitam,
2993 5554 3204 5619 scripsit
3235 5553 3302 5605 de
3331 5558 3515 5607 eodem
3547 5572 3716 5610 carm.

2156 5627 2216 5680 l7
2251 5625 2369 5678 libri
2400 5639 2468 5686 ll,
2500 5623 2585 5676 ubi
2641 5623 2706 5677 de
2737 5622 2950 5676 basiiica
2984 5639 3011 5675 a
3037 5622 3299 5690 Sigiberto
3329 5631 3559 5690 perlecta
3591 5631 3717 5696 agit.
