3994 6194
275 256 384 315 εδδ
1202 256 1516 315 HISTORIA
1556 255 2003 314 FRANCORUM.
2046 254 2249 312 LIBER
2287 253 2628 323 QUARTUS.
3409 257 3517 312 286

272 372 373 428 des
416 383 575 440 atque
622 382 844 427 catenas
894 372 1163 440 disruptas
1208 373 1607 441 confractasque
1634 373 1841 440 jacere,
1874 372 1923 431 A
1951 385 2052 423 non
2087 369 2345 437 permisit.
2379 369 2528 422 Mane
2570 377 2745 421 autem
2778 366 2946 432 facto,
2984 376 3207 438 uterque
3245 379 3513 425 commoto

267 480 397 535 qua:
427 480 594 534 usque
624 465 785 518 hodie
844 465 897 517 in
943 463 1301 518 testimonium
1357 466 1565 518 virtutis
1592 464 1738 531 ejus,
1780 462 1845 515 ad
1947 461 2183 514 exercitu
2229 461 2292 512 ad
2351 461 2548 513 bellum
2606 468 2787 511 contra
2835 473 2893 511 se
2943 468 3243 527 properant.
3302 461 3515 531 lbatqne

260 568 448 624 meum
490 555 629 609 beati
680 556 983 624 sepulcrum
1029 564 1387 608 reservantur.
1431 555 1536 609 Sed
1577 554 1641 607 ad
1689 568 1846 621 supe-
1946 550 2392 605 Chlothacharius
2414 567 2509 605 rex
2535 561 2781 615 tanquam
2813 567 2979 605 novus
3008 553 3168 606 David
3197 561 3379 608 contra
3404 555 3516 609 Ab-

258 648 414 703 riora
448 647 752 703 redeamus.
1860 626 1887 693 ἶ
1947 641 2183 694 salonem
2218 642 2377 695 ﬁlium
2408 652 2767 710 pugnaturus,
2803 641 3053 711 plangens
3100 654 3255 712 atque
3281 645 3466 698 dicens
3496 663 3513 698 :

340 739 466 794 XX.
510 740 883 794 Childebertus
925 740 1081 807 igitur
1119 754 1211 792 rex
1253 748 1513 807 aegrotare
1542 737 1733 804 cmpit,
1792 744 1846 788 et
1951 730 2193 800 Respice,
2229 735 2468 799 nomine,
2499 733 2563 785 de
2591 734 2759 803 cmlo,
2789 734 3040 801 etjudica
3081 750 3292 791 causam
3318 722 3514 808 meam,

251 845 390 885 cum
432 830 739 884 diutissime
786 830 923 895 apud
973 828 1204 882 Parisios
1253 828 1449 881 lectulo
1496 829 1840 887 decutiasset,
1949 822 2069 891 quia
2102 823 2294 892 injuste
2324 840 2350 876 a
2387 826 2492 877 lilio
2517 825 2734 891 injurias
2758 827 2943 891 patior.
2976 827 3225 896 Respice,
3258 840 3313 882 et
3336 830 3513 895 judica

253 920 436 985 obiit;
484 931 541 975 et
581 922 646 973 ad
682 920 955 972 basilicam
1004 918 1143 971 beati
1179 918 1434 970 Vincentii
1467 925 1514 978 ⁸,
1545 931 1700 983 quam
1741 916 1851 980 ipse
1950 912 2115 980 juste;
2161 915 2395 983 illudque
2426 916 2634 983 impone
2659 916 2945 984 judicium,
2974 920 3113 986 quod
3142 921 3400 987 quondam
3436 922 3514 975 in-

256 1020 687 1076 construxerat,
717 1021 800 1065 est
831 1009 1094 1077 sepultus.
1125 1005 1289 1077 Cujus
1318 1022 1534 1073 regnum
1556 1016 1608 1059 et
1635 1005 1853 1057 thesau-
1952 1013 2035 1058 ter
2055 1005 2371 1060 Absalonem
2416 1016 2468 1060 et
2508 1018 2709 1076 patrem
2740 1009 2857 1076 ejus
2898 1010 3061 1065 David
3100 1014 3338 1081 posuisti.
3372 1016 3510 1069 Con—

256 1116 362 1157 ros
413 1101 866 1155 Cblothacharius
920 1114 1014 1153 rex
1074 1098 1279 1165 accepit
1328 1094 1763 1165 :Ultrogottham
1824 1090 1852 1129 δ
1953 1095 2251 1165 lligentibus
2278 1097 2436 1165 igitur
2482 1099 2699 1165 pariter,
2742 1099 3110 1155 Britannorum
3152 1118 3330 1158 comes
3369 1114 3512 1175 terga

257 1208 407 1247 vero
436 1204 493 1247 et
533 1193 667 1246 ﬁlias
696 1192 814 1260 ejus
866 1191 995 1245 duas
1035 1191 1086 1243 in
1116 1190 1360 1244 exsilium
1395 1188 1588 1253 posuit.
1632 1186 1854 1240 Chram-
1953 1191 2139 1252 vertit,
2172 1190 2348 1257 ibique
2378 1200 2431 1245 et
2476 1191 2685 1247 cecidit.
2732 1191 2971 1263 Denique
3016 1193 3313 1253 Chramnus
3342 1200 3514 1270 fugam

262 1298 381 1337 nus
432 1294 611 1337 autem
645 1282 780 1353 patri
812 1291 1243 1352 repraesentetur,
1278 1279 1370 1334 sed
1404 1288 1581 1346 postea
1624 1277 1853 1331 inﬁdelis
1955 1281 2097 1347 iniit,
2131 1296 2291 1335 naves
2322 1283 2371 1335 in
2404 1283 2533 1335 mari
2577 1293 2786 1349 paratas
2828 1285 3027 1340 habens
3062 1305 3075 1341 :
3107 1290 3200 1341 sed
3230 1290 3353 1343 dum
3382 1306 3515 1345 uxo-

268 1375 511 1428 exstitit.
566 1374 804 1443 Cumque
850 1388 909 1428 se
951 1381 1195 1428 cerneret
1243 1372 1470 1426 evadere
1520 1386 1625 1422 non
1668 1383 1853 1437 posse,
1954 1385 2065 1425 rem
2098 1383 2149 1425 et
2181 1372 2315 1425 ﬁlias
2357 1387 2479 1426 suas
2511 1372 2738 1427 liberare
2765 1376 2954 1441 voluit,
2994 1378 3061 1430 ab
3089 1380 3321 1433 exercitu
3354 1382 3517 1450 patris

274 1465 611 1518 Britanniam
636 1465 786 1533 petiit
815 1482 828 1516 :
862 1463 1042 1531 ibique
1069 1476 1187 1516 cum
1208 1462 1495 1515 Chonobro
1521 1470 1543 1497 ο
1576 1459 1855 1513 Britanno-

276 1573 399 1609 rum
436 1557 666 1618 comite.
698 1557 812 1624 ipse
847 1565 902 1610 et
947 1570 1083 1608 uxor
1118 1554 1262 1621 ejus,
1312 1567 1373 1605 ac
1413 1551 1531 1604 ﬁlim
1562 1551 1848 1604 latuerunt.

280 1651 661 1707 Wiliacbarius
687 1660 864 1706 autem
906 1663 1059 1704 socer
1084 1649 1199 1717 ejus
1240 1644 1265 1684 ἀ
1292 1646 1356 1700 ad
1387 1645 1659 1700 basilicam
1685 1645 1853 1698 sancti

1954 1475 2267 1529 oppressus,
2296 1474 2480 1531 captus
2506 1473 2663 1532 atque
2686 1464 2875 1532 ligatus
2905 1474 3005 1520 est.
3038 1469 3186 1532 Quod
3217 1484 3335 1522 cum
3358 1469 3517 1524 Chlo-

1957 1551 2231 1605 tbachario
2270 1553 2378 1620 regi
2424 1555 2719 1607 nuntiatum
2768 1556 2985 1623 fuisset,
3024 1557 3183 1625 jussit
3223 1574 3343 1614 eum
3395 1576 3515 1616 cum

1958 1658 2121 1696 uxore
2151 1652 2205 1696 et
2240 1644 2443 1698 ﬁliabus
2480 1646 2633 1715 162
2682 1647 2787 1715 igni
2818 1650 3055 1701 consumi
3086 1667 3100 1703 :
3143 1651 3435 1721 inclusique
3461 1654 3516 1709 in

283 1742 495 1796 Martini
520 1741 778 1812 confugit.
800 1741 950 1795 Tunc
978 1749 1159 1794 sancta
1192 1738 1403 1793 basilica
1433 1752 1463 1790 a
1503 1739 1732 1805 peccatis
1759 1750 1849 1803 po-
1880 1730 1928 1788 B
1954 1734 2163 1800 tugurio
2210 1733 2483 1800 cujusdam
2548 1736 2845 1800 pauperculi
2902 1734 2922 1773 τ
2946 1778 2961 1802 ,
3009 1737 3307 1795 Chratnuus
3359 1757 3517 1810 super

286 1831 390 1902 puli
416 1846 483 1886 ac
513 1829 792 1896 ludibriis,
844 1845 963 1899 qua:
1003 1830 1057 1884 in
1086 1844 1148 1884 ea
1180 1829 1407 1896 ﬁebant,
1449 1843 1544 1896 per
1572 1827 1853 1882 Wiliacha-

291 1923 422 1977 rium
448 1922 832 1992 conjugemque
850 1920 967 1989 ejus
988 1933 1244 1974 succensa
1268 1927 1379 1983 est,
1403 1920 1541 1988 quod
1566 1934 1669 1972 non
1703 1918 1853 1987 161

293 2013 403 2068 sine
428 2014 579 2082 gravi
607 2011 835 2080 suspirio
865 2024 1241 2066 memoramus.
1269 2008 1375 2065 Sed
1405 2021 1458 2063 et
1479 2009 1664 2063 civitas
1690 2008 1858 2061 Turo-

298 2102 405 2157 nica
434 2113 558 2157 ante
592 2117 791 2156 annum
818 2102 924 2171 jam
973 2101 1079 2170 igni
1108 2110 1420 2169 consumpta
1470 2099 1662 2165 fuerat,
1689 2111 1743 2154 et
1773 2109 1857 2153 to-

297 2202 358 2248 tae
397 2195 638 2249 ecclesia
666 2194 720 2248 in
770 2194 955 2248 eadem
993 2202 1338 2258 conStructae,
1389 2193 1615 2248 deserta:
1657 2192 1860 2246 relictae.

299 2294 428 2339 sunt.
459 2284 708 2338 Protinus
730 2284 867 2338 beati
888 2283 1092 2337 Martini
1124 2283 1336 2338 basilica
1356 2323 1372 2347 ,
1402 2282 1679 2337 ordinante
1697 2281 1863 2335 Chlo-

302 2375 571 2428 thachario
601 2389 757 2444 rege,
811 2384 999 2428 stanno
1041 2382 1290 2442 cooperta
1319 2383 1433 2432 est,
1467 2382 1517 2426 et
1551 2375 1601 2426 in
1631 2373 1750 2437 illa,
1805 2382 1862 2426 ut

304 2465 436 2535 prius
482 2467 690 2533 fuerat,
722 2465 1014 2534 elegantia,
1064 2476 1326 2532 reparata.
1380 2463 1527 2518 Tunc
1561 2462 1680 2517 duae
1719 2463 1862 2517 acies

306 2558 621 2609 locustarum
664 2563 1056 2623 apparuerunt,
1087 2569 1206 2623 qua:
1237 2569 1332 2623 per
1380 2555 1675 2608 Arvernum
1705 2562 1865 2622 atque

305 2644 690 2701 Lcmovicinum
724 2655 746 2683 ⁸
781 2653 1143 2713 transeuntes,
1176 2654 1232 2699 ut
1253 2645 1456 2709 ferunt,
1484 2644 1862 2699 Romaniacum

300 2752 536 2806 campum
568 2744 860 2798 venerunt,
913 2736 965 2789 in
1013 2752 1152 2804 quo,
1186 2737 1370 2806 praelio
1399 2752 1589 2805 magno
1641 2738 1780 2790 inter
1805 2751 1864 2791 se

301 2839 431 2895 acto,
492 2830 725 2882 maxime
776 2837 900 2882 sunt
940 2829 1159 2883 collisze.
1210 2827 1650 2882 Clilothacharius
1687 2837 1862 2881 autem

298 2936 403 2985 rex,
433 2928 624 2974 contra
654 2917 975 2973 Chramnum
1022 2917 1297 2983 frendens,
1347 2933 1467 2971 eum
1512 2919 1747 2971 exercitu
1772 2917 1865 2971 ad-

297 3026 480 3070 versus
510 3025 633 3065 eum
672 3010 723 3063 in
768 3008 1088 3062 Britanniam
1116 3008 1310 3078 dirigit.
1361 3008 1466 3063 Sed
1498 3023 1594 3062 nec
1622 3009 1709 3062 ille
1736 3023 1864 3061 con-

1954 1838 2225 1876 scamnum
2252 1832 2499 1877 extensus
2530 1827 2706 1879 orario
2735 1827 3041 1896 suggillatus
3069 1839 3249 1895 est;.et
3273 1833 3349 1886 sic
3370 1844 3515 1896 post-

1956 1928 2017 1967 ea
2047 1928 2206 1979 super
2229 1928 2323 1970 eos
2364 1915 2576 1969 incensa
2615 1916 2825 1985 casula,
2856 1933 2973 1972 cum
3004 1934 3168 1975 uxore
3215 1932 3268 1977 et
3310 1924 3517 1981 filiabus

1956 2004 2175 2058 interiit.

2030 2094 2171 2150 XXl.
2193 2095 2303 2149 Rex
2321 2110 2446 2150 vero
2468 2095 2902 2151 Chlothacharius
2923 2112 3061 2152 anno
3082 2102 3517 2171 quinquagesimo

1961 2186 2130 2254 primo
2161 2187 2306 2256 regni
2338 2187 2439 2251 sui,
2470 2202 2591 2240 cum
2626 2188 2803 2242 multis
2831 2191 3137 2244 muneribus
3166 2192 3348 2247 limina
3371 2195 3512 2251 beati

1962 2277 2168 2330 Martini
2214 2277 2438 2345 expetiit
2466 2286 2516 2339 ε,
2544 2286 2597 2331 et
2626 2278 2914 2333 adveniens
2957 2279 3185 2334 Turonis
3223 2283 3287 2336 ad
3341 2286 3515 2350 sepul-

1961 2380 2110 2419 crum
2139 2366 2388 2419 antedicti
2419 2365 2691 2433 antistitis,
2720 2376 2937 2420 cunctas
2984 2369 3219 2424 actiones
3249 2386 3382 2439 quas
3405 2372 3513 2425 for-

1964 2464 2104 2509 taSse
2151 2456 2477 2525 negligenter
2526 2465 2705 2525 egerat
2756 2457 3054 2525 replicans,
3101 2468 3154 2513 et
3198 2475 3355 2515 orans
3402 2478 3519 2518 cum

1962 2547 2147 2616 grandi
2177 2548 2413 2617 gemitu,
2447 2556 2501 2600 ut
2531 2562 2626 2616 pro
2674 2549 2785 2601 suis
2819 2549 2986 2617 culpis
3020 2550 3207 2605 beatus
3250 2552 3519 2608 confessor

1964 2641 2171 2695 Domini
2203 2640 2615 2694 misericordiam
2663 2650 2926 2706 exoraret,
2960 2651 3013 2695 et
3041 2657 3103 2695 ea
3153 2659 3268 2710 qua:
3315 2645 3522 2699 irratio-

1965 2730 2209 2785 nabiliter
2240 2732 2597 2793 commiserat,
2630 2745 2728 2783 suo
2753 2730 2972 2784 obtentu
3004 2731 3246 2785 dilueret.
3284 2733 3416 2786 Exin
3444 2751 3525 2789 re-

1965 2839 2205 2895 gressus,
2240 2822 2677 2891 quinquagesimo
2709 2823 2876 2890 primo
2914 2825 3060 2893 regni
3093 2824 3173 2877 sui
3200 2840 3369 2891 anno,
3401 2825 3523 2882 dum

1966 2919 2017 2970 in
2041 2902 2189 2971 Cotia
2219 2916 2349 2970 silva
2376 2915 2403 2950 ιι
2436 2916 2765 2969 venationem
2799 2929 3090 2978 exerceret,
3116 2933 3145 2969 a
3178 2918 3323 2974 febre
3354 2923 3523 2974 corri-

1965 3008 2129 3075 pitur,
2163 3018 2213 3059 et
2251 3006 2443 3060 exinde
2473 3006 2859 3074 Compendium
2897 3007 3073 3061 villam
3104 3009 3261 3063 rediit
3289 3027 3303 3064 :
3336 3012 3387 3065 in
3417 3028 3519 3081 qua

298 3112 366 3156 tra
424 3114 630 3172 patrem
684 3099 864 3170 egredi
914 3100 1108 3154 timuit.
1140 3099 1375 3169 Cumque
1408 3100 1474 3179 'in
1525 3116 1630 3154 uno
1677 3114 1864 3167 campo
1893 3093 1936 3155 C
1970 3113 2087 3151 cum
2118 3099 2348 3167 graviter
2375 3105 2658 3151 vexaretur
2686 3111 2714 3150 a
2748 3096 2913 3164 febre,
2946 3099 3119 3154 aiebat
3149 3118 3164 3157 :
3207 3101 3351 3155 Vua!
3382 3103 3519 3170 Quid

297 3193 640 3263 conglobatus
672 3201 893 3259 uterque
937 3190 1195 3245 resideret
1234 3191 1528 3252 exercitus,
1558 3200 1610 3244 et
1643 3189 1863 3243 Chram-

296 3301 387 3340 nus
417 3301 539 3339 cum
566 3282 831 3337 Britannis
856 3291 1037 3337 contra
1080 3293 1278 3351 patrem
1306 3283 1472 3336 aciem
1505 3282 1859 3347 instruxisset,

298 3377 634 3432 incumbente
669 3382 825 3428 nocte
856 3389 883 3424 a
915 3374 1050 3427 bello
1099 3382 1359 3427 cessatum
1391 3382 1493 3426 est.
1544 3373 1614 3426 Ea
1656 3388 1865 3441 quoque

294 3477 448 3521 nocte
478 3464 765 3520 Chonober
793 3478 973 3517 comes
1000 3464 1367 3517 Britannorum
1397 3463 1525 3517 dicit
1553 3462 1618 3516 ad
1645 3463 1866 3517 Chram-

292 3575 418 3613 num
446 3575 460 3610 :
493 3558 753 3627 Injusmm
776 3572 969 3612 censeo
992 3566 1042 3612 te
1063 3567 1248 3611 contra
1274 3564 1475 3623 patrem
1502 3563 1646 3608 tuum
1670 3555 1866 3610 debere

291 3648 498 3718 egredi.
549 3647 804 3702 Permitte
851 3664 936 3702 me
976 3647 1075 3701 hac
1130 3655 1318 3709 nocte,
1377 3645 1655 3699 ntirruam
1706 3660 1866 3711 super

291 3754 440 3803 eum,
473 3738 751 3807 ipsumque
780 3752 901 3791 cum
928 3746 1037 3790 toto
1064 3737 1300 3790 exercitu
1334 3745 1681 3804 prosternam.
1714 3736 1865 3800 Quod

289 3832 633 3894 Chramnus,
668 3840 723 3882 ut
767 3829 962 3891 credo,
1008 3828 1201 3882 virtute
1239 3828 1331 3882 Dei
1386 3836 1712 3898 praeventus,
1752 3826 1864 3881 ﬁeri

358 3954 386 3981 ⁸
426 3944 555 3998 Ηίεο
603 3951 687 3998 est
729 3943 942 3997 basilica
972 3942 1029 3997 S.
1069 3941 1314 3996 Germani
1343 3957 1372 3995 a
1404 3941 1575 3995 Pratis
1602 3941 1769 4007 dicta,
1799 3941 1866 3996 de

287 4031 390 4084 qua
424 4028 587 4079 supra
616 4013 681 4066 ad
721 4014 952 4084 captaa
970 4013 1060 4084 lib.
1092 4027 1186 4075 tu,
1210 4011 1298 4064 ubi
1318 4012 1381 4084 Ain
1410 4013 1587 4084 medio
1613 4011 1761 4065 chori
1792 4012 1867 4065 vi-

287 4082 425 4140 situr
456 4086 616 4138 etiam
666 4099 805 4136 nunc
839 4082 1163 4136 Childeberti
1219 4082 1358 4151 regis
1403 4082 1740 4149 sepulcrum,
1788 4090 1867 4135 ta-

286 4156 453 4219 metsi
483 4169 588 4205 non
619 4161 778 4206 tanta:
808 4152 1152 4217 antiquitatis.
1208 4153 1332 4221 Ejus
1361 4151 1623 4217 depositio
1674 4153 1723 4204 in
1772 4166 1866 4203 an-

288 4224 565 4293 tographo
602 4222 825 4278 Usuardi
879 4222 1254 4293 Martyrologio
1305 4223 1390 4293 die
1440 4221 1511 4293 23
1563 4221 1865 4293 Decembris

286 4290 661 4364 consignatur,
691 4308 809 4364 quo
834 4292 933 4364 die
963 4292 1185 4360 singulis
1214 4291 1366 4344 annis
1413 4290 1528 4359 ejus
1554 4292 1864 4364 anniversa-

290 4368 438 4419 rium
456 4362 590 4416 'cum
621 4362 847 4416 solemni
898 4376 1091 4429 pompa
1135 4364 1291 4413 etiam
1333 4375 1473 4413 nunc
1514 4362 1860 4415 celebramus.

293 4454 314 4486 ι
365 4436 485 4487 Non
520 4433 673 4486 facile
702 4433 962 4500 reperias,
1007 4430 1175 4496 inquit
1200 4429 1472 4493 Valesius,
1516 4431 1608 4485 lib.
1642 4446 1732 4483 vnt
1760 4432 1864 4482 Re-

288 4520 413 4559 rum
450 4502 717 4561 Francia,
749 4501 899 4569 cujus
931 4502 1095 4568 pietas
1138 4508 1193 4554 et
1238 4501 1304 4553 de
1346 4502 1567 4553 summis
1619 4501 1867 4553 Ecclesia:

291 4576 463 4627 rebus
492 4573 790 4625 sollicitudo
818 4572 999 4624 multis
1026 4580 1080 4623 et
1121 4571 1323 4638 magnis
1348 4570 1730 4638 experimentis
1765 4579 1868 4621 tes—

293 4647 467 4696 tatior
513 4642 642 4703 fuit,
677 4658 833 4706 quam
864 4640 1208 4693 Cluhleherti.
1249 4660 1265 4690 ι
1302 4641 1352 4692 Id
1387 4642 1605 4703 probant
1636 4642 1747 4693 loca
1778 4653 1868 4692 sa-

292 4729 389 4766 cra
416 4753 432 4773 ο
466 4726 588 4779 qure
611 4712 908 4771 exstruxit,
932 4711 1149 4775 domvit,
1181 4710 1436 4774 protexit;
1481 4710 1723 4773 concilia,
1748 4724 1866 4776 qua:

296 4798 363 4835 eo
395 4790 625 4835 curante
676 4781 980 4849 frequenter
1024 4781 1292 4833 celebrata
1351 4788 1505 4843 sunt,
1563 4781 1868 4845 pontificum

301 4852 667 4905 Boiiianorum
686 4892 699 4913 ,
724 4855 1055 4918 aliorumque
1077 4850 1444 4916 episcoporum
1472 4850 1740 4916 epistolas,
1764 4863 1871 4903 om-

301 4925 449 4974 nium
480 4921 667 4991 ferme
687 4920 802 4991 eius
828 4920 926 4972 τενὶ
957 4933 1228 4972 auatorntn
1262 4920 1580 4973 testimOnia.
1612 4921 1689 4973 0b
1717 4933 1866 4991 suam

303 4993 354 5043 in
382 4994 587 5044 cultum
643 4988 872 5044 divinum
927 4990 1204 5057 pietatem,
1251 5004 1340 5040 rea:
1368 5000 1519 5058 atque
1566 4988 1800 5042 sacerdos
1838 5002 1869 5040 a

306 5059 602 5113 Fortunato
644 5064 956 5126 appellatur,
1007 5061 1092 5127 qui
1135 5070 1188 5112 et
1233 5074 1351 5111 eum
1384 5057 1607 5123 passim,
1664 5066 1769 5111 tum
1817 5057 1868 5110 in

309 5129 424 5183 Vita
454 5141 625 5184 sancti
659 5129 935 5193 Germani,
993 5140 1099 5180 tum
1144 5130 1195 5181 in
1239 5129 1560 5184 carminibus
1586 5130 1870 5198 plurimum

313 5200 510 5254 laudat.
550 5200 679 5254 Vide
708 5201 883 5253 Vales.
935 5198 1070 5252 libro
1100 5199 1340 5258 laudato,
1371 5210 1424 5251 et
1454 5199 1585 5253 alios
1630 5210 1871 5251 auctores

308 5276 524 5337 pissim.
587 5272 714 5339 Ejus
757 5270 1197 5323 Constitutionem
1250 5268 1503 5323 adversus
1550 5282 1872 5337 paganorum

308 5345 557 5410 letiquias
582 5344 825 5410 dabimus
852 5341 902 5393 in
936 5340 1259 5410 Appendice.

382 5412 406 5449 δ
426 5407 675 5467 υιυτεω
700 5409 909 5465 scilicet
935 5409 1256 5463 Childeberti
1288 5408 1457 5479 regis,
1488 5423 1550 5461 ac
1580 5408 1709 5461 duas
1743 5407 1875 5461 ﬁlias

310 5482 426 5551 ejus
444 5527 457 5544 ,
492 5483 877 5549 Chrotbergam
909 5491 963 5533 et
989 5479 1415 5551 Chrotesindam.

385 5565 406 5592 ε
449 5556 575 5619 Alii,
601 5544 893 5616 Coonobro;
919 5552 1073 5614 Bell.,
1103 5548 1329 5619 Chonoo,
1357 5557 1411 5602 et
1431 5547 1511 5619 sic
1530 5546 1683 5599 infra.
1711 5544 1871 5601 Corb.

318 5623 536 5679 (Ilioneo.
592 5626 657 5677 Et
705 5626 785 5675 sic
839 5624 890 5674 in
937 5630 1038 5673 ISlO
1083 5618 1256 5690 capite
1282 5619 1471 5690 legitur
1504 5618 1604 5679 bis,
1646 5628 1750 5690 tam
1784 5632 1876 5683 pro

321 5695 590 5760 Chouuber,
622 5708 785 5764 quam
819 5708 914 5760 pro
944 5689 1229 5745 Clionobro.
1259 5686 1361 5747 Sed
1389 5698 1443 5744 et
1489 5703 1643 5758 supra
1676 5686 1726 5740 in
1755 5701 1873 5756 cap.

1969 3189 2161 3255 putatis
2180 3230 2193 3251 ,
2220 3186 2390 3257 qualis
2415 3197 2495 3242 est
2526 3187 2614 3241 ille
2642 3186 2752 3241 Rex
2784 3187 3034 3256 caelestis,
3065 3190 3151 3260 qui
3182 3192 3256 3246 sic
3284 3202 3386 3247 tam
3414 3210 3525 3248 ma-

1964 3293 2096 3347 gnos
2122 3291 2273 3345 reges
2299 3276 2579 3330 interficit!
2603 3276 2656 3330 ln
2688 3277 2787 3332 hoc
2814 3277 2955 3331 enim
2980 3279 3136 3334 tmdio
3169 3284 3387 3350 positus,
3415 3288 3526 3352 spi-

1966 3372 2123 3423 ritum
2166 3368 2449 3422 exhalavit.
2492 3368 2659 3433 Quem
2688 3376 2911 3437 qu’atuor
2952 3369 3044 3424 lilii
3074 3371 3151 3426 sui
3181 3388 3299 3427 cum
3333 3391 3522 3443 magno

1968 3461 2169 3513 honore
2197 3459 2513 3514 Suessiones
2539 3459 2838 3515 deferentcs
2858 3502 2871 3523 ,
2903 3462 2953 3515 in
2985 3463 3195 3517 basilica
3226 3465 3363 3519 beati
3412 3468 3528 3520 Me-

1965 3550 2114 3603 dardi
2145 3551 2486 3617 sepelierunt.
2532 3551 2677 3605 Obiit
2705 3559 2881 3605 autem
2911 3561 3029 3620 post
3057 3569 3213 3606 unum
3242 3554 3527 3610 decurren-

1968 3643 2034 3698 tis
2062 3643 2188 3696 anni
2218 3642 2378 3708 diem,
2413 3658 2517 3713 quo
2542 3642 2835 3697 Chramnus
2860 3642 3028 3697 fuerat
3056 3644 3378 3699 interfectus.

2043 3734 2204 3789 XXII.
2234 3734 2564 3802 Chilpericus
2612 3749 2735 3787 vero
2767 3743 2886 3803 post
2940 3734 3104 3802 patris
3147 3735 3362 3796 funera,
3407 3736 3527 3790 the-

1968 3840 2154 3878 sauros
2178 3826 2336 3892 quiin
2383 3825 2507 3877 villa
2532 3825 2789 3878 Brinnaco
2824 3825 2838 3860 ί
2874 3834 3029 3877 erant
3070 3828 3394 3894 congregati,
3439 3843 3530 3881 ac-

1965 3938 1999 3990 4
2024 3936 2259 4004 ejusdem
2317 3937 2435 3989 libri
2473 3951 2547 4005 tv,
2578 3936 2682 3989 col.
2716 3936 2840 4000 144,
2875 3936 2967 3988 lin.
2996 3936 3094 3999 20,
3128 3953 3221 4005 pro
3250 3938 3529 3992 Chanaone

1969 4008 2157 4075 legitur
2186 4008 2235 4059 in
2266 4008 2453 4077 eodem
2481 4004 2664 4071 Corb.,
2701 4005 2973 4059 Chonoone
2995 4046 3011 4070 ,
3049 4004 3347 4077 quanquam
3379 4009 3519 4062 idem

1966 4078 2096 4131 alias
2121 4077 2312 4130 dicitur
2337 4075 2566 4128 Charino.

2040 4144 2067 4183 ά
2105 4148 2268 4200 Corb.
2300 4156 2354 4199 et
2380 4146 2537 4206 Bel|.,
2571 4143 2954 4197 Williacharius
2981 4157 3146 4199 autem
3177 4148 3413 4203 sacerdos
3438 4151 3527 4207 ad.

1967 4217 2128 4272 Corb.
2164 4228 2217 4270 et
2243 4216 2443 4283 aliquot
2479 4216 2637 4278 editi,
2672 4214 3046 4277 Willicharius,
3084 4225 3139 4268 ut
3167 4232 3346 4279 supra.

2042 4298 2065 4325 ⁸
2109 4287 2262 4350 Bell.,
2296 4287 2733 4355 Lemajecinum...
2769 4286 3102 4338 Romanicum
3130 4302 3383 4355 campum.

2042 4356 2062 4395 ί
2106 4357 2231 4424 Alii,
2260 4356 2626 4423 inclusitque...
2645 4355 2987 4420 pauperculae.
3020 4357 3212 4409 Marius
3242 4357 3306 4410 ad
3333 4374 3529 4413 annum

1899 4458 1945 4515 Ι)
1971 4427 2072 4515 569
2101 4427 2408 4515 referueum
2454 4442 2570 4515 cun:
2604 4436 2843 4515 garrire-et
2872 4427 2996 4515 [iliis
3025 4437 3320 4515 crematum.
3344 4428 3526 4509 fuisse.

2041 4507 2066 4545 κ
2104 4497 2310 4551 Itineris
2338 4511 2516 4549 comes
2548 4494 2645 4547 fuit
2672 4495 2852 4550 beatus
2881 4496 3173 4550 Germanus
3206 4497 3528 4554 Parisiorum

1971 4570 2269 4634 episcopus,
2301 4568 2387 4634 qui
2419 4580 2481 4619 ea
2511 4568 2789 4618 occasione
2816 4567 3056 4619 I’ictavos
3084 4571 3333 4633 perrexit,
3371 4569 3529 4625 Rade-

1970 4638 2130 4706 gnndi
2162 4652 2256 4705 pro
2281 4652 2403 4706 rege
2434 4637 2642 4689 veniam
2675 4637 2952 4701 petiturus,
2983 4645 3039 4689 ut
3067 4651 3246 4690 narrat
3276 4641 3509 4695 Bauduni

1972 4712 2054 4759 via
2084 4708 2136 4761 in
2173 4708 2284 4779 Vita
2305 4707 2361 4760 S.
2396 4706 2751 4779 Radegundis.
2784 4707 3132 4779 Tuncprocul
3165 4709 3321 4760 dubio
3353 4712 3528 4779 Agnes

1973 4788 2076 4830 tem
2105 4776 2423 4897 34b2batissam
2472 4776 2779 4841 benedixit,
2826 4786 2881 4830 ut
2917 4776 3108 4831 dicitur
3152 4782 3284 4831 intra
3330 4776 3425 4834 lib.
3456 4796 3529 4845 ιχ,

1973 4862 2086 4897 can.
2194 4887 2210 4897 .

1969 4862 2086 4911 cap.
2120 4862 2210 4904 42.

2046 4916 2075 4955 ιι
2116 4916 2286 4969 Etiam
2314 4931 2453 4970 nunc
2498 4931 2685 4969 nomen
2715 4916 2945 4979 retinet,
2995 4917 3046 4969 ta
3084 4918 3221 4985 foret
3259 4919 3320 4968 de
3366 4916 3531 4985 Cuise,

1974 4987 2310 5053 Compendio
2332 4988 2590 5053 proxima.
2622 4986 2862 5041 Cointius
2893 4987 3124 5053 pluribus
3161 4987 3345 5052 probat
3377 4987 3536 5038 Chlo-

1978 5061 2166 5110 tariuin
2196 5070 2336 5107 anno
2365 5056 2431 5109 50
2462 5058 2606 5124 regni
2653 5057 2731 5108 sui
2779 5059 2973 5109 obiisse
2996 5096 3010 5117 ,
3046 5055 3283 5124 Valesius
3330 5054 3533 5121 aliquot

1976 5127 2160 5180 diebus
2192 5138 2385 5176 annum
2434 5123 2731 5179 excessisse
2780 5125 3049 5193 probabile
3096 5123 3398 5176 existimat:
3432 5143 3538 5193 quo

1978 5205 2132 5265 parto
2157 5194 2430 5265 legendum
2453 5204 2596 5247 esset
2623 5197 2808 5246 saltem
2838 5193 2992 5265 hujus
3013 5194 3378 5265 capitis__iuitio
3403 5213 3539 5249 anno

1980 5261 2065 5321 50.
2100 5264 2458 5318 Henschenius
2487 5272 2666 5315 Censet
2703 5264 2787 5317 hic
2829 5263 3164 5316 scribendum
3192 5261 3281 5316 52.
3320 5264 3538 5319 Chlota-

1981 5335 2086 5388 rius
2115 5336 2247 5387 obiit
2267 5348 2329 5385 ex
2364 5331 2525 5402 Mario
2552 5349 2686 5384 anno
2707 5331 2776 5385 ‘20
2808 5344 2925 5402 post
2960 5331 3305 5387 Consulatum
3337 5335 3537 5402 Basilii,

1982 5407 2030 5459 id
2061 5415 2141 5458 est
2163 5421 2247 5455 an.
2279 5402 2402 5464 Silii,
2436 5400 2551 5453 Ind.
2586 5417 2662 5453 tx.

2058 5476 2072 5511 ι
2118 5475 2255 5536 Alii,
2300 5470 2567 5523 Brannaco
2592 5511 2607 5534 ,
2635 5473 2791 5542 vulgo
2821 5471 3043 5540 Braine,
3090 5475 3337 5540 oppidum
3368 5476 3539 5531 tribus

1979 5546 2188 5598 circiter
2220 5543 2381 5597 leucis
2408 5542 2474 5593 ab
2500 5546 2731 5608 Augusta
2756 5544 3098 5598 Suessionum
3123 5546 3326 5599 distans
3354 5562 3542 5600 versus

1982 5616 2209 5669 Rhemos
2236 5654 2250 5677 ,
2284 5613 2372 5666 ubi
2412 5611 2631 5681 insignis
2661 5613 2866 5668 abbatia
2913 5615 3127 5670 Ordinis
3161 5616 3541 5671 Praentuttstra~

1982 5690 2145 5743 tensis
2169 5686 2223 5740 S.
2262 5684 2458 5739 Evodio
2486 5684 2677 5739 dicata.
