3994 6194
523 275 629 330 287

1537 276 1596 327 S.
1636 270 1960 327 CRECORII
2004 268 2305 325 EPISCOPI
2343 271 2779 327 TURONENSIS-

520 389 682 455 cepit,
712 394 768 442 et
794 386 858 440 ad
888 385 1121 440 Francos
1150 384 1389 439 utiliores
1420 383 1591 452 petiit,
1619 385 1870 453 ipsosque
1899 399 2081 437 mune-
2110 385 2158 443 Α
2187 393 2388 450 mento,
2426 401 2492 438 ne
2522 400 2756 454 unquam
2778 395 2963 438 contra
2994 399 3115 438 eum
3144 402 3305 455 agere
3326 387 3546 441 deberet
3576 386 3780 456 :quod

521 476 672 532 ribus
702 477 931 532 mollitos
964 477 1064 531 sibi
1100 475 1356 530 subdidit.
1393 476 1455 530 Et
1486 491 1607 530 mox
1642 475 1879 529 Parisios
1910 476 2082 544 ingre-

522 570 685 634 ditur,
717 570 1002 631 sedemque
1023 568 1349 622 Cliildeberti
1384 568 1526 637 regis
1568 576 1814 634 occupat,
1841 567 1933 620 sed
1977 583 2081 619 non

521 660 611 714 diu
654 660 755 714 hoc
801 660 848 714 ei
891 658 1040 713 licuit
1080 658 1380 726 possidere;
1424 673 1543 711 nam
1592 657 1864 727 conjuncti
1896 658 2083 711 fratres

519 750 635 818 ejus
661 764 779 804 eum
804 749 998 804 exinde
1022 749 1285 819 repulcre,
1316 758 1369 802 ct
1395 751 1473 802 sic
1495 749 1633 802 inter
1661 763 1720 801 se
1752 749 1802 801 hi
1832 756 2081 817 quatuor,

520 838 576 894 id
614 849 694 893 est
714 836 1082 903 Charibertus,
1114 838 1547 893 Guntchramnus
1569 878 1584 901 ,
1614 837 1967 905 Chilpericus,
1999 847 2082 891 at-

519 943 622 999 que
652 929 969 999 Sigibertus,
993 930 1302 983 divisionem
1336 929 1620 998 legitimam
1652 928 1870 984 faciunt.
1902 929 2082 984 Dedit—

525 1035 629 1088 que
658 1036 776 1075 sors
805 1029 830 1058 ⁸
861 1021 1171 1075 Chariberto
1219 1036 1437 1090 regnum
1468 1018 1789 1074 Childeberti
1814 1059 1830 1085 ,
1876 1020 2085 1074 sedem-

522 1127 629 1189 que
682 1111 879 1166 habere
932 1111 1194 1175 Parisios;
1228 1110 1663 1166 Gunthcliramno
1692 1127 1818 1165 vero
1862 1126 2080 1180 regnum

522 1202 927 1267 Chlodomeris,
984 1217 1047 1256 ac
1096 1214 1273 1257 tenere
1319 1202 1500 1257 sedem
1551 1200 2079 1267 Aurelianensem‘b;

518 1291 819 1362 Chilperico
846 1309 974 1349 vero
1017 1310 1234 1363 regnum
1282 1292 1680 1349 Chlothacharii
1729 1296 1893 1365 patris
1923 1298 2075 1364 ejus,

519 1383 935 1452 cathedramque
981 1386 1133 1454 163
1181 1385 1496 1439 Suessinnas
1546 1385 1773 1451 habere;
1816 1386 2081 1454 Sigiberto

518 1491 727 1545 quoque
752 1491 971 1545 regnum
1004 1476 1344 1542 Theudorici,
1376 1476 1662 1545 sedemque
1692 1476 1885 1531 habere
1935 1476 2079 1532 Rhe-

518 1584 755 1623 mensem
785 1578 806 1606 °
820 1609 834 1623 .

590 1656 773 1713 XXIII.
797 1660 924 1712 Nam
950 1658 1713 1727 postmortemChlothacharii
1745 1660 1886 1728 regis
1908 1660 2076 1714 Chuni

2185 487 2369 543 postea
2401 477 2630 541 peccatis
2661 476 2971 530 facientibus
3000 485 3081 529 est
3106 477 3387 543 irruptum.

2254 562 2442 616 XXIV.
2470 564 2603 617 Cum
2636 571 2811 616 autem
2855 562 3285 619 Gnntchratnnus
3321 580 3412 619 rex
3445 565 3596 634 regni
3636 579 3779 636 par—

2183 662 2311 718 tem,
2342 654 2479 708 sicut
2503 656 2691 708 fratres
2722 655 2826 720 sui,
2857 655 3192 721 obtinuisset,
3221 666 3401 708 amoto
3424 658 3705 725 Agrwcula
3737 666 3777 694 ο

2184 744 2431 811 patricio,
2460 743 2672 798 Celsum
2707 746 3017 814 patriciatus
3048 746 3251 801 honore
3296 748 3543 815 donavit,
3588 750 3773 802 virum

2184 848 2464 902 procerum
2494 844 2632 888 statu
2668 832 2713 903 ί,
2743 835 2795 889 in
2826 835 3059 903 scapulis
3096 835 3250 906 164
3270 837 3521 902 validum,
3556 837 3779 891 lacerto

2184 928 2486 992 robustum,
2518 928 2568 981 in
2598 929 2774 982 verbis
2800 929 3080 993 tumidum,
3108 930 3161 982 in
3194 930 3462 998 responsis
3493 937 3767 998 opportu-

2183 1037 2331 1088 num,
2362 1022 2500 1090 juris
2524 1020 2751 1076 lectione
2780 1022 3008 1090 peritum
3043 1036 3058 1073 :
3094 1023 3177 1074 cui
3212 1030 3353 1074 tanta
3381 1020 3636 1091 deinceps
3666 1020 3771 1075 ba-

2182 1110 2338 1164 bendi
2379 1110 2642 1179 cupiditas
2681 1110 2911 1173 exstitit,
2944 1117 3001 1162 nt
3030 1112 3223 1177 saipius
3264 1111 3618 1165 ecclesiarum
3671 1125 3768 1164 res

2184 1203 2434 1256 auferens
2459 1245 2471 1267 ,
2506 1204 2617 1256 suis
2659 1202 2951 1256 ditionibus
2992 1202 3305 1271 sulijugarit.
3338 1202 3466 1255 Nam
3498 1219 3618 1256 cum
3667 1218 3771 1255 au-

2182 1292 2347 1346 disset
2380 1293 2607 1359 quadam
2647 1293 2762 1347 vice
2793 1293 2940 1346 Isaia)
2977 1294 3250 1361 propheta:
3276 1293 3561 1346 lectionem
3590 1293 3642 1347 in
3665 1304 3770 1343 ec-

2184 1382 2342 1436 clesia
2374 1384 2473 1452 legi
2502 1424 2515 1449 ,
2546 1382 2596 1437 in
2628 1384 2833 1451 quaait
2860 1402 2872 1435 ε
2917 1383 3009 1436 Va!
3054 1384 3132 1436 his
3175 1385 3260 1451 qui
3292 1385 3521 1453 jungunt
3549 1384 3769 1436 domum

2180 1472 2248 1524 ad
2286 1472 2531 1537 domum,
2578 1482 2624 1526 et
2664 1488 2846 1541 agrum
2892 1474 2960 1524 ad
2988 1490 3167 1542 agrum
3206 1474 3445 1541 copulant
3483 1490 3643 1538 usque
3691 1475 3766 1525 ad

2182 1564 2455 1615 terminum
2487 1561 2584 1615 loci
2610 1562 2764 1633 (Isai.
2791 1578 2840 1626 v,
2872 1563 2951 1629 8),
2976 1565 3304 1618 exclamasse
3338 1564 3505 1617 fertur
3533 1581 3545 1614 :
3574 1564 3764 1617 Incon-

2180 1669 2310 1722 grue
2340 1655 2440 1707 hoc
2469 1654 2558 1707 Vae
2596 1655 2724 1707 tnihi
2756 1664 2810 1709 et
2843 1654 2962 1708 filiis
2986 1656 3138 1708 int-is.
3172 1655 3276 1709 Sed
3309 1655 3522 1723 reliquit
3559 1654 3759 1717 ﬁlium,

519 1749 627 1822 [ΑΙ.
661 1748 856 1821 Hunni]
883 1750 1084 1805 Gallias
1114 1758 1387 1819 appetunt,
1420 1758 1602 1804 contra
1634 1765 1767 1819 quos
1789 1751 2083 1819 Sigibertus
2116 1742 2161 1801 B
2189 1743 2277 1810 qui
2310 1744 2510 1813 absque
2542 1742 2725 1799 liberis
2764 1744 2997 1807 functus,
3030 1746 3313 1798 maximam
3355 1755 3554 1812 partem
3586 1745 3762 1798 facul-

519 1842 811 1895 eaercitum
837 1841 1038 1911 dirigit,
1071 1849 1126 1895 et
1155 1848 1305 1911 gesto
1334 1848 1515 1895 contra
1546 1856 1638 1895 eos
1668 1841 1832 1905 bello,
1865 1842 2086 1896 vicitat-

519 1947 623 2000 que
650 1931 1009 2003 fugavitzsed
1054 1942 1235 2001 postea
1278 1949 1370 1986 rex
1423 1949 1606 1987 eorum
1654 1934 1914 1987 amicit'as
1963 1950 2083 1990 cum

520 2023 700 2078 eodem
725 2040 818 2093 per
838 2025 1038 2095 legatos
1066 2024 1275 2077 meruiL
1303 2023 1434 2077 Dum
1458 2034 1632 2077 autem
1656 2039 1774 2077 cum
1799 2024 1878 2078 eis
1901 2026 2085 2077 turba-

520 2125 601 2167 tus
629 2123 770 2167 esset
801 2113 1096 2182 Sigibertus
1121 2154 1135 2176 ,
1167 2113 1501 2182 Chilpericus
1530 2111 1695 2168 frater
1720 2114 1836 2182 ejus
1866 2115 2085 2169 illiemis

520 2203 776 2271 pervadit,
807 2212 862 2258 et
890 2205 1021 2257 alias
1048 2204 1313 2267 civitates,
1339 2219 1457 2272 qua:
1483 2204 1547 2256 ad
1568 2220 1690 2259 eum
1720 2206 2081 2270 pertinebant,

520 2293 755 2346 abstulit.
793 2293 869 2346 Ex
906 2295 1003 2347 hoc
1034 2294 1174 2346 enim
1201 2294 1337 2346 inter
1361 2307 1475 2359 eos,
1499 2294 1637 2361 quod
1670 2293 1819 2363 pejus
1845 2304 1947 2360 est,
1973 2296 2085 2349 b:-l-

520 2392 621 2435 ium
651 2382 809 2435 civile
831 2383 1084 2436 surrexit.
1122 2382 1355 2437 Rediens
1384 2396 1563 2437 autem
1596 2384 1893 2452 Sigibertns
1916 2386 2086 2439 victor

521 2484 545 2523 a
574 2470 773 2524 Chunis
793 2514 809 2539 ,
841 2470 1155 2525 Suessionas
1183 2471 1453 2527 civitatem
1484 2484 1742 2539 occupat,
1780 2473 1959 2542 ibique
2005 2476 2085 2528 in-

522 2568 733 2613 ventum
758 2560 1214 2625 Theodobertum,
1245 2560 1532 2629 Chilperici
1574 2563 1714 2631 regis
1760 2562 1923 2615 lilium
1950 2605 1963 2627 ,
1992 2579 2087 2632 ap-

521 2650 833 2719 prehendit,
866 2652 996 2707 etin
1028 2652 1272 2707 exsilium
1314 2653 1646 2709 transmittit.
1683 2656 1957 2710 Accedens
1986 2674 2084 2712 au-

521 2752 625 2797 tem
674 2754 853 2797 contra
904 2743 1304 2814 Chilpericum,
1357 2746 1553 2800 bellum
1604 2748 1940 2803 commovit:
1980 2764 2086 2818 quo

522 2834 662 2887 victo
684 2842 842 2902 atque
875 2832 1072 2902 fugato,
1100 2836 1345 2890 civitates
1363 2851 1489 2890 suas
1518 2838 1567 2891 in
1600 2853 1746 2890 suam
1772 2837 2085 2893 dominatio-

522 2938 638 2977 nem
670 2925 916 2979 restituit.
944 2924 1373 2980 'l‘heodobertum
1403 2942 1529 2981 vero
1569 2928 1733 2981 tilium
1760 2928 1917 2995 illius,
1945 2934 2081 2998 apud

522 3010 861 3068 Ponticonem
892 3014 1071 3067 vllam
1104 3012 1129 3050 ά
1159 3015 1416 3069 custodiri
1443 3016 1601 3085 jussit
1647 3034 1742 3085 per
1778 3034 1971 3072 annum
2002 3022 2083 3073 in-

2190 1836 2311 1888 tatis
2335 1837 2595 1898 ecclesiis,
2629 1851 2758 1905 quas
2791 1847 2938 1904 pater
2976 1836 3372 1904 exspoliaverat
3395 1876 3411 1899 ,
3449 1836 3758 1905 dereliquit.

2261 1925 2423 1979 XXV.
2457 1927 2886 1981 Guntchramnus
2907 1935 3086 1981 autem
3120 1942 3213 1981 rex
3251 1929 3437 1989 bonus,
3466 1928 3635 1995 primo
3659 1927 3763 1982 Ve-

2190 2018 2510 2081 nerandam,
2556 2018 2831 2088 cujusdam
2879 2032 3096 2071 suorum
3128 2018 3396 2083 ancillam,
3434 2034 3530 2085 pro
3556 2033 3761 2072 concu-

2187 2110 2309 2162 bina
2356 2108 2509 2162 thoro
2567 2108 2874 2178 subjunxit,
2908 2109 2974 2162 de
3024 2122 3126 2177 qua
3173 2107 3559 2162 Gundobadum
3590 2110 3763 2163 tilium

2186 2198 2439 2268 suscepit.
2470 2197 2660 2252 Postea
2693 2213 2818 2252 vero
2848 2198 3235 2252 Marcatrudem
3271 2206 3319 2263 Β,
3353 2197 3514 2250 tiliam
3540 2197 3761 2267 Magna-

2186 2291 2273 2355 rii,
2302 2291 2352 2343 iu
2393 2290 2788 2344 matrimonium
2819 2290 3044 2356 accepit.
3078 2289 3462 2343 Gundobaduin
3488 2286 3513 2324 ιι
3548 2305 3677 2343 vero
3700 2290 3760 2346 ίὶφ

2187 2380 2319 2434 lium
2347 2395 2498 2434 suum
2523 2380 2822 2435 Aurelianis
2854 2382 3161 2434 transmisit.
3188 2380 3401 2434 IEmula
3426 2391 3601 2434 autem
3617 2382 3759 2434 Mar-

2185 2472 2418 2526 catrudis
2447 2482 2566 2539 post
2594 2473 2830 2526 habitum
2860 2473 3045 2539 ﬁlium,
3072 2473 3122 2525 in
3156 2472 3315 2541 hujus
3346 2482 3565 2526 mortem
3598 2488 3759 2541 gras-

2186 2574 2333 2618 satur
2360 2563 2403 2631 ί,
2435 2574 2488 2619 et
2516 2564 2914 2629 transmissum,
2966 2574 3021 2618 ut
3054 2550 3233 2629 aiunt',
3278 2580 3535 2617 venenum
3568 2564 3620 2616 in
3656 2581 3756 2632 po-

2190 2664 2322 2720 tum,
2351 2655 2546 2709 occidit
2577 2655 2622 2707 i.
2647 2656 2762 2719 Quo
2808 2663 3052 2720 mortuo,
3084 2656 3193 2724 ipsa
3232 2655 3431 2720 judicio
3463 2654 3552 2707 Dei
3582 2654 3759 2710 filium

2185 2759 2337 2799 suum
2371 2761 2525 2814 quem
2559 2744 2788 2798 habebat
2812 2744 3060 2813 perdidit,
3091 2754 3145 2799 et
3172 2744 3350 2799 odium
3386 2744 3526 2813 regis
3574 2745 3760 2799 incur-

2187 2838 2280 2901 rit,
2309 2838 2633 2907 dimissaque
2672 2838 2738 2891 ab
2769 2837 2955 2891 eodem
2977 2877 2991 2901 ,
3027 2853 3129 2890 non
3157 2837 3324 2892 multo
3367 2846 3481 2905 post
3514 2846 3757 2904 tempore

2186 2940 2396 2984 mortua
2442 2939 2541 2985 est.
2616 2931 2898 3002 Postquam
2965 2947 3057 2985 rex
3117 2932 3540 2987 Austrcchildcni
3582 2934 3632 3001 ι,
3662 2951 3755 2991 co-

2185 3030 2468 3089 gnomentn
2497 3020 2750 3089 Bobilam,
2781 3020 3003 3087 accepit,
3036 3021 3101 3074 de
3120 3038 3219 3088 qua
3243 3023 3429 3076 iterum
3461 3024 3595 3078 duos
3619 3026 3758 3081 filios

524 3110 752 3172 tegrum,
777 3120 936 3174 quem
984 3113 1165 3171 postea
1186 3148 1201 3173 ,
1233 3113 1292 3159 ut
1320 3115 1435 3159 erat
1484 3108 1737 3173 clemens,
1771 3110 2077 3164 muneribus
2105 3111 2146 3169 C
2183 3112 2385 3178 habuit,
2410 3128 2630 3179 quorum
2660 3113 2839 3167 senior
2864 3111 3202 3167 Chlotbarius
3235 3154 3250 3178 ,
3296 3114 3477 3182 junior
3522 3114 3756 3170 Chlodo-

524 3192 740 3247 ditatum
771 3197 904 3263 patri
939 3194 1165 3247 reddidit
1194 3209 1403 3262 sanum,
1428 3195 1552 3249 dato
1576 3205 1750 3251 tamen
1773 3199 1869 3252 sibi
1903 3214 2079 3251 sacra-

591 3333 618 3361 ⁸
656 3325 784 3380 Sors
809 3326 1031 3397 dicitur,
1062 3327 1201 3393 quod
1234 3328 1423 3381 sortito
1471 3331 1617 3397 regni
1662 3340 1838 3394 partes
1879 3331 2084 3387 divide-

525 3404 724 3456 rentur,
774 3405 831 3448 ut
869 3396 1116 3450 observat
1162 3397 1400 3452 Valesius
1449 3396 1598 3452 initio
1649 3401 1741 3455 lib.
1773 3416 1841 3453 vit
1888 3403 2081 3455 Rerum

524 3464 717 3539 Franc.
746 3465 989 3539 Nonnulli
1013 3477 1197 3539 tamen
1225 3468 1411 3520 volunt
1431 3468 1567 3523 hanc
1594 3470 1906 3525 divisionem
1937 3483 2083 3539 patre

525 3534 698 3590 adhuc
723 3538 932 3589 vivente
952 3534 1114 3589 fuisse
1142 3538 1352 3591 fartam.

595 3602 1043 3676 b_Gnntramnum
1091 3621 1356 3676 nunquam
1387 3607 1688 3665 Aurelianis
1727 3610 1930 3667 sedisse
1958 3625 2085 3666 con-

525 3674 695 3729 wndit
727 3675 981 3729 Valesius.

602 3754 625 3819 ς
664 3745 753 3819 Sic
776 3760 961 3819 omnes
991 3759 1118 3798 mss.
1144 3757 1195 3798 et
1217 3747 1363 3819 editi,
1395 3758 1615 3816 excepto
1646 3749 1801 3805 unico
1830 3750 2081 3819 Chcsnio,

527 3814 822 3886 quibabet
870 3815 1188 3871 Mettemem.
1249 3817 1440 3870 Verum
1485 3814 1693 3886 quidem
1742 3831 1821 3873 est
1858 3822 1910 3874 in
1961 3814 2079 3877 cod.

526 3884 705 3957 Coll»,
727 3886 827 3957 qui
854 3885 976 3957 ol_i_m
1020 3887 1115 3939 fuit
1158 3887 1465 3941 monasterii
1488 3884 1543 3941 S.
1569 3890 1769 3943 Arnnlti
1795 3890 2085 3957 Mettensis,

524 3952 683 4026 hodie
732 3954 832 4024 legi
881 3954 1209 4020 Mettensem;
1255 3959 1345 4011 Sed
1400 3958 1449 4011 id
1488 3960 1556 4011 ab
1603 3960 1780 4026 aliquo
1822 3952 2087 4019 nebulone

526 4023 721 4078 factum
751 4034 857 4089 est,
886 4029 972 4094 qui
1004 4027 1198 4080 detrito
1222 4028 1378 4094 priori
1409 4023 1852 4092 vocalittlo,'istnd
1882 4035 2084 4085 substi-

528 4096 645 4167 tnit.
674 4097 890 4167 _Deinde
933 4107 1133 4150 certum
1183 4107 1261 4149 est
1309 4098 1625 4163 Sigibertum
1668 4100 1802 4167 apud
1857 4102 2087 4155 lihenios

526 4164 776 4235 habuisse
805 4166 1036 4235 regiam,
1069 4183 1222 4234 quam
1254 4170 1435 4220 urbem
1471 4164 1807 4224 Chlodov'eus
1844 4171 2089 4224 Theodo-

525 4234 638 4308 rjco
661 4235 769 4308 filio
796 4234 895 4290 suo
922 4245 1047 4308 natu
1077 4237 1307 4292 maximo
1333 4240 1473 4308 rrgm’
1500 4250 1651 4305 caput
1671 4240 2012 4305 attribuerat;
2036 4251 2090 4295 et

525 4302 926 4362 Theodebertus
985 4307 1302 4362 Theudorici
1356 4302 1495 4362 filius
1540 4302 1657 4362 cum
1708 4302 2087 4365 Cabillone'in

526 4376 772 4427 morbum
826 4378 1173 4440 incurrisset,
1224 4379 1455 4430 Ithemns
1499 4388 1771 4432 revertens
1818 4379 1867 4432 in
1898 4381 2088 4435 itinere

527 4443 810 4499 defunctus
838 4455 917 4498 est
940 4486 954 4509 ,
1004 4456 1058 4498 ut
1087 4456 1305 4500 testatur
1334 4447 1657 4501 Fortunatus
1683 4449 1732 4501 in
1771 4447 1884 4501 Vita
1915 4450 2083 4503 sancti

526 4489 809 4567 δεηίἰᾶἶιῖῗ
829 4489 961 4567 iiii"?
1005 4489 1155 4569 ξὲιὶῖἐ
1170 4489 1884 4584 Z'Jéiérv'diii'“s"fbiiiniti}?
1906 4489 2085 4573 ὗῗὶιὲὦὶ
2112 4489 2162 4547 ι)

528 4584 711 4655 nensis
738 4584 969 4653 episcopi
998 4594 1144 4651 gesta
1174 4586 1408 4653 scripsit,
1437 4597 1493 4639 ut
1516 4601 1667 4650 eum,
1698 4589 1784 4655 qui
1814 4590 1911 4641 sub
1932 4589 2088 4643 Chlo-

528 4652 685 4707 dovei
720 4654 841 4706 filiis
877 4652 940 4724 et
951 4656 1226 4722 nepotibus
1251 4652 1404 4719 vixit,
1429 4656 1621 4724 ubique
1641 4652 1901 4711 celebrent
1922 4656 2086 4715 fuisse

523 4725 863 4777 ostenderet:
894 4722 1111 4776 Famam
1136 4726 1316 4793 ipsius,
1349 4722 1547 4793 inquit,
1564 4725 1777 4778 Romam
1801 4744 1899 4781 non
1915 4730 2085 4785 latuit.

526 4793 703 4862 Regna
746 4794 1008 4848 Gallorum
1034 4839 1047 4859 ,
1084 4793 1288 4848 themis
1312 4796 1525 4859 denique
1545 4812 1657 4847 cum
1687 4802 1793 4849 suis
1820 4797 2087 4853 Germani-

523 4866 596 4918 cis
623 4866 821 4934 papulis
951 4881 1052 4917 non
1083 4874 1330 4917 texerunt.
1369 4864 1661 4919 Germanos
1690 4866 1908 4921 Rhemis
1936 4872 2087 4923 attri-

528 4935 645 5009 buit
667 4978 683 5001 ,
723 4936 862 5005 quod
913 4935 984 4987 illi
1011 4934 1221 5002 regibus
1249 4936 1566 5009 Austrasim,
1597 4936 1922 5009 cujus__regni
1956 4944 2082 4994 urbs

528 5005 851 5060 Rhemorum
880 5015 993 5060 erat
1018 5014 1204 5072 caput,
1237 5006 1459 5071 subjecti
1488 5019 1686 5059 essent.
1742 5005 2085 5063 His'consen-

529 5075 666 5129 tiunt
694 5088 843 5131 vetus
880 5086 1092 5139 auctor,
1124 5077 1213 5142 qui
1243 5076 1401 5129 Gesta
1435 5076 1756 5129 Francorum
1789 5080 1887 5131 sub
1918 5081 2081 5144 prima

528 5162 713 5214 regum
744 5159 1045 5202 nostrorum
1070 5149 1234 5213 stirpe
1262 5147 1576 5207 conscripsit
1601 5146 1861 5217 ,Aliorico,
1889 5149 2085 5217 aliique

527 5217 783 5285 plerique,
812 5220 898 5284 qui
926 5218 1159 5270 lihenios
1181 5217 1358 5270 sedem
1390 5218 1586 5286 regiam
1616 5214 1775 5270 fuisse
1806 5214 2084 5273 testantur.

532 5288 839 5352 Baronium,
871 5290 1138 5342 Pelavium
1160 5328 1174 5352 ,
1207 5288 1467 5340 Cointiutn
1495 5288 1734 5354 aliosque
1765 5290 2087 5342 recentiores

526 5359 898 5424 praetermitto.
925 5358 1178 5427 Scaliger,
1214 5357 1348 5412 Had.
1380 5355 1621 5427 Valesius
1646 5367 1699 5411 et
1722 5358 1829 5421 alii,
1865 5357 2085 5411 Rliemos

527 5436 638 5490 aut,
670 5428 783 5479 sive
808 5436 853 5480 et
884 5426 1102 5496 Hettas’,
1132 5427 1279 5493 regni
1303 5428 1482 5481 sedem
1515 5426 1679 5480 fuisse
1707 5429 1963 5492 scribunt,
1998 5444 2084 5480 re-

528 5510 728 5566 gesque
748 5496 1078 5550 Mettensium
1109 5511 1164 5552 et
1201 5498 1521 5550 llhetnorum
1552 5497 1855 5563 appellant;
1888 5507 1941 5550 et
1970 5498 2088 5565 qui-

530 5569 652 5621 dem
695 5581 852 5620 ncmo
899 5566 1117 5619 inficiari
1150 5575 1357 5632 potest,
1402 5567 1679 5633 plerosque
1708 5580 1773 5619 ex
1806 5568 2089 5633 postremis

528 5636 816 5693 Austrasiae
862 5635 1072 5704 regibus
1115 5637 1252 5703 apud
1298 5635 1482 5688 Mettus
1531 5636 1861 5702 potissimum
1902 5650 2091 5692 conse-

528 5711 691 5766 disse.

2185 3203 2343 3255 tucris
2370 3202 2660 3258 dicebatur.

2254 3333 2282 3371 (ι
2312 3334 2457 3405 Villa
2489 3335 2630 3403 regia
2660 3334 2725 3387 ad
2756 3334 2957 3388 Saltum
2987 3326 3199 3387 [luvium
3241 3335 3291 3387 in
3324 3349 3458 3404 pago
3487 3336 3757 3405 Pcrtensi,

2186 3403 2323 3475 haud
2353 3407 2529 3475 procul
2562 3421 2591 3458 a
2622 3405 2918 3457 Victoriaco
2940 3407 3157 3458 Incenso
3190 3406 3239 3457 in
3264 3403 3569 3472 Campania,
3591 3403 3755 3475 quani

2188 3474 2426 3541 Papirius
2474 3474 2748 3527 Massonus
2791 3475 2929 3526 male
2950 3488 3068 3527 cum
3133 3475 3528 3544 l’utite-lcaunre
3582 3474 3753 3544 prope

2188 3546 2425 3597 Senonas
2444 3544 2697 3598 confudit.
2730 3544 2864 3614 Vide
2891 3545 2981 3597 lib.
3014 3559 3064 3595 tv
3092 3545 3159 3597 de
3189 3542 3266 3597 Rc
3285 3544 3625 3614 diplomatica
3647 3542 3738 3602 tibi

2186 3615 2253 3666 de
2282 3615 2514 3676 Palatiis,
2540 3630 2684 3667 num.
2719 3612 2837 3667 118.

2263 3696 2285 3720 θ
2328 3684 2415 3737 Sic
2447 3684 2573 3738 Bell.
2608 3695 2660 3736 et
2703 3685 2823 3736 Bec.
2868 3698 2986 3737 cum
3036 3683 3199 3745 edil.;
3251 3693 3305 3736 at
3344 3682 3529 3752 Corb.,
3563 3685 3752 3753 Regni.

2188 3760 2242 3805 et
2267 3753 2441 3819 Colb.,
2490 3754 2743 3821 Agricola.
2801 3753 2875 3820 De
2927 3753 3082 3806 Celso
3138 3768 3240 3806 non
3289 3755 3454 3806 setnel
3512 3757 3753 3811 inferius.

2186 3824 2331 3877 Obiit
2358 3838 2420 3876 ex
2452 3824 2596 3876 Marii
2627 3824 2891 3877 Chronico
2919 3838 2969 3875 tv
3011 3823 3174 3876 Cons.
3209 3823 3396 3876 Jusﬁni
3420 3824 3665 3888 iunioris,
3696 3829 3751 3881 id

2187 3903 2268 3946 est
2317 3909 2402 3947 an.
2433 3892 2554 3945 570.
2604 3893 2783 3947 Silvia:
2821 3894 2985 3961 ipsius
3025 3896 3209 3945 tuatt-is
3232 3895 3557 3961 epitaphiurn
3591 3897 3754 3951 refert

2187 3964 2448 4016 Chesnius
2495 3972 2638 4016 tomo
2682 3963 2721 4026 Ι,
2755 3978 2871 4030 pag.
2904 3962 3026 4013 517.
3075 3962 3287 4017 Patricii
3313 3974 3489 4015 autem
3523 3967 3754 4031 dignitas

2190 4033 2240 4083 in
2270 4033 2581 4085 Guntramni
2614 4047 2820 4101 regnoa
2850 4032 3274 4101 Burgundionum
3306 4034 3516 4100 regibus
3546 4038 3755 4089 deriva-

2188 4105 2299 4162 bat.
2332 4104 2417 4167 qui
2449 4118 2565 4157 cuin
2595 4118 2710 4155 eam
2742 4107 2810 4156 ab
2835 4103 3240 4168 imperatoribus
3268 4106 3626 4171 accepissent,
3658 4121 3753 4159 eo-

2188 4187 2289 4238 que
2322 4174 2530 4225 nomine
2558 4172 2775 4226 vociiari
2810 4178 3002 4237 saepius
3036 4173 3429 4226 delectarentur
3449 4216 3463 4237 ,
3494 4174 3558 4227 iis
3587 4178 3751 4230 etiam

2190 4242 2463 4313 exstinctis
2486 4284 2501 4307 ,
2532 4244 2619 4313 qui
2651 4251 2831 4309 postea
2859 4243 2957 4313 sub
3000 4243 3209 4311 regibus
3258 4245 3451 4297 n05tris
3493 4244 3597 4296 illis
3632 4261 3757 4313 prun

2188 4312 2374 4364 vinciis
2422 4311 2649 4377 pimfecti
2691 4324 2850 4378 sunt,
2900 4312 3111 4365 Patricii
3155 4327 3345 4366 nomen
3379 4324 3432 4365 ut
3466 4311 3749 4376 plurimum

2192 4382 2375 4451 tulere.
2430 4381 2557 4435 Vide
2609 4382 2872 4435 Valesiuui
2931 4383 3025 4434 lib.
3073 4397 3124 4434 Vl
3158 4381 3353 4435 Rerum
3398 4383 3670 4451 Fraucic.,
3699 4398 3757 4440 et

2190 4449 2498 4519 Bignonium
2532 4450 2582 4504 iit
2616 4453 2705 4504 lib.
2736 4468 2749 4504 ι
2777 4452 3007 4505 Marculfi
3050 4451 3309 4515 F0rmul.,
3340 4469 3486 4505 num.
3516 4453 3604 4507 55.

2264 4521 2283 4558 ί
2327 4524 2505 4574 Status
2529 4537 2623 4589 pro
2647 4531 2845 4576 statura
2879 4526 3039 4575 etiaut
3086 4524 3223 4588 apud
3256 4534 3499 4576 auctores
3527 4540 3630 4575 non
3672 4524 3755 4576 itt-

2191 4590 2375 4654 limos,
2425 4608 2607 4645 sacros
2653 4604 2702 4645 ct
2757 4595 3035 4658 profanos,
3077 4598 3330 4645 occurrit.
3360 4594 3487 4647 Vide
3515 4595 3733 4646 Glossar

2189 4659 2354 4729 Caug.
2389 4671 2442 4714 et
2468 4673 2642 4715 notam
2672 4661 2778 4716 275
2799 4666 2848 4715 iii
2878 4678 3002 4714 nov.
3033 4663 3161 4716 edit.
3188 4662 3356 4714 sancti
3386 4663 3609 4715 Paulini.

2261 4740 2285 4777 Β
2324 4730 2496 4796 Colb.,
2530 4732 2926 4785 .llercatrudem.
2972 4733 3045 4785 De
3084 4732 3382 4800 Magnario,
3412 4749 3507 4786 seu
3546 4733 3750 4801 Magne-

2187 4800 2371 4855 chnrio
2403 4803 2534 4855 infra
2558 4803 2649 4856 lib.
2678 4818 2728 4865 v,
2760 4818 2878 4870 cap.
2916 4804 3001 4856 l7.

2261 4880 2288 4916 ³³
2321 4881 2409 4935 Sic
2434 4882 2567 4937 Bell.
2600 4889 2654 4936 et
2684 4882 2844 4945 Bec.;
2878 4881 3091 4949 Regio”
3115 4879 3537 4935 Gundebaudum.
3570 4882 3750 4946 Colb.,

2191 4949 2583 5015 Gundebadum;
2607 4952 2718 5017 alii,
2750 4950 3164 5006 Cundcbaldum.

2266 5041 2283 5079 ί
2326 5044 2457 5108 Quae
2486 5052 2778 5111 sequuntur
2806 5057 2971 5109 usque
3008 5042 3071 5094 ad
3106 5042 3217 5094 haec
3247 5040 3411 5094 verba
3441 5038 3631 5108 capitis
3660 5057 3749 5095 se-

2190 5114 2427 5178 quentis,
2476 5111 2689 5165 Exactis
2719 5129 2751 5163 a
2778 5110 2987 5164 Leontio
3015 5113 3270 5179 episcopo,
3297 5111 3495 5164 desunt
3521 5115 3571 5164 in
3606 5111 3755 5174 Bec.,

2189 5183 2368 5249 Colb.,
2400 5182 2586 5250 Regm.
2613 5192 2667 5234 et
2693 5182 2818 5235 Bad.
2848 5185 2981 5248 Qua:
3001 5192 3175 5235 autem
3206 5181 3288 5233 hic
3316 5182 3576 5234 habentur
3599 5198 3757 5234 ticum

2192 5251 2386 5305 dixerit
2433 5252 2744 5318 interpolata
2766 5293 2781 5315 ,
2828 5268 2946 5304 rum
2978 5253 3059 5303 his
3103 5252 3312 5303 omissus
3342 5260 3522 5305 textus
3551 5254 3618 5305 sit
3645 5256 3759 5306 evi-

2191 5322 2379 5376 denter
2402 5324 2619 5375 omnino
2648 5336 2866 5374 ntancus
2892 5331 2947 5374 et
2967 5322 3314 5390 interruptus.

2263 5414 2277 5463 ἱ
2324 5414 2409 5469 Sic
2434 5413 2594 5467 Corb.
2633 5428 2727 5479 pro
2775 5414 3161 5465 transmisso....
3206 5426 3416 5464 veneno.
3462 5411 3594 5467 Bell.
3635 5427 3757 5471 cum

2191 5482 2301 5549 od.,
2330 5484 2382 5536 in
2406 5495 2578 5548 potum
2598 5486 2643 5537 ei
2673 5484 2784 5536 dari
2813 5484 3023 5536 curavit.
3824 5491 3835 5501 ‘

2263 5570 2289 5608 ¹¹
2329 5573 2417 5627 Sic
2441 5573 2596 5626 Corb.
2641 5574 2778 5639 Alii,
2832 5572 3213 5641 Austrigildrm.
3266 5570 3417 5641 Apud
3445 5569 3649 5628 Chesn.
3679 5572 3757 5631 al-

2194 5642 2383 5709 codex,
2414 5655 2742 5712 cognomento
2766 5640 3080 5697 Bobtlunaut.
3114 5643 3272 5709 Belb,
3303 5640 3579 5697 Bubilium.

3654 274 3787 325 ass
3830 260 3864 288 ⁸
