3994 6194
120 290 131 299 ~
170 270 294 327 seu)

1147 271 1460 330 HISTORIA
1506 276 1947 333 FRANCORUM.
1990 281 2184 334 LIBER
2230 282 2573 345 QUARTUS.

3352 295 3458 349 290

272 385 433 456 165
471 383 673 441 XXVI.
692 382 875 441 ‘Porro
901 387 1246 443 Charibertus
1278 399 1299 424 ·
1331 406 1421 443 rex
1444 390 1789 461 lngobergam
1820 399 1869 454 Α
1899 408 2053 461 quam
2088 397 2369 467 presbyter
2390 401 2669 456 Paris-iacto
2694 403 2843 458 urbis
2870 415 3047 472 portas
3072 408 3341 479 ingressus
3370 415 3456 468 re;

177 478 410 546 accepit
438 492 689 541 uxorem,
712 478 782 533 de
806 495 909 547 qua
942 480 1103 534 tiliam
1127 481 1343 543 habuit,
1375 500 1492 549 qme
1520 494 1703 551 postea
1737 486 1788 539 in

82 560 89 587 τ
178 567 528 631 (Iantiamb,
555 567 735 621 virum
774 570 1072 637 accipiens,
1129 581 1213 624 est
1256 572 1505 627 deducta.
1553 574 1790 627 Habebat

181 671 334 713 tunc
382 662 643 727 temporis
689 659 982 729 lngoberga
1024 661 1074 714 in
1122 662 1398 716 servitium
1454 678 1605 717 suum
1657 666 1790 721 duas

182 751 416 816 puellos
444 749 695 818 pauperis
715 750 991 818 cujusdam
1013 751 1166 815 lilias,
1196 768 1416 817 quarum
1450 755 1615 820 prima
1637 771 1790 808 voca-

183 844 363 893 batur
398 840 706 896 MatCth‘fa
739 852 785 905 ε,
828 842 1128 911 religiosam
1173 853 1374 897 vestem
1416 844 1648 911 habens;
1680 847 1785 901 alia

181 947 333 984 vero
362 932 669 986 Meroﬂedis
698 949 718 984 :
749 932 799 985 in
827 948 1049 1001 quarum
1093 949 1275 987 amore
1328 951 1420 988 rex
1464 935 1618 990 valde
1656 937 1789 990 deti-

183 1026 475 1085 tuebatur;
504 1035 659 1077 erant
706 1029 887 1087 enim,
925 1035 981 1077 ut
1004 1026 1235 1078 diximus
1262 1023 1311 1087 δ,
1357 1027 1576 1080 artilicis
1606 1029 1788 1082 ianarii

180 1116 350 1167 ﬁiize.
384 1114 601 1167 Emula
634 1130 701 1168 ex
738 1114 838 1168 hoc
868 1114 1175 1184 lngoberga,
1217 1116 1355 1183 quod
1385 1134 1412 1167 a
1455 1132 1580 1185 rege
1600 1118 1788 1187 dilige-

180 1214 419 1268 rentur,
468 1214 672 1269 patrem
704 1219 887 1257 earum
917 1206 1177 1259 secretius
1204 1207 1413 1274 operari
1446 1206 1609 1271 fecit,
1642 1207 1785 1262 iutu-

182 1313 323 1348 rum
354 1306 411 1348 ut
438 1296 564 1349 dum
600 1295 713 1349 haec
742 1312 832 1350 rex
858 1307 1123 1362 cerneret,
1153 1299 1276 1352 odio
1306 1299 1441 1352 tilias
1469 1301 1587 1367 ejus
1620 1301 1786 1355 habe-

190 1396 291 1441 ret
324 1404 336 1437 :
373 1402 480 1453 quo
512 1396 769 1454 operante
792 1389 995 1441 vocavit
1025 1404 1224 1455 regem.
1253 1389 1340 1441 Ill»
1370 1399 1545 1443 autem
1569 1407 1787 1459 sperans

183 1475 415 1545 aliquid
447 1479 567 1528 novi
602 1476 803 1543 videre,
834 1478 1025 1545 aspicit
1076 1481 1214 1532 hunc
1243 1481 1449 1533 eminus
1481 1482 1626 1535 lanas
1654 1492 1678 1518 θ
1705 1498 1789 1535 re-

178 1570 763 1641 gias‘componentem
790 1586 803 1621 :
834 1570 972 1637 quod
1006 1570 1219 1635 videns,
1260 1584 1557 1628 commotus
1603 1575 1655 1627 in
1686 1576 1785 1640 ira,

180 1661 425 1727 reliquit
448 1660 818 1729 lngobergam,
860 1670 915 1715 et
958 1660 1293 1717 Meronrdem
1332 1666 1557 1733 accepit.
1595 1667 1789 1721 llalniit

1893 487 1972 553 gis
2016 493 2350 555 prseseutiam
2394 494 2557 557 adiit,
2595 494 2713 549 lucc
2752 498 2937 552 eﬂatus
2964 511 3086 554 est:
3120 502 3309 571 Salve,
3359 522 3451 560 rex

1890 573 2146 641 gloriose.
2179 579 2348 633 Sedes
2387 583 2529 635 enim
2561 586 2848 649 apostolica
2890 589 3194 645 eminentiae
3222 605 3325 646 tua:
3363 610 3454 649 sa-

1891 664 2051 719 lutem
2080 669 2238 721 mittit
2266 671 2611 727 uberrimam.
2646 676 2738 729 Cui
2774 678 2860 731 ille
2886 697 2897 731 :
2928 680 3194 751 Nunquid,
3220 684 3311 749 ait,
3343 684 3450 739 Ro-

1897 770 2106 810 manam
2144 768 2160 795 ι
2187 759 2343 813 adisti
2376 764 2583 827 urbem,
2614 773 2670 818 ut
2698 780 2845 831 papa:
2869 767 3008 823 illius
3052 772 3202 827 nobis
3230 776 3451 830 salutem

1858 882 1864 887 ι
1890 849 2144 904 deferas?
2172 850 2354 921 Pater,
2394 853 2564 922 inquit
2588 856 2881 927 presbyter,
2918 870 3037 914 tuus
3062 861 3312 919 Leontius
3335 881 3453 920 cum

1891 940 2309 1007 provincialibus
2340 944 2449 995 suis
2463 944 2686 998 salutem
2714 947 2803 998 tibi
2822 949 2997 1012 mittit,
3015 951 3251 1007 indicans
3269 954 3457 1009 .Emu-

1892 1031 2020 1095 lum,
2052 1031 2128 1083 sic
2158 1032 2299 1085 enim
2346 1035 2578 1087 vocitare
2606 1048 2988 1092 consueverant
3016 1041 3279 1095 Etherium
3302 1044 3353 1098 in
3378 1047 3456 1100 in-

1890 1120 2051 1174 fantia
2082 1136 2198 1187 sua,
2228 1121 2455 1190 ejectum
2488 1125 2555 1178 ab
2582 1126 2915 1195 episcopatu,
2944 1144 3037 1197 pro
3062 1146 3128 1186 eo
3155 1134 3294 1201 quod
3319 1151 3455 1203 pra:-

1891 1214 2134 1268 termissa
2163 1228 2425 1268 canonum
2455 1218 2729 1269 sanctione
2749 1258 2765 1283 ,
2796 1219 2941 1273 urbis
2980 1221 3309 1278 Sanctonicae
3338 1230 3454 1294 epi-

1890 1315 2164 1372 sc0patum
2193 1303 2433 1357 ambivit.
2468 1303 2697 1373 Ideoque
2726 1323 3041 1363 consensum
3070 1312 3134 1365 ad
3170 1322 3218 1366 te
3244 1314 3454 1369 direxe-

1889 1406 2030 1459 runt,
2062 1405 2119 1448 ut
2147 1396 2281 1451 alius
2311 1398 2362 1449 in
2389 1398 2507 1450 loco
2526 1400 2647 1479 ejus
2673 1399 3024 1456 substituatur
3055 1420 3068 1455 :
3102 1418 3207 1469 quo
3247 1403 3356 1471 ﬁat,
3398 1418 3452 1462 ut

1889 1487 2014 1538 dum
2047 1495 2465 1555 transgressores
2494 1502 2754 1542 canonum
2791 1490 3106 1558 regulariter
3139 1503 3450 1563 arguuntur,

1891 1577 2037 1643 regni
2064 1577 2223 1630 vestri
2256 1580 2487 1643 potentia
2518 1579 2647 1632 mvis
2691 1580 3069 1648 prolixioribus
3109 1596 3447 1651 propagetur.

1892 1665 2015 1719 Hmc
2041 1682 2105 1720 eo
2133 1668 2362 1730 dicente,
2402 1668 2657 1723 frendens
2688 1685 2775 1722 rex
2808 1687 2927 1725 eum
2956 1687 2985 1724 a
3019 1674 3133 1727 suis
3154 1677 3451 1746 conspecti-

180 1760 249 1804 et
281 1748 451 1803 aliam
488 1750 718 1818 puellam
750 1750 1004 1817 Opiliouis
1025 1792 1040 1815 ,
1067 1751 1115 1805 id
1158 1762 1240 1807 est
1269 1758 1500 1821 pastoris
1528 1757 1704 1809 ovium
1740 1754 1784 1823 τ,
1819 1761 1866 1820 Β
1892 1755 1987 1809 bus
2015 1759 2225 1812 extrahi
2249 1759 2427 1826 jussit,
2458 1768 2513 1813 et
2543 1762 2778 1827 plaustro
2808 1763 2973 1829 spinis
2999 1766 3214 1832 oppleto
3246 1768 3445 1836 imponi

186 1839 396 1905 tiliam,
428 1842 645 1895 nomine
675 1840 1128 1895 Tbeudechildetn
1148 1881 1162 1907 ,
1194 1843 1262 1897 de
1293 1860 1396 1912 qua
1438 1854 1493 1899 et
1533 1846 1697 1900 fertur
1727 1846 1787 1899 ti-

184 1932 332 1983 iinm
383 1931 676 1995 habuisse,
712 1932 801 1999 qui
848 1940 905 1985 ut
943 1944 1196 2001 processu
1236 1950 1300 1988 ex
1347 1937 1502 2001 alvo,
1547 1938 1787 2004 protinus

184 2020 417 2072 delatus
444 2028 528 2073 est
553 2020 619 2071 ad
651 2022 978 2088 sepulcrum.
1008 2021 1171 2089 Hujus
1209 2024 1346 2091 regis
1374 2035 1615 2094 tempore
1646 2028 1783 2095 apud

190 2110 400 2164 urbem
428 2109 802 2165 Sanctonicam
834 2111 1085 2166 Leontius
1127 2121 1175 2178 ε,
1208 2116 1543 2183 congregatis
1574 2118 1786 2184 provin-

185 2204 299 2258 ciae
332 2220 449 2260 sua:
481 2205 770 2274 episcopis,
805 2205 1074 2259 Emerium
1111 2208 1175 2261 ab
1201 2210 1509 2277 episcopatu
1542 2211 1781 2279 depulit,

187 2311 457 2350 asserens
487 2313 593 2350 non
622 2296 880 2351 canonice
901 2314 1021 2351 eum
1050 2294 1220 2352 fuisse
1251 2301 1353 2353 hoc
1390 2302 1592 2355 honore
1621 2304 1784 2356 dona-

190 2393 339 2437 tum.
387 2385 669 2439 Decretum
702 2387 846 2438 enim
887 2386 1026 2455 regis
1051 2386 1451 2443 Chlothacharii
1487 2392 1780 2457 habuerat,

184 2487 259 2528 ιιι
306 2476 514 2543 absque
556 2478 951 2546 metropolitani
981 2480 1203 2532 consilio
1232 2480 1663 2546 benediceretur,
1696 2486 1782 2553 qui

195 2582 310 2620 non
335 2576 457 2621 erat
484 2583 738 2636 praesens.
774 2569 890 2635 Quo
920 2569 1093 2638 ejecto
1118 2586 1437 2625 c0nsensum
1463 2571 1488 2608 ιι
1527 2573 1702 2629 iecere
1731 2578 1782 2629 in

186 2656 536 2722 ileraclium,
578 2667 702 2712 tunc
741 2658 1152 2727 Burdegalensis
1194 2661 1339 2715 urbis
1386 2664 1781 2733 presbyterum,

191 2750 345 2817 quod
374 2752 484 2818 regi
512 2749 832 2804 Chariberto
862 2752 1220 2819 subscriptum
1257 2752 1487 2820 propriis
1517 2754 1780 2817 manibus,

198 2856 306 2908 per
359 2842 732 2909 Nuncupatum
785 2842 1152 2912 presbyterum
1209 2846 1636 2900 transmiserunt.
1685 2847 1783 2913 Qui

194 2936 431 2986 veniens
457 2932 714 2998 Turonis,
744 2948 858 2987 rem
882 2944 1083 3002 gestam
1110 2935 1265 2989 beato
1290 2935 1547 2991 Eul'ronio
1577 2940 1781 3005 pandit,

196 3024 510 3091 deprecans
539 3034 595 3076 ut
616 3022 718 3078 hoc
738 3038 1055 3077 consensum
1080 3025 1421 3081 subscribere
1447 3027 1778 3096 dignaretur,

1888 1846 2136 1915 desuper,
2162 1858 2217 1901 et
2258 1850 2309 1901 in
2336 1848 2580 1902 exsilium
2625 1852 2860 1917 protrudi
2909 1856 3192 1922 praecepit,
3231 1857 3449 1912 dicens:

1888 1937 2117 1992 Putasne
2145 1939 2284 2007 quod
2317 1955 2421 1993 non
2448 1950 2528 1993 est
2555 1955 2716 2007 super
2745 1945 3020 2011 quisquam
3050 1946 3117 2001 de
3145 1948 3261 2001 lilizs
3288 1948 3450 2003 Chlo-

1886 2029 2139 2084 thacharii
2186 2032 2357 2099 regis,
2404 2033 2490 2099 qui
2540 2034 2702 2100 patris
2744 2035 2878 2087 facta
2908 2037 3200 2101 custodiat,
3230 2042 3369 2107 quod
3400 2043 3448 2095 hi

1884 2121 2216 2191 episcopum,
2248 2138 2403 2191 quem
2431 2124 2546 2190 ejus
2576 2126 2819 2179 Voluntas
2841 2127 3017 2195 elegit,
3042 2129 3241 2197 absque
3271 2143 3451 2184 nostro

1879 2214 2083 2283 judicio
2112 2214 2489 2283 projecerunt?
2519 2216 2583 2269 Et
2607 2218 3038 2289 statimulirectis
3080 2222 3206 2275 viris
3234 2223 3447 2293 religio-

1882 2306 1978 2368 sis,
2010 2305 2314 2375 episcopum
2338 2309 2389 2359 in
2419 2307 2533 2361 loco
2562 2310 2814 2374 resdtuit,
2846 2310 3076 2379 dirigens
3103 2314 3260 2367 etiam
3284 2330 3447 2383 quos-

1883 2395 2004 2448 dam
2059 2396 2125 2450 de
2168 2396 2475 2450 camerariis
2502 2400 2636 2459 suis,
2664 2398 2981 2465 quiexactis
3008 2415 3036 2453 a
3071 2400 3293 2457 Leontio
3336 2408 3451 2469 epi-

1887 2503 2051 2556 sc0po
2075 2489 2218 2542 mille
2241 2489 2436 2552 aureis,
2472 2489 2707 2558 reliquos
2727 2490 2880 2557 juxta
2904 2492 3304 2560 possibilitatem
3326 2510 3449 2549 con-

1886 2581 2199 2634 denmarent
2255 2580 2651 2648 episcoposzet
2698 2581 2776 2634 sic
2818 2583 3071 2650 principis
3108 2582 3121 2633 i
3161 2591 3246 2638 est
3305 2586 3448 2640 ultus

1888 2673 2153 2740 injuriam.
2184 2671 2424 2726 Posthrcc
2454 2671 2826 2738 Marcovefa-n,
2856 2674 3156 2731 Meroiledis
3186 2675 3213 2714 ¹ι
3241 2677 3449 2732 scilicet

1886 2779 2147 2829 sororem,
2179 2764 2423 2834 conjugio
2443 2763 2727 2832 copulavit.
2749 2765 2846 2817 Pro
2866 2780 2967 2835 qua
2991 2780 3147 2821 causa
3192 2781 3222 2821 a
3262 2780 3447 2824 sancto

1885 2853 2147 2909 Germano
2178 2855 2425 2922 episcopo
2447 2854 2933 2909 excommunicatus
2960 2864 3181 2925 uterque
3209 2868 3311 2911 est.
3335 2859 3442 2914 Sed

1886 2958 2007 2996 cum
2033 2958 2147 2997 eam
2180 2958 2269 2997 rex
2296 2944 2596 3011 relinquere
2620 2945 2817 3010 nollet,
2845 2960 3091 3012 percussa
3117 2947 3318 3015 judicio
3350 2949 3444 3004 Dei

1887 3032 2039 3087 obiit.
2062 3032 2171 3087 Nec
2202 3033 2367 3085 multo
2394 3041 2516 3100 post
2545 3042 2597 3087 et
2633 3035 2782 3105 167
2824 3035 2937 3103 ipse
2965 3050 3054 3089 rex
3082 3046 3198 3106 post
3218 3053 3334 3093 eam
3357 3041 3447 3094 de-

194 3113 346 3183 quod
380 3112 460 3167 vir
511 3113 604 3167 Dei
645 3109 925 3167 manifeste
964 3115 1188 3183 respuit.
1227 3116 1384 3186 166
1426 3117 1593 3186 igitur
1632 3130 1781 3188 post-
1811 3112 1856 3174 C
1890 3121 2051 3176 c.-ssit
2074 3120 2417 3176 Cbarihertus
2440 3130 2465 3157 ε
2498 3138 2510 3173 :
2541 3122 2693 3191 cujus
2715 3134 2831 3192 post
2859 3123 3058 3178 obitum
3090 3125 3445 3183 Theudechil~

274 3262 303 3290 ι
332 3252 497 3307 Corb.
530 3252 806 3314 mendose,
841 3250 1160 3321 Sigibertus;
1190 3252 1279 3304 alii
1304 3292 1317 3313 ,
1342 3251 1661 3306 IIaribertus.

273 3322 301 3360 ιι
337 3323 461 3377 Haec
491 3332 573 3376 est
604 3324 927 3389 Aldeberga,
956 3324 1065 3376 sive
1092 3322 1303 3383 Berlha,
1337 3338 1451 3391 quae
1495 3323 1777 3377 Ethelber-

205 3404 263 3448 to
292 3392 498 3446 Cantia:
522 3394 631 3462 regi
666 3392 719 3445 in
748 3393 934 3462 Anglia
963 3405 1122 3460 nupta
1142 3433 1154 3449 ,
1186 3393 1356 3444 mariti
1403 3394 1486 3445 sui
1512 3391 1779 3461 totiusque

202 3467 386 3532 gentis
416 3461 760 3517 conversioni
787 3461 1067 3530 plurimum
1093 3462 1408 3532 allaboravit
1439 3477 1556 3514 cum
1581 3464 1634 3516 S.
1669 3465 1778 3517 Au-

202 3530 445 3602 gustino,
479 3533 703 3601 aliisque
734 3534 1004 3584 IliUllat‘hlS
1036 3548 1063 3584 a
1091 3530 1346 3598 Gregorio
1368 3532 1553 3600 Magno
1576 3535 1775 3588 missis.

207 3606 490 3657 Letaldum
517 3604 710 3667 episc.,
735 3613 791 3655 ut
831 3612 1036 3667 putant.
1081 3603 1555 3667 Silvanectensem,
1594 3618 1775 3657 secum

206 3675 458 3736 habebat,
484 3673 635 3742 cujus
665 3672 919 3727 memoria
951 3674 1246 3726 celebratur
1274 3672 1358 3725 d:e
1385 3672 1453 3723 24
1496 3673 1648 3725 Febr.
1676 3672 1776 3728 Pro

206 3744 409 3805 Cantia,
442 3746 563 3795 cod.
600 3744 728 3795 Bell.
781 3751 835 3794 et
868 3744 974 3805 alii,
1000 3745 1190 3809 quibus
1212 3743 1293 3794 usi
1318 3743 1549 3811 suntqui
1582 3744 1773 3796 editio-

207 3830 302 3867 nes
330 3816 616 3882 plerasque
650 3813 884 3866 Chesnio
914 3816 1211 3865 anteriores
1256 3825 1530 3876 curarunt,
1583 3815 1778 3866 habent

206 3884 433 3944 Cantia,
485 3886 570 3936 cui
615 3883 877 3937 vocabulo
923 3883 1230 3949 particulam
1280 3883 1334 3934 in
1383 3883 1776 3948 praecedentem

208 3957 516 4022 iungentes,
552 3968 743 4005 nomen
777 3952 1012 4004 fecerunt
1039 3950 1300 4020 Ingautia,
1325 3954 1470 4015 quasi
1498 3956 1611 4006 haec
1643 3954 1782 4021 regi-

214 4042 276 4077 na
300 4028 379 4076 sic
408 4025 590 4075 luisset
620 4024 904 4093 appellata.
938 4022 1065 4075 Vide
1091 4022 1282 4073 Bedam
1316 4022 1404 4075 lib.
1434 4038 1505 4083 lx,
1536 4040 1655 4093 cap.
1682 4024 1773 4088 2.3,

211 4095 483 4147 Guillcltu.
507 4092 851 4147 Maltnesbnr.
874 4133 887 4153 ,
919 4103 1023 4146 etc.
1044 4134 1058 4157 ,
1109 4102 1160 4145 et
1192 4093 1373 4146 confer
1400 4107 1520 4161 cap.
1545 4092 1636 4156 26,
1682 4094 1773 4147 lib.

209 4179 289 4228 :x,
322 4163 480 4217 inira.

283 4246 305 4273 ε
336 4234 470 4287 Cod.
504 4232 661 4297 Bell.,
697 4232 1033 4298 Marocove/‘a.

279 4309 306 4342 α
340 4305 429 4360 Sic
459 4318 646 4357 omnes
668 4318 794 4355 mss.
824 4312 877 4356 et
907 4303 1054 4366 editi,
1089 4312 1283 4372 pratter
1321 4300 1520 4356 Chesn.
1552 4302 1639 4372 qui
1686 4302 1779 4357 ha-

212 4375 317 4437 bet,
346 4385 401 4429 ut
430 4374 713 4428 dicebatur.

280 4456 304 4483 ε
332 4446 422 4502 Sic
449 4444 611 4498 Corb.
634 4455 687 4497 et
716 4443 842 4497 Bell.
869 4444 1001 4497 Editi
1035 4441 1293 4509 plerique,
1323 4441 1546 4497 Larcius.

282 4515 301 4553 ¹
339 4518 462 4568 llaec
489 4516 671 4580 verba,
700 4515 754 4566 id
781 4524 853 4567 est
874 4517 1089 4581 pastoris
1111 4517 1297 4577 ovium,
1329 4514 1702 4568 desiderantur
1724 4515 1775 4570 in

211 4600 240 4639 e
261 4587 400 4647 litis;
436 4598 553 4638 sunt
579 4596 757 4638 autent
788 4584 839 4637 in
862 4585 1015 4638 codd.
1043 4583 1229 4646 Corb.,
1259 4583 1525 4637 Bellovac.
1547 4594 1601 4637 et
1621 4583 1768 4639 Pala-

214 4657 339 4708 tino.
375 4657 499 4709 [lare
538 4670 671 4708 vero
696 4656 748 4708 in
780 4655 910 4707 Bell.
959 4656 1151 4707 dicitur
1177 4653 1523 4725 Teudegildis.
1559 4655 1774 4725 Regum,

212 4725 527 4795 Teotigildt's.
562 4726 682 4789 l'.d.,
718 4725 1092 4793 'I'heudegildis,
1120 4739 1211 4776 seu
1246 4722 1579 4795 Teodegildis.

285 4806 307 4839 ﬁ
341 4793 386 4849 Is
414 4800 510 4848 luit
555 4795 958 4864 Burdegalenms
999 4798 1300 4861 episcopus,
1335 4793 1399 4847 de
1450 4810 1555 4864 quo
1586 4794 1777 4849 Fortu-

218 4877 367 4919 natus
396 4869 488 4919 lib.
523 4881 595 4927 ιν,
627 4881 795 4919 carm.
826 4868 912 4924 10.
944 4878 996 4918 et
1032 4867 1163 4918 alias
1192 4868 1418 4932 passim;
1446 4866 1775 4933 distinguen-

214 4935 307 4989 dus
333 4939 401 4989 ab
430 4937 534 4989 alio
564 4935 801 5004 ejusdem
858 4936 1089 4990 noluiuis
1130 4948 1383 5004 episcopo
1432 4934 1773 5004 Arelatensi,

219 5012 362 5073 paulo
390 5002 695 5075 antiqufore
714 5046 729 5069 ,
779 5005 846 5059 de
874 5022 980 5071 quo
1026 5002 1173 5058 idem?
1198 5002 1519 5075 Fortunatus
1538 5004 1651 5075 ilib.
1700 5002 1773 5073 tv,

217 5092 371 5129 canu.
405 5077 458 5130 9.
483 5074 763 5130 Leontium
806 5077 960 5129 simul
1009 5084 1064 5127 et
1110 5074 1378 5127 Emerium
1431 5074 1609 5127 laudat
1638 5075 1775 5131 idem

219 5158 391 5200 auctor
441 5147 535 5199 lib.
593 5161 641 5210 ι,
688 5161 857 5199 carm.
888 5146 975 5198 1‘2.
1022 5146 1192 5197 Variis
1232 5142 1471 5197 conciliis
1515 5144 1777 5202 interluit.

219 5217 408 5270 Leontii
431 5219 623 5270 lestum
641 5217 915 5269 celebrant
937 5214 1339 5283 Burdigalenses
1361 5214 1446 5268 die
1471 5213 1530 5267 17
1564 5214 1775 5270 kalend.

220 5285 514 5341 Decembris
525 5328 539 5339 .

280 5358 303 5393 ⁸³
332 5359 406 5412 De
434 5370 701 5413 consensu
729 5353 852 5407 vide
882 5368 1041 5423 supra
1066 5367 1187 5423 cap.
1224 5352 1308 5423 15.

288 5428 437 5483 iSic.
473 5428 640 5491 Bell.;
680 5425 862 5478 caeteri
910 5440 1029 5477 cum
1075 5422 1197 5489 ed.,
1252 5422 1574 5479 Turonicam.
1624 5424 1776 5480 Licet

217 5502 336 5555 enim
368 5500 487 5552 alia:
516 5512 731 5568 quoque
756 5496 913 5548 sedes
939 5494 1267 5563 episcopales
1289 5504 1420 5568 tunc
1446 5497 1738 5561 apostolica:
1758 5536 1773 5559 ,

219 5583 267 5626 ut
286 5570 357 5623 rel
401 5586 468 5623 ex
508 5569 610 5621 hoc
642 5565 763 5621 ioco
794 5576 955 5631 patet,
987 5575 1041 5618 et
1066 5565 1299 5631 episcOpi
1347 5581 1531 5619 Olltltes
1560 5578 1776 5632 apoSto-

220 5645 305 5701 hci,
336 5652 391 5693 ut
412 5656 602 5691 ormres
632 5635 831 5692 sciunt,
864 5634 1166 5688 dicerentur
1192 5652 1206 5699 ;
1237 5634 1288 5687 id
1322 5643 1495 5687 tamen
1527 5650 1644 5688 cum
1680 5638 1775 5687 ab-

218 5718 368 5767 solute
398 5720 449 5765 et
478 5711 684 5778 absque
712 5704 965 5773 adjuncto
989 5707 1129 5759 sedis
1175 5716 1264 5758 aut
1292 5705 1525 5774 episcopi
1564 5706 1776 5760 nomine

1809 4554 1860 4612 D

1880 3253 2179 3329 dicebatur,
2196 3252 2587 3329 intelligebatur
2608 3254 3015 3329 potissimumde
3040 3256 3274 3311 Romana
3298 3260 3444 3329 sede,

1881 3325 2102 3397 ejusque
2140 3324 2405 3397 pontiﬁce.
2428 3324 2892 3397 Aldemdicendum
2923 3327 2988 3381 de
3021 3343 3166 3397 papa;
3213 3324 3446 3394 nomine,

1879 3394 2025 3462 quod
2054 3406 2177 3448 ante
2219 3394 2457 3467 Gregorii
2506 3394 2843 3467 Yll_tempus
2894 3394 3138 3454 omnibus
3184 3401 3447 3467 episcopis

1878 3479 2163 3517 commune
2191 3473 2323 3517 erat.
2366 3464 2569 3518 Videsis
2598 3465 2864 3519 Cointium
2896 3468 2963 3520 ad
3012 3464 3231 3521 annum'
3254 3468 3355 3521 5152
3374 3464 3446 3525 ’θη

1878 3534 1945 3607 de
1972 3549 2029 3587 re
2057 3536 2427 3589 disserentem.
2481 3536 2637 3601 infra,
2675 3554 2766 3604 pro
2793 3547 3003 3607 pater...
3052 3549 3187 3601 tuus,
3218 3540 3304 3592 ed.
3328 3555 3447 3595 cum

1882 3606 2029 3669 Bcc.,
2062 3608 2263 3669 patris..
2296 3608 2390 3657 tui.

1956 3676 1970 3748 1
2006 3675 2093 3748 Sic
2116 3691 2243 3728 mss.
2271 3676 2406 3748 Edili
2425 3691 2548 3729 vero
2566 3676 2759 3729 habent
2782 3677 2957 3742 patris.
2976 3676 3139 3732 Corb.
3162 3688 3217 3732 et
3239 3678 3447 3748 Πυθίη..

1880 3745 2125 3810 principis
2150 3755 2223 3797 est
2252 3747 2358 3796 ulta
2387 3748 2600 3811 injuria.

1948 3812 2226 3935 ;.Aliquot
2254 3830 2382 3868 mss.
2417 3824 2469 3868 et
2495 3816 2582 3869 ed.
2615 3815 2887 3881 mendose,
2924 3815 3179 3869 Μανσουά
3207 3815 3450 3873 Famem.

1984 3900 2047 3935 is.

1921 3900 2047 3937 εαιδ.

1921 3886 2047 3937 edis.

1878 3886 1917 3953 ﬂ
1972 3951 1989 3990 1
2017 3953 2312 4007 Chariberti
2346 3953 2470 4006 vitia
2500 3953 2690 4020 passim
2722 3963 3101 4007 commemorat
3144 3952 3451 4019 Gregorius.

1883 4024 1999 4091 ejus
2013 4039 2138 4093 vero
2155 4023 2333 4075 laudes
2352 4023 2513 4093 l‘usrus
2535 4038 2868 4090 prosequitur
2887 4022 3203 4077 Fortunatus
3220 4024 3353 4078 libro
3366 4042 3446 4093 τι,

1888 4108 2054 4147 carm.
2079 4092 2132 4155 4,
2154 4093 2293 4160 quod
2327 4093 2445 4145 ideo
2467 4092 2580 4161 ejus
2609 4094 2755 4161 regni
2780 4095 2926 4147 initio
2941 4094 3145 4147 videtur
3170 4092 3447 4162 scriptum.

1878 4164 2118 4229 Sequens
2141 4178 2268 4216 vero
2294 4172 2376 4215 est
2399 4164 2466 4217 de
2495 4163 2906 4227 'l‘heodechilde,
2934 4164 3027 4216 sed
3053 4165 3151 4216 alia
3184 4178 3212 4215 a
3262 4166 3448 4219 Chari-

1880 4233 2013 4286 herti
2048 4249 2233 4297 uxore,
2263 4235 2399 4286 sicut
2428 4243 2482 4286 et
2529 4233 2764 4301 ejusdem
2798 4231 3070 4286 Fortunati
3119 4248 3330 4287 carmen
3379 4234 3449 4289 ‘25

1880 4304 2000 4356 libri
2029 4319 2102 4368 iv,
2137 4320 2289 4369 quam
2314 4302 2628 4356 'l‘hcodor.ci
2659 4318 2873 4357 uxoiem
2897 4302 3312 4358 etTheodeberli
3341 4321 3448 4359 ma-

1883 4384 2017 4427 trem
2049 4373 2213 4428 fuisse
2250 4374 2549 4441 suspicatur
2580 4373 2896 4426 Brouverns.
2931 4375 3033 4426 Sed
3062 4390 3177 4442 (μιν
3213 4377 3279 4428 ibi
3314 4373 3447 4428 For-

1885 4454 2101 4497 tunatus
2131 4447 2337 4509 scribit,
2370 4446 2519 4498 uxori
2552 4443 2866 4497 Theodorici
2898 4445 3111 4497 attribui
3160 4460 3261 4497 nuo
3292 4461 3450 4510 posse

1885 4518 2070 4581 probat
2103 4515 2339 4569 Valesius
2374 4516 2463 4567 lib.
2494 4530 2563 4568 vn
2600 4515 2791 4566 lterum
2820 4514 3082 4580 Fra'ncic.,
3110 4516 3245 4568 node
3265 4517 3450 4570 existi-

1884 4596 1993 4638 tnat
2021 4600 2138 4639 eam
2189 4586 2359 4651 potius
2386 4600 2506 4640 esse
2535 4583 2767 4650 ejusdem
2797 4584 3116 4637 Theudorici
3169 4587 3351 4651 liliam,
3398 4596 3451 4643 et

1883 4657 1921 4706 Τ
1933 4654 2239 4709 beodeberti
2264 4670 2523 4718 aOI‘Ol‘Clll,
2551 4657 2685 4708 hanc
2708 4654 2911 4709 scilicet
2937 4657 3126 4724 ipsam,
3151 4671 3285 4721 quae,
3320 4665 3451 4712 testa

1883 4724 2139 4792 Procopio
2168 4726 2258 4779 lib.
2289 4742 2335 4779 tv
2370 4726 2496 4778 Belli
2529 4725 2757 4791 Cothit‘i,
2786 4739 3085 4795 quanquam
3115 4725 3231 4795 ejus
3258 4741 3451 4782 nomen

1883 4796 2122 4858 reticeat,
2158 4805 2431 4863 postquam
2468 4794 2845 4863 llermcgisclu,
2879 4805 2985 4849 tum
3019 4794 3260 4863 Radigeri
3294 4795 3450 4847 War-

1885 4880 2075 4917 norutn
2106 4868 2318 4928 regibus
2350 4878 2621 4933 nupserat,
2655 4868 2864 4919 tandem
2897 4882 2945 4919 Ill
2994 4866 3213 4918 Galliam
3258 4864 3450 4933 regerti

1881 4944 2061 4987 coacta
2096 4937 2210 4987 l'ult.
2247 4936 2318 4990 De
2346 4931 2552 4997 eadem,
2582 4936 2657 4988 uti
2692 4935 2899 4989 Valesio
2926 4935 3152 4999 videtur,
3182 4943 3286 4999 agit
3312 4931 3449 4986 Gre-

1878 5008 2056 5073 gorius
2086 5004 2136 5056 in
2172 5006 2304 5057 libro
2332 5006 2399 5057 de
2426 5005 2607 5058 Gloria
2631 5005 2811 5067 Conf.,
2839 5020 2993 5073 quam
3017 5003 3172 5057 etiam
3201 5002 3446 5073 eamdem

1880 5071 1997 5126 esse
2025 5073 2238 5141 conjicit
2263 5090 2380 5127 cum
2412 5075 2821 5135 'I‘beoJechilde,
2848 5071 2965 5139 quae
2989 5075 3362 5125 monasterium
3386 5071 3445 5126 S.

1880 5143 2021 5198 Petri
2056 5143 2169 5197 Vin
2204 5160 2363 5209 prope
2409 5144 2650 5199 Senonas
2689 5146 3011 5196 exstruxisse
3041 5142 3253 5194 dicitur.
3284 5141 3445 5194 Deni-

1880 5226 1981 5282 que
2008 5213 2401 5283 Suavegogltam
2444 5218 2666 5283 reginam
2696 5210 3081 5283 Tlteudecltiidis
3108 5211 3295 5283 regina
3340 5227 3449 5264 ma-

1882 5280 2008 5336 trem
2038 5280 2209 5337 laudat
2239 5280 2578 5336 Frodoardus
2609 5282 2698 5335 lib.
2729 5297 2763 5335 ιι
2793 5280 2929 5334 Hist.
2963 5280 3294 5344 Rhetnensis,
3329 5298 3450 5350 qua:

1880 5364 2082 5421 partem
2116 5354 2351 5406 Virtsiaci
2377 5354 2530 5417 νίΙΙιιι,
2556 5352 2639 5405 ubi
2666 5362 2788 5405 tunc
2809 5351 3142 5404 anachoreta:
3164 5353 3447 5417 degebant,

1878 5424 2123 5476 ecclesia:
2154 5424 2437 5476 llbemensi
2466 5422 2631 5486 dedit,
2661 5436 2855 5487 easque
2884 5421 3195 5474 Theudorici
3226 5437 3449 5478 uxorem

1879 5502 1933 5547 et
1964 5496 2122 5546 tiliam
2154 5490 2319 5547 fuiSse
2347 5494 2506 5547 etiam
2540 5492 2792 5545 Marlotus
2840 5492 2932 5546 lib.
2983 5506 3021 5545 ιι
3051 5491 3265 5560 Metrop.
3303 5494 3449 5547 Ithe-

1881 5563 2103 5629 mensis,
2130 5578 2245 5630 cap.
2280 5564 2370 5628 20,
2402 5578 2520 5616 cum
2549 5562 2755 5616 Vah-sio
2777 5573 2979 5616 censet.
3013 5562 3246 5616 Cointius
3273 5573 3449 5617 tamen

1882 5634 1947 5686 ad
1978 5649 2173 5688 annum
2206 5634 2306 5686 5ϋὸ
2337 5632 2608 5687 contendit
2636 5632 3102 5694 Theodechildem,
3132 5647 3286 5700 quam
3322 5632 3450 5686 Pro-

1882 5704 2063 5772 copius
2105 5704 2214 5773 regi
2249 5702 2563 5760 Warnorum
2596 5704 2837 5772 nupsisse
2866 5704 3043 5770 tradit,
3077 5704 3237 5757 fuiSse
3281 5701 3447 5757 Chlo-
