3994 6194
585 270 681 325 '29!

1576 272 1633 328 S.
1670 270 1999 326 GREGORII
2041 269 2342 327 EPISCOPI
2383 274 2809 333 TURONENSIS

3728 272 3869 326 299.

591 386 673 439 dis
700 399 802 439 una
830 384 1130 454 reginarum
1161 386 1297 453 ejus,
1333 386 1545 440 nuntios
1586 386 1652 440 ad
1694 385 2153 441 Guntcbramnum
2185 388 2233 445 Λ
2258 388 2376 457 guis
2406 392 2599 458 opibus
2628 394 2937 447 destinavit.
2969 391 3102 448 Nam
3128 392 3443 448 Galsuintha
3469 401 3625 448 tetate
3654 396 3869 448 senior

586 492 768 545 regem
816 475 1037 545 dirigit,
1084 491 1145 530 se
1182 478 1322 530 ultro
1352 476 1582 532 offerens
1637 477 1978 531 matrimonio
2018 477 2154 545 ejus.

584 569 787 634 Quibus
818 584 906 622 rex
939 568 1037 620 hoc
1066 569 1295 622 reddidit
1335 570 1387 622 in
1437 570 1747 638 responsis:
1790 570 2064 625 Accedere
2092 571 2157 624 ad

587 672 672 711 me
701 658 746 711 ei
780 670 882 709 non
914 657 1089 725 pigeat
1114 671 1233 709 cum
1271 657 1537 711 thesauris
1584 659 1697 712 suis
1728 676 1742 712 :
1770 673 1867 725 ego
1891 659 2033 712 enim
2064 672 2158 711 ac-

584 749 777 815 cipiam
806 762 948 811 eam,
981 748 1276 815 faciamque
1303 763 1543 817 magnam
1575 750 1624 803 in
1657 750 1880 817 pupulis,
1928 759 1984 802 ut
2010 748 2157 804 scili-

584 848 671 892 cet
695 839 895 907 majore
926 854 1132 892 mecum
1164 839 1365 893 honore
1394 856 1557 905 quam
1589 855 1709 894 cum
1739 855 1994 909 germano
2017 854 2155 905 meo,

590 929 678 996 qui
708 944 875 997 nuper
895 928 1179 982 defunctus
1206 940 1307 994 est,
1334 929 1587 998 patiatur.
1614 930 1683 983 At
1713 931 1797 984 illa
1825 932 2028 997 gavisa,
2052 931 2162 983 col-

589 1020 745 1074 lectis
774 1021 1051 1084 omnibus,
1076 1020 1143 1073 ad
1184 1036 1309 1073 eum
1353 1020 1587 1089 profecta
1618 1031 1719 1076 est.
1762 1021 1913 1086 Quod
1936 1036 2160 1075 cernens

592 1128 688 1168 rex
720 1114 795 1166 ait
826 1131 839 1165 :
872 1114 1085 1167 Rectius
1113 1123 1195 1167 est
1233 1115 1401 1181 enim,
1431 1124 1486 1167 ut
1517 1112 1568 1166 hi
1622 1113 1859 1168 thesauri
1894 1129 2054 1182 penes
2076 1128 2161 1166 tne

588 1203 902 1267 habeantur,
936 1220 1091 1272 quam
1120 1214 1236 1272 post
1267 1203 1393 1276 [Ed.
1427 1202 1590 1275 apud]
1617 1206 1783 1268 hanc,
1806 1220 1925 1273 quae
1948 1204 2161 1271 indigne

585 1297 824 1364 germani
875 1297 976 1349 mei
1025 1297 1234 1347 thorttm
1284 1294 1471 1347 adivit.
1511 1294 1661 1347 Tunc
1710 1292 1900 1348 ablatis
1955 1294 2158 1361 multis,

592 1388 773 1454 paucis
804 1387 1025 1449 relictis,
1056 1386 1350 1441 Arelatensi
1375 1401 1491 1440 eam
1516 1385 1839 1440 monasterio
1860 1384 2158 1440 destinavit.

596 1477 719 1531 llzec
745 1492 873 1530 vero
894 1493 1037 1548 aegre
1078 1478 1421 1545 acquiescens
1444 1476 1663 1545 jejuniis
1692 1490 1753 1529 ac
1780 1476 1976 1544 vigiliis
1997 1476 2137 1529 allici

592 1584 686 1636 per
714 1569 953 1622 occultos
983 1568 1192 1621 nuntios
1225 1567 1475 1620 Gotthum
1499 1565 1781 1635 quemdam
1811 1565 2034 1618 advocat
2053 1563 2161 1634 [ΑΙ.

589 1656 797 1729 adivit],
827 1659 1141 1726 promittens
1161 1657 1301 1727 quod
1332 1658 1377 1710 si
1408 1673 1466 1710 se
1498 1658 1548 1709 in
1581 1656 1859 1723 lliSpauias
1881 1656 2163 1709 deductam

2258 495 2417 548 quam
2460 481 2814 536 Brunichildis
2856 494 2990 539 erat.
3033 484 3163 550 Qua:
3207 498 3327 537 cum
3374 483 3440 537 ad
3465 484 3868 551 Chilperirmti

2260 586 2436 639 regem
2462 573 2715 632 venisset,
2742 588 2864 628 cum
2894 573 3079 642 grandi
3107 574 3310 628 honore
3331 575 3873 644 suscepta,ejusque

2259 669 2341 715 est
2370 662 2569 715 sociata
2597 660 2846 733 conjugio
2874 681 2887 717 :
2918 679 2946 715 a
2977 679 3082 733 quo
3113 663 3272 718 etiam
3303 679 3500 733 magno
3528 679 3715 719 amore
3760 666 3873 719 di-

2261 753 2543 823 ligebatur.
2576 754 2853 809 Detulerat
2882 756 3027 809 enim
3058 771 3240 810 secum
3275 773 3496 826 magnos
3527 758 3868 812 thesauros.

2263 843 2367 899 Sed
2399 859 2490 912 per
2513 860 2747 899 amorem
2772 845 3166 916 Fredegundis,
3190 863 3349 915 quam
3385 850 3531 917 prius
3560 848 3867 913 habuerat,

2261 946 2438 989 ortum
2464 946 2546 990 est
2574 938 2711 991 inter
2734 951 2827 992 eos
2852 939 3053 1006 grande
3076 939 3408 992 scandalum.
3439 938 3555 993 lam
3598 940 3743 994 enim
3798 941 3867 993 in

2263 1026 2376 1095 lege
2397 1027 2659 1082 catholica
2687 1043 2945 1084 conversa
2974 1027 3165 1096 fuerat,
3195 1038 3249 1084 et
3280 1032 3569 1086 chrismata
3600 1041 3647 1085 θ.
3674 1030 3867 1086 Cum-

2262 1136 2367 1189 que
2385 1136 2443 1175 se
2464 1123 2576 1190 regi
2606 1132 2922 1191 quereretur
2950 1123 3167 1178 assidue
3212 1124 3434 1191 injurias
3465 1127 3730 1192 perlerre,
3759 1126 3866 1179 di-

2264 1224 2517 1280 ceretque
2547 1214 2743 1267 nullam
2782 1228 2842 1268 se
2871 1214 3183 1282 dignitatem
3229 1230 3349 1267 cum
3398 1217 3587 1269 eodem
3622 1216 3862 1279 habere,

2266 1304 2417 1372 petiit
2455 1314 2512 1358 ut
2540 1304 2740 1359 relictis
2765 1304 3064 1368 thesauris,
3087 1320 3223 1373 quos
3245 1321 3427 1360 secum
3459 1307 3750 1372 detulerat,
3790 1308 3867 1360 li-

2268 1396 2448 1449 beram
2480 1395 2657 1450 redire
2696 1397 3028 1462 permitteret
3053 1397 3119 1450 ad
3146 1398 3397 1466 patriam.
3430 1399 3584 1464 Quod
3630 1400 3721 1453 ille
3750 1415 3869 1467 per

2269 1488 2475 1556 ingenia
2507 1488 2872 1555 dissimulans,
2897 1489 3083 1543 verbis
3108 1504 3224 1543 eam
3248 1488 3453 1543 lenibus
3478 1490 3749 1544 demulsit.
3772 1492 3869 1543 Ad

2270 1591 2570 1634 extremum
2597 1594 2715 1634 eam
2747 1581 3020 1649 suggillari
3059 1581 3214 1652 169
3231 1582 3392 1651 jussit
3418 1597 3446 1635 a
3479 1597 3681 1650 puero,
3705 1598 3872 1636 mor-

2272 1678 2522 1739 tuamque
2552 1671 2753 1736 reperit
2784 1672 2837 1723 in
2879 1681 3069 1725 strato.
3103 1673 3227 1726 Post
3271 1671 3424 1740 cujus
3458 1672 3665 1727 obitum
3716 1672 3870 1726 Deus

589 1754 835 1821 conjugio
864 1752 1155 1820 copularet,
1191 1766 1311 1803 cum
1351 1749 1618 1802 thesauris
1645 1749 1759 1802 suis
1788 1749 1853 1802 de
1896 1756 2164 1800 monaste.
2199 1771 2243 1829 Β
2274 1763 2523 1817 virtutem
2575 1779 2821 1833 magna".
2863 1764 3119 1819 cmend“.
3149 1765 3402 1834 Lychnus
3429 1766 3572 1821 enim
3606 1766 3733 1831 me,
3760 1767 3870 1835 qui

590 1844 671 1899 rio
709 1843 1010 1912 egrediens,
1054 1842 1234 1897 libenti
1274 1856 1394 1895 eum
1423 1840 1601 1893 animo
1636 1849 1972 1908 sequeretur.
2015 1838 2167 1903 Quod

593 1936 706 1997 ille,
742 1935 869 1988 nihil
904 1935 1152 1988 dubitans
1180 1975 1195 1999 ,
1239 1932 1563 2001 repromisit.
1610 1929 1851 1998 Cumque
1902 1930 2018 1983 hzec
2057 1928 2169 1981 col-

594 2026 747 2079 lcctis
779 2025 973 2087 rebus,
1005 2023 1267 2092 factisque
1294 2022 1518 2077 voluclis
1549 2019 1656 2093 [ΑΙ.
1698 2017 1986 2089 volucris],
2011 2035 2039 2072 a
2065 2033 2170 2075 coa-

594 2118 755 2172 nobio
788 2128 1001 2185 pararet
1044 2116 1267 2185 egredi,
1317 2115 1629 2182 anticipavit
1683 2114 2008 2166 voluntatem
2054 2111 2171 2180 ejus

595 2212 852 2265 industria
895 2210 1175 2262 abbatissa:
1199 2218 1225 2245 ι
1257 2226 1270 2260 :
1298 2207 1737 2275 deprehensaque
1788 2203 2010 2269 lraude,
2051 2219 2169 2258 eam

591 2304 825 2372 graviter
854 2316 1046 2354 causam
1068 2298 1322 2353 Custodia:
1346 2298 1652 2364 mancipare
1676 2297 1929 2363 prarcepit
1946 2335 1961 2358 ,
1988 2296 2038 2348 in
2064 2310 2167 2362 qua

594 2406 761 2461 usque
788 2391 855 2444 ad
887 2390 1088 2443 exitum
1144 2389 1266 2441 vita:
1315 2388 1623 2453 praesentis,
1675 2402 1779 2441 non
1809 2387 2171 2441 mediocribus

595 2487 775 2540 attrita
806 2482 1158 2555 passionibus,
1190 2482 1513 2549 perduravit.

673 2594 882 2650 XXHI.
938 2594 1102 2647 Porro
1140 2593 1439 2661 Sigibcrtus
1466 2608 1591 2657 rex,
1630 2608 1748 2646 cum
1795 2592 1999 2647 videret
2028 2594 2172 2662 quod

596 2689 789 2743 fratres
832 2686 948 2755 ejus
994 2686 1235 2757 indignas
1282 2687 1496 2739 sibimet
1535 2700 1731 2739 uxores
1764 2686 2088 2754 acciperent,
2120 2697 2175 2741 et

597 2797 689 2853 per
736 2783 994 2836 vilitatem
1025 2796 1173 2834 suam
1217 2781 1377 2834 etiam
1429 2781 1651 2835 ancillas
1696 2781 1747 2835 in
1775 2785 2174 2836 matrimonium

600 2877 889 2937 sociarent,
926 2874 1241 2943 legationem
1292 2874 1345 2927 in
1393 2874 1700 2942 Hispaniam
1742 2873 1940 2941 mittit,
1970 2883 2024 2927 et
2053 2888 2174 2927 Cum

598 2967 775 3021 multis
798 2967 1106 3020 muneribus
1150 2964 1543 3019 Brunichildem
1568 2963 1909 3035 Atltanagildi
1938 2964 2078 3034 regis
2112 2966 2171 3016 li—

601 3058 718 3113 lialn
752 3058 921 3127 petiit.
960 3058 1083 3109 lirat
1127 3058 1266 3110 enim
1312 3057 1484 3124 puella
1530 3056 1749 3126 elegans
1797 3069 1981 3125 opere,
2017 3054 2175 3127 168

2274 1854 2398 1909 fune
2426 1868 2719 1923 suspensus
2762 1869 2940 1910 coram
2983 1857 3232 1922 sepulcro
3270 1858 3387 1925 ejus
3416 1857 3672 1920 ardebat,
3703 1858 3871 1910 nullo

2274 1956 2541 2014 tangente,
2578 1947 2701 2000 fune
2730 1946 2974 2015 disruplo
3013 1948 3069 2001 in
3111 1947 3472 2015 pavimentum
3510 1948 3719 2004 corruit
3752 1967 3765 2000 ε
3807 1958 3875 2003 et

2272 2034 2505 2107 fugiente
2533 2045 2657 2092 ante
2678 2053 2797 2092 eum
2827 2039 3022 2092 duritia
3052 2040 3363 2107 pavimenti,
3394 2049 3641 2111 tanquam
3674 2042 3728 2094 in
3756 2045 3872 2094 alio

2276 2130 2415 2200 quod
2447 2131 2606 2185 molle
2637 2132 2961 2185 elementum
3012 2132 3307 2197 descendit,
3336 2144 3495 2202 atque
3543 2134 3750 2188 medius
3776 2143 3871 2189 est

2273 2222 2567 2286 sull‘ossus,
2630 2238 2727 2277 nec
2775 2226 2996 2277 omnino
3052 2227 3311 2278 contritus
3360 2225 3545 2292 :quod
3594 2240 3700 2279 nou
3737 2226 3869 2280 sine

2274 2314 2463 2383 grandi
2498 2314 2517 2351 τ
2553 2315 2811 2369 miraculo
2859 2315 3163 2371 videntibus
3194 2317 3310 2372 fuit.
3342 2317 3455 2372 Rex
3498 2330 3679 2373 autem
3732 2334 3866 2372 cum

2275 2423 2393 2462 eam
2422 2418 2688 2463 mortuam
2716 2409 3001 2475 deﬂesset,
3027 2421 3145 2479 post
3172 2426 3370 2479 paucos
3403 2412 3520 2466 dies
3552 2413 3866 2482 Fredegun-

2275 2499 2393 2555 dem
2422 2503 2624 2571 recepit
2652 2504 2702 2556 in
2732 2504 3092 2558 matrimonio.
3125 2503 3249 2557 Post
3279 2504 3419 2573 quod
3446 2504 3668 2570 factum,
3700 2521 3866 2573 repu-

2278 2604 2452 2648 tantes
2477 2594 2593 2663 ejus
2621 2592 2781 2666 [Bell.
2807 2593 2878 2665 ei]
2905 2594 3116 2656 fratres,
3149 2596 3287 2664 quod
3320 2610 3415 2649 sua
3441 2597 3738 2651 emissiOne
3762 2614 3865 2649 an-

2278 2686 2472 2739 tedicta
2519 2686 2697 2753 regina
2733 2684 2892 2739 fuerit
2921 2685 3219 2748 interfecta,
3252 2701 3373 2740 eum
3421 2688 3487 2742 de
3532 2703 3699 2757 regno
3728 2689 3866 2756 deji-

2277 2780 2447 2832 ciunt.
2474 2777 2711 2833 Habebat
2733 2789 2909 2833 autem
2944 2789 3068 2833 tunc
3106 2777 3441 2847 Chilpericus
3482 2790 3591 2834 tres
3624 2781 3764 2835 ﬁlios
3794 2787 3868 2835 de

2278 2870 2563 2924 Audouera
2596 2870 2773 2939 priore
2796 2871 2975 2939 regina
3014 2888 3110 2925 sua
3147 2889 3159 2922 :
3191 2872 3242 2925 id
3275 2883 3357 2926 est
3395 2872 3863 2939 Theodobertunt,

2279 2963 2431 3032 cujus
2460 2978 2619 3032 supra
2651 2963 2989 3017 meminimus
3030 2964 3177 3033 (Cap.
3210 2962 3324 3034 25),
3366 2964 3747 3021 Meroveehum
3785 2979 3870 3020 at-

2283 3072 2387 3127 que
2415 3056 2871 3111 Chlodovechum.
2897 3057 3000 3111 Sed
3030 3056 3095 3109 ad
3127 3067 3299 3121 empta
3336 3056 3623 3111 redeamus

600 3158 817 3203 venusta
843 3160 1079 3215 aspectu,
1110 3150 1327 3200 honesta
1352 3146 1589 3199 moribus
1611 3156 1770 3214 atque
1792 3146 2011 3207 decora,
2036 3161 2164 3213 pru-
2192 3142 2238 3203 C
2343 3148 2537 3202 XXIX.
2574 3148 2744 3203 Chuni
2778 3158 2804 3196 ε
2838 3163 2965 3203 vero
2993 3149 3182 3202 iterum
3214 3149 3265 3201 in
3298 3149 3494 3204 Gallias
3548 3151 3738 3204 venire
3776 3166 3871 3205 co-

600 3240 731 3295 dens
760 3239 1007 3303 consilio,
1034 3246 1088 3293 et
1118 3238 1309 3291 blanda
1355 3238 1643 3304 colloquio.
1675 3238 1845 3304 Quam
1880 3246 2030 3305 pater
2054 3239 2173 3304 ejus

602 3345 705 3385 non
729 3330 997 3397 denegans
1016 3368 1030 3391 ,
1061 3344 1181 3383 cum
1212 3328 1418 3397 magnis
1443 3328 1710 3382 thesauris
1748 3327 2021 3381 antedicto
2062 3327 2172 3395 regi

602 3424 917 3479 transmisit.
958 3422 1053 3475 llle
1079 3437 1209 3477 vero
1234 3422 1570 3490 congregatis
1612 3420 1914 3474 senioribus
1953 3434 2173 3486 secum,

605 3518 915 3586 praeparatis
941 3514 1132 3581 epulis,
1165 3528 1284 3565 cum
1319 3513 1570 3565 immensa
1599 3510 1783 3565 lmtitia
1807 3520 1964 3579 atque
1983 3508 2177 3578 jocun-

604 3609 765 3662 ditatc
797 3621 914 3660 eam
944 3605 1149 3672 accepit
1179 3618 1423 3657 uxorem.
1454 3604 1518 3655 Et
1547 3603 1667 3671 quia
1701 3604 1912 3657 Arianae
1939 3602 2039 3673 legi
2062 3605 2178 3657 sub-

604 3699 739 3771 jecta
771 3708 906 3762 crat,
938 3714 1032 3766 per
1062 3697 1487 3765 praedicationem
1520 3694 1855 3750 sacerdotum
1876 3735 1891 3761 ,
1917 3706 2075 3765 atque
2100 3697 2178 3763 ip-

602 3794 713 3846 sius
762 3790 901 3858 regis
941 3788 1409 3842 commonitionem
1454 3785 1481 3824 δ
1524 3801 1814 3852 conversa,
1868 3788 2073 3841 beatam
2123 3788 2175 3840 in

602 3882 805 3936 unitate
826 3878 1071 3933 confessa
1094 3878 1405 3933 Trinitatem
1441 3877 1689 3943 credidit,
1716 3888 1873 3947 atque
1894 3877 2176 3933 chrismata

603 3984 707 4039 est,
738 3988 854 4038 qua:
881 3973 930 4025 in
960 3972 1179 4025 nomine
1208 3968 1413 4025 Christi
1441 3968 1698 4024 catholica
1726 3982 2030 4039 perseverat
2058 3981 2104 4020 ο.

676 4071 913 4126 XXVIII.
948 4072 1099 4138 Quod
1150 4070 1337 4125 videns
1384 4068 1721 4138 Chilpericus
1752 4085 1874 4134 rex,
1917 4087 2035 4124 cum
2066 4072 2177 4138 jam

602 4165 784 4236 plures
810 4165 1030 4218 haberet
1058 4178 1284 4225 uxores,
1318 4176 1556 4215 sororem
1604 4162 1719 4230 ejus
1750 4162 2115 4216 Galsuintham
2147 4163 2173 4200 ἀ

602 4256 844 4325 expetiit,
876 4255 1195 4325 promittens
1225 4269 1317 4323 per
1348 4253 1548 4321 legatos
1584 4266 1643 4305 se
1670 4253 1801 4306 alias
1829 4252 2136 4306 relicturum
2161 4270 2175 4307 :

603 4357 805 4402 tantum
838 4346 1154 4415 condignam
1202 4344 1328 4409 sibi,
1370 4344 1621 4413 regisque
1646 4342 1850 4409 prolem
1880 4356 2179 4397 mereretur

601 4437 866 4505 accipere.
883 4438 1039 4492 Pater
1070 4451 1197 4490 vero
1223 4436 1342 4505 ejus
1365 4435 1457 4487 has
1487 4433 1865 4503 promissiones
1885 4435 2175 4503 accipiens,

2275 3242 2555 3305 nabantur,
2583 3242 2841 3296 adversus
2870 3255 3005 3309 quos
3032 3241 3328 3306 Sigibertus
3355 3256 3475 3296 cum
3505 3244 3749 3297 exercitu
3779 3246 3866 3297 di-

2274 3335 2415 3402 rigit,
2460 3334 2659 3388 habens
2687 3348 2867 3388 secum
2915 3346 3156 3402 magnam
3201 3333 3594 3389 multitudinem
3627 3337 3867 3389 virorum

2278 3429 2512 3482 fortium.
2563 3425 2806 3495 Cumque
2851 3425 3139 3493 confligere
3189 3425 3463 3489 deberent,
3510 3428 3594 3481 isti
3645 3428 3871 3497 magicis

2276 3520 2477 3574 artibus
2500 3518 2761 3584 instructi,
2792 3518 3032 3571 diversas
3060 3517 3427 3577 eis‘fantasias
3466 3520 3789 3585 ostendunt,
3818 3530 3873 3575 et

2277 3629 2373 3668 eos
2400 3614 2559 3667 valde
2598 3621 2872 3680 superant.
2924 3612 3186 3680 Fugiente
3227 3624 3404 3667 autem
3448 3617 3697 3669 exercitu
3729 3616 3873 3686 Sigi-

2280 3708 2436 3771 berti,
2462 3706 2574 3774 ipse
2602 3705 2835 3759 inclusus
2863 3719 2894 3757 a
2920 3703 3122 3758 Chunis
3149 3704 3491 3769 retinebatur,
3526 3704 3627 3759 nisi
3657 3721 3874 3772 pos:e;t,

2279 3808 2337 3853 ut
2357 3808 2469 3851 erat
2498 3797 2711 3865 elegans
2736 3805 2791 3849 et
2817 3807 3081 3862 versutus,
3115 3811 3250 3864 quos
3281 3811 3385 3850 non
3408 3796 3581 3865 putuit
3604 3812 3868 3865 superare

2279 3893 2471 3944 virtute
2494 3888 2682 3957 prrelii,
2719 3886 2988 3954 superavit
3020 3896 3135 3941 arte
3160 3886 3411 3943 donandi.
3444 3888 3574 3942 Nam
3591 3890 3736 3943 datis
3759 3906 3873 3943 mu-

2281 3979 2498 4034 neribus
2528 3977 2703 4033 foedus
2731 3992 2853 4030 cum
2898 3992 3027 4045 rege
3072 3978 3189 4030 iniit
3220 3975 3269 4041 δ,
3304 3987 3360 4032 ut
3402 3979 3653 4032 omnibus
3681 3980 3873 4034 diebus

2280 4074 2402 4125 vitae
2437 4087 2545 4124 suae
2584 4071 2729 4124 nulla
2766 4069 2904 4123 inter
2932 4084 2993 4124 se
3029 4069 3212 4138 prmlia
3240 4082 3683 4126 commoverent:
3717 4074 3873 4142 idque

2280 4166 2327 4219 ei
2351 4163 2517 4232 magis
2541 4162 2605 4215 ad
2638 4160 2869 4225 laudem,
2894 4176 3051 4229 quam
3092 4161 3157 4214 ad
3205 4162 3423 4231 aliquod
3472 4164 3748 4231 pertinere
3780 4181 3872 4231 ope

2280 4256 2551 4325 probrium
2570 4253 2713 4321 justa
2736 4252 2942 4306 ratione
2972 4262 3245 4321 pensatur.
3288 4253 3394 4307 Sed
3434 4262 3489 4307 et
3531 4270 3626 4309 rex
3657 4253 3873 4309 Chuno-

2283 4364 2399 4401 rum
2433 4346 2595 4401 multa
2628 4361 2851 4399 munera
2893 4346 3007 4415 regi
3054 4345 3325 4414 Sigiberto
3352 4347 3519 4401 dedit.
3568 4346 3874 4403 Vocabatur

2282 4450 2458 4496 autem
2492 4439 2738 4508 Gagauus
2772 4436 2788 4475 ί
2823 4454 2838 4503 ;
2885 4452 3073 4492 omnes
3112 4439 3255 4492 enim
3307 4453 3462 4509 reges
3501 4440 3682 4509 gentis
3730 4442 3871 4495 ilhus

602 4539 762 4593 filiam
786 4553 955 4602 suam,
984 4539 1121 4592 sicut
1140 4538 1485 4601 anteriorem,
1513 4534 1760 4589 similiter
1790 4534 1887 4603 ipsi
1917 4550 2038 4588 cum
2066 4553 2182 4592 nta-
2212 4534 2263 4594 D
2289 4538 2389 4592 hoc
2409 4533 2745 4605 appellantur
2774 4532 3009 4586 nomine.

601 4675 762 4729 dovei
792 4690 853 4727 ex
879 4674 1038 4739 priori
1072 4688 1235 4726 uxore
1268 4675 1447 4736 filiam,
1481 4686 1717 4724 sororem
1751 4671 2071 4727 Tlieodorici
2118 4683 2172 4727 et

601 4745 957 4802 Theodeberti
985 4744 1220 4797 amitam.
1248 4745 1320 4799 De
1347 4744 1645 4797 Chariberti
1673 4743 1816 4795 obitu
1841 4743 1958 4798 vide
1981 4744 2076 4799 lib.
2106 4748 2173 4800 de

600 4819 779 4875 Gloria
812 4812 1075 4875 Confess.,
1106 4827 1223 4881 cap.
1260 4816 1348 4867 ll).
1583 4858 1593 4869 ,

671 4898 697 4924 ἰ
720 4888 842 4942 llzec
868 4894 982 4937 erat
1006 4883 1391 4955 Liliola,_tertia
1416 4884 1516 4937 loci
1539 4882 1826 4949 abbatissa,
1852 4898 2007 4953 quam
2038 4901 2173 4955 pra:-

597 4964 868 5015 cesserant
894 4955 1010 5007 dine
1036 4953 1307 5006 Caesarize.

668 5030 694 5067 δ
727 5030 815 5082 Sic
843 5025 995 5080 Colb.
1028 5025 1165 5079 Editi
1196 5023 1819 5079 habentcommotionem.
1855 5024 2009 5088 Bad.,
2033 5042 2170 5079 com-

594 5102 900 5153 munionem.

669 5182 689 5208 ο
725 5172 812 5225 Sic
838 5168 1023 5233 Corb.,
1054 5166 1175 5219 Bec.
1206 5174 1259 5219 et
1287 5164 1443 5228 Bell.,
1472 5172 1526 5218 et
1570 5174 1717 5219 recte
1763 5163 2010 5233 quidem;
2045 5181 2168 5219 nam

594 5241 860 5293 scribente
888 5237 1144 5307 Gregorio
1166 5237 1337 5289 adhuc
1361 5237 1410 5288 in
1442 5236 1574 5287 vivis
1599 5247 1733 5307 erat,
1758 5251 1875 5304 qua:
1897 5250 2038 5288 anno
2062 5236 2167 5290 6H

592 5311 854 5375 discerpta
886 5305 1167 5362 fuithditi
1220 5308 1585 5373 perseveravit;
1629 5305 1809 5369 Colb.,
1865 5308 2165 5372 permansit.

595 5378 843 5445 Sigiberti
874 5389 928 5433 et
956 5377 1326 5433 Brunechildis
1355 5378 1563 5446 nuptias
1591 5378 1878 5431 celebravit
1910 5376 2168 5432 Fortuna-

593 5457 681 5501 tus
712 5447 847 5499 libro
879 5463 952 5506 vr,
986 5462 1151 5499 carni.
1185 5448 1239 5498 ‘2.

662 5513 687 5554 ⁴
721 5515 903 5578 Corb.,
932 5517 1061 5570 Bell.
1091 5529 1143 5569 et
1176 5518 1331 5571 Freh.
1368 5536 1379 5569 :
1414 5519 1507 5579 al.,
1539 5516 1903 5578 Galsuendam,
1934 5529 1986 5570 et
2012 5516 2164 5583 infra,

590 5601 711 5642 nam
737 5584 1028 5638 Galsuenda
1060 5598 1207 5639 wlate
1242 5589 1438 5640 seniore
1467 5608 1495 5637 (ι
1527 5587 1866 5640 ΒηιηεεΙιιίιιε
1892 5597 2023 5639 eral.

668 5668 691 5695 ε
727 5657 799 5708 De
823 5656 938 5721 ejus
984 5657 1211 5721 nuptiis,
1262 5662 1614 5712 conversione
1657 5668 1707 5712 et
1760 5666 1929 5711 morte
1973 5658 2167 5711 cecinit

592 5728 917 5784 Fortunatus
945 5740 1113 5779 carm.
1144 5726 1171 5775 7
1208 5726 1325 5780 libr.
1361 5741 1427 5779 vt.

2362 4673 2381 4713 ῐ
2425 4672 2528 4728 Alii
2561 4687 2680 4725 cum
2712 4670 2867 4739 edit.,
2892 4686 3097 4739 magno.

2352 4755 2377 4792 ε
2418 4744 2550 4797 Vide
2571 4757 2728 4811 supra
2761 4756 2879 4808 cap.
2910 4740 3002 4804 25,
3033 4750 3089 4795 et
3119 4740 3340 4811 Paulum
3386 4740 3530 4793 Iliae.
3582 4742 3677 4795 lib.
3734 4759 3769 4795 ll
3800 4743 3863 4796 de

2278 4816 2453 4871 Gestis
2478 4809 2736 4880 Langob.,
2768 4827 2886 4877 cap.
2932 4812 3019 4878 10,
3054 4813 3139 4863 ubi
3169 4809 3354 4873 Chuni,
3376 4813 3461 4877 qui
3493 4820 3539 4863 et
3566 4816 3760 4865 Avare:
3787 4817 3861 4866 tli-

2278 4898 2488 4940 cuntur.
2522 4884 2765 4937 Valesius
2794 4882 2929 4935 libro
2962 4898 3013 4935 ix
3058 4882 3254 4935 llerutn
3286 4882 3527 4936 Fraucic.
3564 4882 3735 4938 fusius
3764 4893 3867 4953 agit

2276 4958 2344 5011 de
2375 4955 2577 5009 Chunis
2610 4953 2891 5017 Avaribus,
2928 4968 3087 5017 quem
3119 4955 3363 5006 consule.

2344 5028 2372 5063 ἰ
2412 5028 2545 5079 Cod.
2572 5025 2785 5092 Regnn,
2819 5023 2984 5090 foedus
3010 5023 3144 5075 iniit.

2351 5096 2363 5133 ί
2410 5098 2497 5150 Sic
2528 5094 2687 5149 Corb.
2720 5102 2773 5145 et
2807 5093 2925 5146 Bec.
2975 5109 3095 5145 cum
3142 5092 3297 5146 editis
3345 5092 3582 5160 aliquot;
3641 5094 3852 5163 Regnu,

2271 5166 2574 5239 Garganus;
2602 5165 2712 5239 alii,
2742 5163 3015 5239 Chagnnus
3041 5172 3131 5216 aut
3154 5163 3410 5232 (laganus.
3446 5163 3555 5217 Mos
3588 5166 3674 5239 hic
3719 5167 3860 5219 llun-

2273 5241 2354 5292 nis
2380 5234 2669 5305 peculiaris
2696 5248 2801 5287 non
2851 5234 2967 5295 luit,
3003 5244 3057 5286 ut
3085 5248 3283 5306 omne:
3319 5249 3450 5306 SIIIB_
3474 5238 3650 5301 gentis
3709 5251 3860 5306 reges

2270 5302 2407 5362 idem
2442 5322 2632 5360 nomen
2669 5309 2887 5358 ferrent.
2928 5306 3014 5358 Sic
3043 5307 3171 5356 olim
3221 5302 3453 5373 Aigyptii
3486 5321 3640 5373 reges
3689 5302 3860 5374 primo

2278 5379 2601 5436 Pharaoncs,
2636 5385 2745 5428 tum
2790 5374 3055 5427 Ptolemaei
3086 5376 3257 5427 vocati
3299 5386 3444 5434 sunt.
3480 5376 3660 5430 Persa:
3702 5381 3859 5430 Arsa.

2274 5450 2427 5511 cidae,
2461 5446 2813 5500 Athenienses
2858 5444 3185 5511 Cecropidis,
3236 5443 3517 5510 z‘Ethiopes
3556 5445 3858 5508 Caudaces,

2274 5516 2603 5587 Langobardi
2665 5516 2852 5587 Flavii,
2880 5527 3031 5587 Aetc.,
3064 5524 3139 5587 _ut
3183 5515 3422 5587 Caesares
3465 5525 3521 5569 et
3589 5522 3860 5585 Augustos

2272 5584 2696 5657 praetermittam.
2740 5586 2829 5640 Sic
2878 5584 3034 5639 hodie
3064 5584 3352 5655 Presbyter
3379 5584 3618 5643 Joannes
3665 5584 3859 5643 dicitur

2273 5675 2363 5715 rex
2394 5658 2728 5727 Ethiopum,
2759 5665 2862 5711 etc.
