3994 6194
168 182 258 237 ":95

1152 185 1462 241 HISTORIA
1503 179 1946 238 FRANCORUM.
1987 181 2186 236 LIBER
2223 179 2544 246 QUARTUS

3311 178 3414 235 294

241 299 392 353 XXX.
432 299 755 369 Sigibertus
781 315 912 357 vero
940 315 1030 355 rex
1063 301 1422 355 Arelatensem
1451 299 1633 353 urbem
1654 313 1743 353 ca-
1768 301 1817 364 Α
1846 297 1946 351 sibi
1977 311 2290 364 propinquo,
2319 310 2436 348 cum
2466 294 2790 354 hominibus,
2825 293 3086 358 ecclesiis,
3119 295 3415 364 opibusque

203 406 298 459 pere
319 393 559 458 cupiens,
606 393 889 444 Arvernos
930 391 1250 445 commoveri
1301 391 1574 456 praecepit.
1625 390 1752 442 Erat

213 483 333 556 170
357 482 499 536 enim
533 489 667 534 tunc
706 479 979 533 Firminus
1033 495 1214 534 comes
1261 478 1405 533 urbis
1451 479 1613 545 illius,
1664 480 1750 546 qni

217 591 308 630 cum
330 573 452 642 ipsis
479 572 535 625 in
567 571 746 639 capite
776 570 924 624 abiit.
957 570 1058 625 Sed
1091 578 1144 622 et
1191 569 1258 623 de
1308 569 1408 622 alia
1459 578 1608 632 parte
1645 569 1753 621 Au-

214 664 427 718 douarius
455 671 480 696 ι
509 676 634 715 cum
679 661 919 713 exercitu
944 659 1177 720 advenit,
1215 658 1542 726 ingressique
1571 658 1750 710 urbem

214 752 576 811 Arelatensem,
625 758 958 802 sacramenta
987 763 1082 816 pro
1123 758 1274 816 parte
1320 746 1565 816 Sigiberti
1614 747 1752 815 regis

206 857 490 914 exegerunt.
507 842 660 909 Quod
684 841 1248 895 cumGuntchramnus
1269 854 1361 892 rex
1383 839 1748 906 comperisset,

203 935 390 989 Celsum
407 934 692 1001 patricium
703 946 823 984 cum
837 931 1068 984 exercitu
1087 931 1212 984 illuc
1231 929 1440 998 dirigit:
1469 930 1555 1002 qui
1568 928 1753 982 abiens

199 1023 536 1091 Avennicam|
570 1017 934 1090 Avenionem]
979 1020 1162 1073 urbem
1210 1018 1441 1072 abstulit.
1484 1019 1753 1072 Accedens

197 1122 357 1165 autem
388 1112 691 1174 Arelatem,
722 1121 776 1162 et
803 1109 1006 1162 vallans
1044 1123 1180 1172 eam,
1213 1110 1523 1178 impugnare
1551 1108 1754 1161 excrci-

197 1212 298 1256 tutn
325 1202 604 1271 Sigiberti,
645 1200 736 1268 qui
763 1199 897 1254 infra
926 1213 1106 1252 muros
1144 1199 1537 1262 continebatur,
1568 1198 1748 1263 cmpit.

198 1295 334 1347 Tunc
358 1292 644 1348 Sabaudus
670 1292 951 1360 episcopus
980 1290 1112 1343 dixit
1149 1289 1214 1342 ad
1252 1303 1345 1342 eos
1375 1306 1388 1340 :
1425 1288 1751 1357 Egredimiui

197 1387 344 1450 foras,
371 1396 424 1439 et
466 1384 597 1437 inite
636 1394 926 1446 certamen,
957 1383 1075 1450 quia
1107 1395 1212 1433 non
1241 1380 1483 1448 poteritis
1511 1379 1610 1432 sub
1639 1395 1754 1433 mu-

194 1492 360 1560 roqum
392 1476 741 1530 conclusione
768 1475 1041 1542 degentes,
1073 1487 1246 1542 neque
1268 1486 1385 1536 nos,
1411 1487 1580 1540 neque
1609 1471 1753 1524 urbis

193 1568 337 1621 istius
362 1565 610 1634 subjecta
648 1564 954 1619 defendere.
985 1564 1135 1628 Quod
1165 1564 1210 1617 si
1238 1578 1330 1617 vos
1381 1563 1488 1616 Deo
1528 1563 1752 1632 propitio

1852 403 1914 442 ac
1933 387 2175 440 domibus
2212 387 2262 438 in
2294 385 2512 438 fluvium
2554 385 2678 446 ruit.
2711 384 3037 453 exclusoque
3076 387 3245 437 amnis
3273 385 3413 437 illius

1853 477 2049 542 littore,
2071 491 2204 545 aqua
2235 485 2524 530 retrorsum
2570 475 2736 543 petiit.
2775 474 2944 529 Locus
2990 475 3185 528 etenim
3236 474 3325 528 ille
3349 474 3416 527 ab

1852 578 2075 637 utraque
2108 576 2256 636 parte
2286 581 2314 620 a
2345 565 2612 620 montibus
2638 566 2918 620 conclusus
2959 577 3095 630 erat,
3127 565 3263 618 inter
3287 579 3382 633 qur
3407 592 3415 605 -

1851 674 1967 711 rum
1997 657 2270 728 angustias
2310 667 2519 712 torrens
2557 656 2763 710 deﬂuit.
2814 657 3081 710 lnundans
3105 671 3230 722 ergo
3261 670 3414 723 snpe-

1852 754 2044 806 I'ioreln
2085 765 2308 819 partem,
2335 766 2451 819 quzn
2481 751 2607 816 ripte
2637 750 2892 803 insidebat
2921 747 2979 811 ⁸³,
3012 749 3217 814 cperuit
3261 760 3419 813 atque

1851 841 2066 895 delevit.
2097 841 2439 895 Accumulata
2469 840 2611 892 enim
2655 855 2791 908 aqua
2840 853 3121 899 erumpens
3149 839 3417 895 deorsum.

1853 932 2155 999 inepinatos
2200 931 2473 997 reperiens
2524 930 2784 991 homines,
2827 939 2884 982 ut
2928 930 3156 996 desuper
3203 927 3419 989 fecerat,

1854 1025 1997 1092 ipsos
2040 1023 2302 1087 enecavit,
2347 1023 2534 1077 domos
2563 1022 2774 1085 evertit,
2819 1021 3056 1090 jumenta
3098 1020 3314 1082 delevit,
3366 1026 3422 1074 et

1854 1131 1969 1184 quae
1999 1123 2189 1170 cuocta
2233 1113 2500 1167 littoribus
2540 1114 2644 1166 illis
2674 1113 3002 1173 insidebant,
3047 1127 3213 1178 usque
3240 1111 3305 1164 ad
3331 1111 3419 1165 Je-

1857 1208 2050 1260 nubam
2089 1205 2104 1242 ί
2137 1206 2425 1269 civitatem,
2447 1205 2680 1259 violenta
2707 1214 2867 1274 atque
2883 1204 3054 1257 subita
3078 1202 3420 1256 inundatione

1856 1298 2077 1364 diripuit
2109 1307 2266 1365 atque
2311 1297 2588 1350 subvertit.
2632 1296 2878 1348 Traditur
2922 1310 2952 1347 a
2996 1295 3175 1347 multis
3221 1303 3416 1346 tantam

1854 1389 2153 1459 congeriem
2202 1387 2328 1441 inibi
2359 1403 2506 1455 aqum
2547 1386 2740 1451 fuisse,
2775 1395 2831 1439 ut
2861 1386 2910 1439 in
2939 1387 3254 1439 antedictam
3293 1386 3420 1437 rivi-

1857 1488 2025 1532 tatem
2053 1493 2210 1545 super
2234 1492 2412 1530 muros
2450 1477 2829 1546 ingrederetur.
2877 1477 3025 1541 Quod
3063 1477 3279 1530 dubium
3313 1493 3416 1528 non

1855 1581 1954 1635 est,
1983 1571 2131 1639 quia,
2177 1579 2235 1624 ut
2263 1571 2508 1634 diximus,
2551 1570 2834 1624 lihodauus
2883 1571 2934 1624 in
2966 1570 3094 1625 locis
3125 1571 3230 1625 illis
3282 1570 3419 1624 inter

194 1659 302 1710 illus
337 1655 647 1718 devincitis,
689 1669 785 1707 uos
815 1655 970 1706 fidem
1007 1669 1163 1722 quam
1204 1653 1539 1720 promisimus
1568 1662 1746 1706 custo-
1781 1662 1826 1720 Β
1852 1662 2118 1730 angustias
2151 1661 2405 1714 montium
2435 1661 2638 1722 deﬂuit,
2668 1675 2764 1714 nec
2795 1660 2975 1714 habui;
3007 1663 3060 1714 in
3086 1661 3270 1725 latere,
3297 1677 3417 1715 cum

190 1751 388 1804 diemus
420 1765 437 1801 :
464 1749 510 1801 si
540 1760 668 1801 vero
696 1746 770 1800 ἰιιὶ
810 1757 992 1799 contra
1024 1761 1119 1799 vos
1149 1746 1486 1808 invaluerint,
1518 1759 1645 1800 ecce
1673 1760 1758 1799 re-

192 1851 386 1896 seratas
435 1840 718 1908 reperietis
762 1850 975 1906 portas;
1010 1838 1340 1906 ingredimini
1385 1852 1450 1892 ne
1504 1837 1751 1906 pereatis.

195 1933 294 1986 lloc
317 1933 390 1985 illi
419 1931 549 1986 dolo
579 1929 772 1995 delusi,
800 1930 998 1998 egressi
1028 1931 1168 1982 foras
1200 1929 1394 1984 bellum
1426 1938 1639 1998 parant;
1663 1929 1754 1982 sed

193 2028 415 2096 superati
445 2028 520 2080 ab
547 2037 786 2080 exercitu
817 2023 977 2087 Celsi,
1011 2023 1185 2090 fugam
1221 2023 1422 2085 ineunt,
1457 2023 1758 2076 venientes-

194 2136 287 2189 que
309 2120 372 2172 ad
402 2119 618 2182 urbem,
663 2127 840 2184 portas
889 2116 1163 2183 reperiunt
1192 2113 1488 2168 obseratas.
1524 2112 1551 2150 ι)
1597 2113 1759 2168 Cum-

195 2228 289 2280 que
311 2211 583 2266 exercitus
621 2224 648 2260 a
682 2220 830 2274 tergo
851 2207 1042 2273 jaculis
1068 2206 1313 2260 feriretur
1345 2216 1400 2271 ε,
1432 2205 1756 2273 operiretur-

198 2317 292 2371 que
321 2300 585 2370 lapidibus
617 2299 683 2352 ab
705 2299 941 2360 urbanis,
971 2297 1034 2349 ad
1061 2312 1269 2350 amnem
1298 2296 1606 2350 Rhodanum
1632 2296 1758 2349 diri-

199 2401 541 2465 gunt,tbique
592 2400 792 2462 parmis
839 2392 1179 2461 superposuti,
1231 2390 1534 2444 ulteriorem
1587 2388 1754 2454 ripam

207 2495 465 2554 expetunt.
485 2485 592 2540 Sed
618 2483 814 2538 multos
840 2498 902 2536 ex
936 2482 1018 2535 his
1048 2478 1298 2534 violentia
1328 2479 1499 2531 amnis
1526 2478 1760 2542 direptas

205 2577 449 2640 caecavit,
481 2575 710 2643 fecitque
741 2572 1027 2626 Rhodanus
1048 2583 1170 2624 tunc
1213 2572 1488 2632 Arvernis,
1516 2569 1655 2638 quod
1684 2568 1760 2622 fe-

205 2668 330 2723 cisse
351 2665 617 2736 quondam
649 2664 848 2719 Simois
877 2659 903 2697 ά
939 2662 1130 2732 legitur
1159 2661 1225 2716 de
1247 2658 1491 2728 Trojauis
1515 2675 1530 2712 ;

969 2832 978 2849 .
1011 2832 1026 2846 .
1064 2833 1078 2846 .
1107 2833 1121 2846 .
1153 2831 1168 2846 .
1200 2791 1454 2858 Correpla
1483 2793 1580 2845 sub
1606 2791 1760 2845 undis

274 2866 420 2920 Scuta
455 2864 984 2934 virum,-galeasquc,
1012 2874 1064 2917 et
1105 2864 1258 2917 fortia
1290 2878 1510 2930 corpora
1540 2862 1720 2916 volvit.

279 2940 533 3006 Appareut
569 2940 674 2991 rari
708 2949 895 2990 nantes
931 2937 980 2986 in
1007 2935 1210 3006 gurgite
1230 2946 1403 3006 ἕως),

1003 2999 1174 3075 (Virg.
1206 3002 1420 3057 IEneid.
1450 3003 1542 3058 lib.
1568 3001 1633 3071 ι.)

221 3115 305 3179 Qui
331 3117 406 3170 vix
433 3115 668 3176 natandi,
694 3123 752 3168 Iit
788 3114 1038 3176 diximus,
1068 3114 1323 3182 impulsu,
1349 3128 1758 3180 parmarumque

222 3207 362 3274 adjuti
387 3207 727 3271 adminiculo,
762 3205 954 3258 littoris
990 3204 1207 3257 alterius
1257 3206 1412 3272 plana
1451 3213 1760 3271 contingere

223 3297 604 3363 potuerunt.Qui
629 3295 808 3348 nudati
843 3310 871 3346 a
887 3295 1062 3359 rebus,
1085 3297 1150 3347 ab
1172 3293 1438 3362 equitibus
1461 3291 1565 3362 [ΑΙ.
1588 3292 1758 3364 equis]

224 3381 446 3447 destituti,
493 3401 596 3439 non
627 3385 742 3438 sine
793 3383 977 3452 grandi
1013 3383 1329 3437 contumelia
1361 3382 1544 3451 patria:
1608 3385 1761 3437 resti-

225 3474 442 3528 tutisunt.
467 3475 701 3529 Firmino
717 3483 888 3529 tamen
913 3483 934 3510 θ
960 3474 1328 3528 etAudonario
1347 3475 1652 3528 discedendi
1675 3476 1757 3529 via

227 3560 400 3618 indulta
430 3573 528 3620 est.
559 3567 704 3619 Multi
735 3567 810 3618 ibi
851 3576 974 3619 tunc
1003 3567 1100 3619 viri
1132 3581 1196 3618 ex
1225 3568 1500 3630 Arvernis,
1537 3583 1640 3620 non
1671 3584 1757 3621 so-

225 3655 319 3708 lum
356 3659 594 3712 torrentis
625 3659 823 3726 impetu
856 3657 1012 3723 rapti,
1053 3671 1234 3709 verum
1267 3657 1424 3709 etiam
1464 3658 1757 3725 gladiorum

224 3747 390 3802 ictibus
413 3761 532 3804 sunt
581 3750 853 3818 prostrati.
891 3749 1041 3818 171
1089 3750 1166 3802 Ac
1210 3748 1286 3800 sic
1332 3749 1760 3802 Gumehramnus

223 3854 311 3894 rex
339 3853 534 3910 recepta
565 3843 696 3896 urbe
723 3843 830 3905 illa,
855 3841 1008 3910 juxta
1041 3842 1478 3895 consuetudinem
1509 3844 1761 3897 bonitatis

223 3941 339 3994 suae,
368 3933 685 3986 Avennicam
715 3931 1006 3985 ditionibus
1039 3931 1214 3986 fratris
1245 3930 1262 3968 ί
1295 3932 1376 3986 sui
1408 3936 1654 3988 restituit.

284 4019 456 4076 XXXI.
497 4023 732 4092 lgiturin
780 4021 967 4076 Galliis
1000 4037 1245 4090 maguum
1305 4023 1595 4092 prodig-ium
1627 4034 1650 4072 ι
1695 4025 1762 4080 de

223 4107 513 4167 Taurednno
542 4124 717 4168 castro
759 4114 1033 4181 apparuit,
1075 4114 1214 4182 quod
1261 4128 1419 4184 super
1445 4116 1760 4170 Rhodanum

221 4201 413 4257 ﬂuvium
442 4207 491 4258 in
519 4215 698 4260 monte
721 4207 1039 4260 collocatum
1065 4216 1196 4258 erat.
1231 4207 1332 4273 Qui
1363 4223 1482 4262 cum
1519 4223 1613 4276 per
1642 4211 1756 4264 dies

219 4296 427 4362 amplius
452 4299 721 4366 sexaginta
747 4297 932 4352 nescio
970 4313 1129 4366 quem
1159 4300 1413 4368 uiugitum
1445 4301 1614 4365 daret,
1642 4309 1762 4355 tan-

1858 1750 1951 1804 fuit
1977 1752 2240 1813 exclusus,
2264 1765 2368 1819 quo
2390 1765 2447 1804 se
2473 1750 2759 1804 diverteret
2781 1765 2797 1804 :
2823 1761 3250 1820 commotumque
3274 1767 3425 1804 mon-

1856 1851 1961 1896 tem
1997 1843 2084 1911 qui
2117 1841 2463 1895 descenderat
2489 1841 2727 1895 adscmel
2769 1841 2966 1911 erupit,
2998 1853 3053 1896 et
3105 1844 3182 1896 sic
3229 1851 3420 1896 cuncta

1857 1931 2068 1986 delevit.
2103 1931 2252 1997 Quod
2277 1946 2394 1986 cum
2440 1931 2630 1985 factum
2662 1931 2865 1995 fuisset,
2899 1934 3110 2002 triginta
3156 1935 3423 1996 monachi,

1855 2023 1996 2077 unde
2038 2035 2270 2077 castrum
2322 2033 2502 2076 ruerat
2545 2023 2893 2088 advenerunt,
2943 2032 2998 2077 et
3027 2034 3218 2078 terram
3251 2025 3425 2089 illam,

1855 2130 1974 2185 quae
2015 2123 2195 2170 monte
2223 2116 2466 2169 diruente
2498 2124 2851 2180 remanserat,
2884 2113 3162 2179 fodientes,
3201 2131 3275 2170 res
3317 2117 3426 2170 sive

1857 2208 2056 2262 ferrum
2081 2208 2375 2277 reperiunt.
2406 2207 2555 2274 Quod
2579 2207 2706 2260 dum
2734 2216 2970 2274 agerent,
2997 2208 3250 2276 mugitum
3277 2223 3428 2260 meu-

1861 2298 1950 2360 tis,
1982 2305 2038 2351 ut
2067 2299 2214 2365 prius
2257 2297 2448 2362 fuerat,
2475 2296 2779 2350 audierunt.
2803 2295 2906 2351 Sed
2943 2296 3061 2348 'lum
3091 2311 3118 2348 ει
3158 2311 3294 2350 saeva
3337 2313 3429 2350 cn-

1864 2391 2088 2460 piditate
2115 2389 2435 2452 retinentur,
2467 2404 2590 2457 pars
2647 2389 2734 2442 illa
2786 2403 2904 2457 qua:
2947 2389 3177 2443 nondum
3234 2401 3429 2454 ruerat,

1866 2484 2018 2553 172
2065 2496 2225 2548 super
2254 2497 2346 2535 eos
2374 2480 2585 2545 cecidit,
2619 2482 2996 2547 quos.operuit
3025 2487 3182 2547 atque
3212 2480 3430 2534 interfe-

1859 2576 1954 2637 cit,
1987 2587 2084 2626 nec
2135 2572 2272 2625 ultra
2301 2572 2499 2624 inventi
2531 2581 2672 2624 sunt.
2721 2570 2973 2625 Similiter
3001 2581 3055 2624 et
3081 2579 3202 2624 ante
3227 2573 3428 2624 rtadem

1859 2663 2174 2727 Arvernam,
2203 2675 2388 2728 magna
2419 2662 2692 2729 regiooem
2741 2659 2880 2712 illam
2937 2658 3170 2727 prodigia
3221 2673 3427 2714 terrue-

1861 2761 2004 2807 runt.
2034 2752 2164 2806 Nam
2211 2753 2523 2820 plerumque
2569 2760 2680 2804 tres
2710 2760 2800 2803 aut
2847 2761 3074 2819 quatuor
3116 2753 3430 2818 spleudoies

1863 2845 2040 2914 magni
2082 2845 2224 2898 circa
2267 2844 2433 2896 solem
2482 2851 2863 2910 apparuerunt,
2897 2857 3030 2908 quos
3061 2843 3239 2895 rustici
3289 2842 3430 2896 soles

1862 2936 2145 3001 vocabant,
2175 2935 2414 2987 dicentes
2447 2950 2459 2985 :
2509 2934 2642 2986 Ecce
2678 2944 2782 2985 tres
2822 2933 2900 2985 vel
2956 2943 3180 3001 quatuor
3206 2936 3345 2988 soles
3375 2936 3426 2988 in

1785 3021 1830 3082 C
1861 3027 2018 3082 coelo.
2062 3026 2294 3091 Quadam
2330 3034 2502 3078 tamen
2542 3025 2658 3078 vice
2706 3025 2756 3076 iu
2805 3023 3039 3077 kalendis
3087 3024 3427 3089 Octobribus,

1862 3118 1935 3172 ita
1963 3116 2042 3170 sol
2070 3116 2380 3169 obscuratus
2423 3116 2684 3183 apparuit,
2739 3127 2793 3166 ιιι
2834 3127 2930 3166 nec
2977 3123 3161 3181 quarta
3211 3114 3422 3182 quidem

1860 3221 1983 3276 pars
2005 3206 2055 3259 in
2093 3206 2278 3260 eodem
2305 3205 2485 3258 lucens
2511 3212 2828 3269 remaneret,
2857 3204 2948 3256 sed
2977 3216 3109 3257 teter
3139 3215 3296 3271 atque
3327 3207 3424 3258 des

1862 3301 2012 3353 color
2067 3313 2352 3367 apparens,
2411 3298 2561 3366 quasi
2614 3310 2800 3350 saccus
2850 3296 3141 3348 videbatur.
3191 3298 3320 3350 Nam
3377 3309 3432 3352 et

1860 3389 2036 3450 stella,
2085 3402 2243 3456 quam
2275 3385 2488 3454 quidam
2523 3396 2786 3440 cometem
2819 3394 3028 3452 vocant,
3063 3387 3262 3439 radium
3311 3399 3426 3440 tau-

1861 3495 2016 3549 quam
2042 3479 2272 3546 gladium
2315 3479 2532 3539 habens,
2563 3491 2722 3545 super
2748 3476 3015 3543 regionem
3045 3476 3183 3528 illam
3224 3493 3316 3544 per
3338 3495 3432 3530 au-

1863 3584 1985 3622 num
2013 3570 2270 3638 integrum
2299 3568 2564 3636 apparuit,
2607 3577 2659 3621 et
2686 3567 2878 3621 cadum
2920 3567 3107 3620 ardere
3133 3583 3301 3621 visum
3329 3579 3428 3631 est,

1861 3669 1916 3715 et
1945 3661 2106 3714 multa
2148 3661 2251 3713 alia
2283 3661 2430 3728 signa
2482 3674 2796 3727 apparuere.
2831 3659 2887 3712 In
2915 3659 3132 3712 ecclesia
3163 3675 3290 3713 vero
3332 3662 3430 3712 Ar-

1862 3767 2042 3818 verna,
2073 3752 2200 3806 dum
2249 3751 2523 3805 matutina:
2551 3752 2951 3805 celebrarentur
2980 3751 3168 3814 vigilia:
3201 3753 3250 3803 in
3297 3769 3428 3817 qua-

1861 3843 1981 3898 dam
2043 3839 2349 3906 festivitate,
2395 3845 2507 3894 avis
2559 3842 2840 3910 corydalus
2877 3845 2921 3904 l,
2981 3856 3136 3908 quam
3189 3841 3429 3896 alauuam

1863 3951 2132 4000 vocamus,
2166 3937 2425 4004 ingressa,
2459 3934 2633 3986 omnia
2682 3933 2957 3985 luminaria
2999 3947 3118 4000 quae
3161 3932 3428 4002 Iacebant,

1863 4026 1967 4080 alis
1994 4026 2344 4095 superpositis
2382 4025 2431 4077 in
2463 4033 2607 4076 tanta
2638 4025 2915 4077 velocitate
2944 4022 3216 4087 exstinxit,
3247 4033 3301 4075 ut
3333 4041 3430 4093 pu-

1864 4124 2007 4171 tares
2037 4132 2098 4171 ea
2124 4116 2175 4172 in
2208 4119 2360 4169 unius
2392 4115 2620 4168 hominis
2650 4130 2806 4167 manu
2849 4115 3038 4182 positi,
3085 4128 3217 4182 aqua
3261 4113 3427 4172 fuisse

1864 4212 2137 4265 submersa
2171 4227 2184 4264 :
2218 4208 2270 4262 in
2297 4208 2529 4262 sacrario
2555 4207 2736 4260 autem
2759 4208 2856 4261 sub
2885 4208 3004 4260 velo
3033 4207 3320 4264 transiens.
3353 4209 3430 4261 ci-

1865 4301 2134 4355 cindelum
2164 4301 2187 4335 κ
2217 4298 2553 4368 exstinguere
2578 4299 2765 4361 voluit,
2792 4299 2884 4352 sed
2913 4299 2980 4354 ab
3004 4301 3235 4355 ostiariis
3267 4299 3433 4369 pI’0llI1

217 4383 328 4437 dem
355 4387 546 4442 scissus
573 4397 729 4457 atque
758 4397 1033 4455 separatus
1063 4403 1217 4441 mons
1245 4389 1332 4442 ille
1358 4389 1424 4443 ab
1449 4391 1553 4444 alio
1583 4401 1762 4445 monte
1792 4390 1842 4448 D
1866 4391 1973 4446 bita
2001 4400 2160 4460 atque
2186 4389 2359 4443 occisa
2390 4397 2488 4444 est.
2536 4388 2720 4444 Simile
2750 4399 2804 4443 et
2829 4389 2886 4444 in
2918 4391 3131 4447 basilica
3161 4392 3299 4447 beati
3323 4395 3431 4446 An-

282 4554 307 4584 ⁸
341 4546 427 4603 Sic
452 4559 554 4600 vet.
581 4562 710 4601 mss.
733 4563 746 4607 ;
771 4545 989 4617 Regm.,
1018 4547 1350 4616 Adovagrius.
1383 4548 1540 4615 Editi,
1565 4553 1773 4603 Adoua-

214 4616 333 4670 rim.
365 4628 451 4670 attt
480 4618 818 4670 Eudouarius.

283 4635 333 4682 η,
365 4635 451 4670 aut
480 4635 818 4672 euaouartus.

283 4686 307 4723 ι»
343 4688 465 4754 Qua:
494 4697 784 4756 sequuntur
813 4701 978 4755 usque
1011 4686 1121 4741 fere
1150 4687 1213 4740 ad
1245 4687 1400 4742 linem
1431 4703 1547 4756 cap.
1577 4689 1644 4744 58
1672 4689 1768 4746 de-

213 4766 327 4810 sunt
345 4761 394 4811 in
428 4758 610 4825 Regni.

283 4838 303 4864 ε
341 4829 551 4894 Aliquot
581 4841 707 4880 mss.
740 4842 862 4881 cum
889 4827 996 4888 ed.,
1032 4825 1306 4894 falleretur.

280 4895 304 4933 ά
343 4898 556 4951 Fluvius
583 4907 662 4950 est
693 4897 916 4950 Troadis
935 4912 997 4949 ex
1023 4898 1107 4948 lna
1133 4907 1310 4951 monte
1330 4895 1584 4967 defluens,
1609 4897 1766 4955 hodie

212 4981 239 5018 a
267 4967 447 5022 Turcis
475 4968 668 5022 dicitur
701 4967 945 5030 Chisime,
977 4968 1030 5020 in
1063 4968 1284 5036 Phrygia
1315 4973 1538 5021 minore.

282 5049 303 5075 ⁸
345 5040 477 5092 Editi
509 5041 741 5106 quidam,
782 5037 1073 5089 Firmino...
1105 5047 1323 5103 tantum,
1353 5047 1406 5091 et
1434 5039 1570 5092 infra
1605 5039 1768 5094 Corb.

209 5121 260 5163 et
289 5110 509 5172 Bellov.,
541 5108 720 5179 Magni
743 5108 812 5159 ibi
851 5118 967 5179 tunc
988 5109 1097 5179 viri.

281 5179 298 5217 ι
339 5181 427 5236 Sic
452 5192 584 5232 mss.
615 5177 850 5232 omnes:
899 5177 1135 5246 plerique
1180 5187 1354 5232 tamen
1401 5177 1526 5232 editi
1574 5178 1771 5234 habent

237 5253 382 5304 atris.

237 5270 382 5304 αιτιε.

204 5270 234 5319 Ρ
274 5333 298 5370 ε
339 5321 437 5375 llic
483 5319 630 5374 locus
657 5317 879 5374 omnino
925 5317 1214 5370 illustratur
1255 5334 1319 5372 ex
1373 5317 1518 5372 Marii
1551 5319 1768 5372 Aventi-

202 5393 374 5446 rensis
404 5391 668 5444 Chronico
692 5388 780 5442 ubi
811 5387 878 5440 de
902 5387 1086 5440 eadem
1127 5403 1187 5442 re
1215 5389 1292 5442 sic
1334 5388 1564 5457 loquitur
1594 5404 1609 5442 :
1653 5387 1768 5440 Hoc

198 5480 333 5517 anno
369 5458 522 5529 (565)
551 5477 693 5512 mons
738 5459 938 5511 validus
981 5457 1372 5510 Tauretunensis
1419 5459 1470 5509 in
1517 5461 1767 5510 territorio

211 5532 428 5586 Vallmsi
465 5533 535 5584 ita
560 5533 723 5583 subito
754 5530 877 5588 ruit,
916 5536 970 5579 ut
996 5538 1217 5581 castrum
1239 5529 1318 5580 cui
1348 5529 1538 5580 vicinus
1569 5537 1695 5588 erat,
1719 5538 1767 5580 et

200 5606 330 5658 vicos
351 5620 465 5656 cum
499 5603 724 5656 omnibus
753 5600 824 5656 ibi
868 5599 1207 5654 habitantibus
1233 5599 1579 5669 Oppressissct,
1609 5609 1652 5652 et
1684 5598 1763 5652 la-

1879 4564 1991 4601 cum
2017 4565 2070 4600 in
2098 4547 2411 4617 longitudine
2441 4545 2508 4600 60
2533 4546 2746 4600 millium
2765 4557 2811 4601 et
2839 4549 3103 4605 latitudine
3122 4552 3191 4604 2)
3219 4556 3432 4609 millium

1875 4621 1946 4672 ita
1973 4629 2129 4670 totum
2159 4619 2327 4682 movit,
2359 4627 2411 4669 ut
2452 4634 2674 4684 egressus
2719 4630 2926 4686 utraque
2964 4626 3077 4688 ripa
3120 4625 3252 4677 vicos
3299 4629 3434 4678 anti-

1871 4691 2138 4758 quissimos
2167 4703 2280 4739 cum
2309 4688 2594 4740 hominibus
2623 4698 2667 4740 et
2691 4695 2948 4755 pecoribus
2986 4701 3242 4756 castorea,
3277 4697 3431 4749 ciam

1873 4764 2033 4810 multa
2062 4770 2380 4830 sacrosancta
2411 4761 2519 4809 loca
2549 4775 2660 4810 cum
2679 4761 2751 4811 eis
2778 4763 3103 4815 servientibus
3123 4764 3428 4830 demoliti-set,

1873 4839 1922 4879 et
1952 4836 2155 4898 pontem
2185 4825 2520 4890 Genavacum,
2545 4829 2758 4881 molinae
2787 4839 2833 4882 et
2861 4829 3085 4883 homines
3109 4848 3196 4898 per
3218 4834 3312 4884 vim
3339 4825 3428 4887 de;

1858 4899 2004 5032 iecit,
2037 4905 2082 4950 et
2103 4894 2307 4948 Genava
2333 4899 2530 4950 civitate
2558 4899 2816 4966 ingressus
2843 4901 3013 4969 plures
3035 4894 3255 4953 homines
3277 4903 3432 4956 inter-

1891 4981 2003 5020 erit.

1891 4981 2003 5020 εειι.

1943 5036 1966 5073 δ
2011 5036 2251 5104 Plerique
2278 5035 2423 5097 editi,
2455 5035 2756 5088 insidebant.

1950 5106 1964 5142 ί
2009 5108 2097 5160 Sic
2124 5107 2283 5159 Corb.
2313 5115 2367 5157 et
2397 5107 2527 5157 Bell.
2563 5105 2697 5156 Ediii
2729 5105 2960 5173 plerique
3004 5123 3120 5160 cum
3156 5109 3296 5170 εἶρε..
3328 5109 3428 5166 Ja-

1874 5177 2252 5247 nobatholb.
2295 5186 2346 5247 et
2369 5176 2586 5247 (ibesn.,
2615 5173 2862 5247 Genuam.
2893 5177 2994 5228 Sed
3025 5179 3106 5229 hic
3137 5179 3427 5247 Geltevam,

1875 5245 2265 5319 vulgouGenéve,
2297 5245 2556 5319 designari
2601 5244 2932 5319 manifestum
2978 5258 3087 5311 est;
3138 5259 3191 5302 et
3216 5244 3426 5319 quidem

1872 5320 1922 5370 id
1948 5312 1997 5369 in
2030 5315 2278 5377 Vallensi,
2309 5315 2354 5366 le
2389 5312 2578 5373 Valais,
2604 5314 2842 5382 Contigit.

1943 5388 1956 5435 t'
2005 5385 2161 5440 Corb.
2195 5395 2249 5438 et
2270 5386 2416 5447 Bec.,
2450 5383 2767 5437 Coredallus.
2793 5383 2968 5449 Colb.,
3004 5386 3328 5443 Coradullas.
3363 5392 3427 5445 V.

1869 5456 2212 5510 Altescrram.

1943 5525 1967 5563 ¹ί
2007 5526 2095 5581 Sic
2122 5525 2279 5581 Corb.
2312 5536 2365 5578 et
2399 5523 2524 5577 Bell.
2559 5524 2657 5577 Alii
2689 5534 2742 5577 et
2769 5526 3005 5594 plerique
3029 5529 3180 5592 editi,
3207 5532 3427 5583 Cicinde-

1869 5597 1987 5651 lem.
2017 5597 2201 5654 Nostra
2236 5599 2390 5651 lectio
2415 5594 2756 5649 conﬁrmatur
2784 5612 2848 5652 cx
2883 5597 2994 5651 Vita
3035 5599 3091 5655 ε.
3124 5600 3271 5670 litigii
3307 5617 3337 5652 a
3367 5602 3418 5655 ὃ.
