3994 6194
625 208 724 262 285

1613 201 1672 258 S.
1709 197 2041 257 GREGORII
2082 193 2384 250 EPISCOPI
2422 192 2850 250 TURONENSIS

3753 189 3855 245 9.96

616 323 798 376 dreze'
818 318 886 374 de
914 317 1119 390 lychnis
1149 316 1469 381 lucentibus,
1500 314 1611 369 aiis
1637 313 1740 367 alia
1760 312 1905 367 fecit.
1928 311 2044 365 Jam
2064 322 2195 363 vero
2223 308 2273 367 Α
2299 319 2392 372 per
2415 313 2707 357 orationem
2738 301 2969 357 remedia
2992 300 3319 355 conferebat.
3347 300 3446 366 Qui
3476 298 3578 354 sub
3601 298 3703 353 hoc
3727 308 3855 353 tem-

618 410 936 465 adveniente
978 411 1091 476 ipsa
1119 409 1292 473 clade,
1318 415 1461 461 tanta
1491 417 1694 475 strages
1737 405 1805 458 de
1857 402 2055 471 populo
2102 402 2193 455 illo

613 500 750 556 facta
782 509 865 556 est
889 514 982 564 per
1004 507 1167 552 totam
1206 499 1474 567 regionem
1500 496 1669 558 illam,
1695 504 1752 547 ut
1780 508 1879 548 nec
1914 491 2190 546 numerari

615 592 784 657 possit
828 602 1039 659 quantae
1068 591 1260 643 ibidem
1293 589 1581 643 ceciderint
1614 588 1871 657 legiones.
1915 585 2046 640 Nam
2070 598 2213 647 cum

636 700 722 737 atn
753 684 1013 753 sarcofagi
1041 691 1130 735 aut
1171 683 1361 735 tabulae
1388 679 1726 744 defecissent,
1763 680 1951 734 decem
1992 684 2087 732 aut
2124 690 2191 731 eo

613 776 838 843 amplius
868 774 921 828 in
967 788 1067 826 una
1096 773 1242 827 humi
1273 772 1413 827 fossa
1456 770 1871 839 sepeliebantur.
1906 769 2187 822 Numerata

612 875 930 919 suntautem
967 864 1194 932 quadam
1230 861 1498 916 Dominica
1531 862 1582 913 in
1609 873 1714 914 una
1754 857 1895 913 beati
1925 858 2064 912 Petri
2096 856 2189 911 ba-

616 956 765 1009 silica
802 953 830 992 δ
883 962 1114 1009 trecenta
1160 953 1525 1007 defunctorum
1567 965 1831 1017 corpora:
1881 957 1999 1004 erat
2046 948 2189 1003 enim

613 1054 665 1097 et
695 1044 805 1112 ipsa
836 1057 979 1096 mors
1002 1042 1195 1096 subita.
1230 1041 1359 1094 Nam
1391 1047 1647 1094 nascente
1690 1040 1739 1091 in
1771 1038 1987 1108 inguine
2014 1048 2101 1090 aut
2133 1038 2185 1091 in

615 1136 809 1189 ascella
836 1134 1051 1188 vulnere
1099 1133 1151 1187 in
1184 1134 1400 1186 modum
1430 1131 1715 1199 serpentis,
1766 1131 1837 1184 ita
1883 1129 2191 1183 inflcieban—

613 1232 697 1279 tur
727 1224 966 1278 homines
996 1224 1068 1277 illi
1097 1234 1121 1263 θ
1158 1224 1310 1294 173
1359 1238 1387 1277 a
1419 1237 1644 1289 veneno,
1681 1230 1740 1276 ut
1767 1221 1851 1275 die
1880 1222 2045 1274 altera
2090 1227 2187 1274 aut

617 1317 769 1370 tertia
800 1316 1044 1383 spiritum
1094 1315 1420 1370 exhalarent.
1473 1314 1577 1370 Sed
1636 1324 1689 1367 et
1737 1327 1953 1367 sensum
1984 1311 2065 1366 vis
2092 1311 2181 1366 illa

614 1405 801 1458 veneni
841 1403 1112 1459 auferebat
1149 1405 1214 1457 ab
1245 1405 1477 1458 homine.
1529 1404 1676 1457 'l‘unc
1706 1412 1760 1458 et
1796 1403 1931 1456 Cato
1960 1403 2183 1473 presby-

613 1508 695 1552 ter
720 1509 961 1552 mortuus
988 1506 1071 1552 est
1090 1495 1140 1551 ἀ.
1187 1497 1316 1552 Nam
1345 1513 1465 1552 cum
1497 1497 1565 1553 de
1594 1497 1692 1553 hac
1720 1498 1804 1553 lue
1848 1497 1999 1551 multi
2026 1495 2187 1564 fugis-

614 1599 753 1651 sent,
781 1590 872 1645 ille
903 1601 1078 1645 tamen
1104 1590 1354 1660 populum
1383 1590 1669 1657 sepeliens,
1698 1598 1751 1643 et
1790 1588 1973 1642 Missas
2002 1588 2186 1642 dicens

2294 411 2422 465 pure
2472 397 2590 455 luis.
2637 395 2842 449 dierum
2892 401 3049 462 atque
3102 393 3354 446 virtutum
3401 391 3592 460 plenus
3636 406 3702 443 ex
3757 392 3853 445 hoc

2294 488 2491 541 mundo
2512 497 2594 541 est
2614 495 2915 554 assumptus
2944 487 2993 538 in
3021 485 3222 552 requie.

2368 578 2524 650 ιη.
2547 583 2566 602 ⁶
2597 577 2831 631 XXXIII.
2876 576 3107 630 Transiit
3129 585 3254 630 tunc
3283 584 3338 630 et
3364 573 3529 629 abbas
3552 574 3851 628 monasterii

2293 669 2482 736 ipsius,
2495 670 2578 721 cui
2594 666 2843 723 Sunniulf
2844 681 2904 720 us
2914 664 2942 702 ιι
2954 665 3229 741 successit,
3242 666 3324 719 vir
3335 665 3495 719 totius
3509 664 3852 730 simplicitatis

2290 768 2345 815 et
2370 759 2661 813 charitatis.
2706 758 2836 812 Nam
2881 759 3192 827 plerumque
3221 758 3489 828 hospitum
3539 757 3701 827 pedes
3745 758 3850 825 ipse

2289 854 2558 916 abluebat,
2593 852 2938 921 manibusque
2982 853 3097 921 ipse
3137 851 3405 920 tergebat;
3438 865 3600 906 unum
3630 860 3849 913 tantum,

2289 945 2429 1013 quod
2460 958 2673 1016 gregem
2704 946 3046 1000 commissum
3097 960 3201 997 non
3235 946 3445 1003 timere,
3474 942 3570 997 sed
3599 943 3853 1011 supplica-

2254 1036 2436 1115 .tione
2467 1039 2705 1107 regebat.
2753 1036 2868 1107 Ipse
2912 1052 3121 1107 quoque
3151 1037 3352 1091 referre
3380 1044 3495 1090 erat
3530 1036 3737 1100 solitus,
3763 1036 3852 1089 du-

2287 1135 2428 1180 etum
2473 1143 2533 1183 se
2582 1144 2676 1197 per
2722 1130 2892 1184 visum
2922 1129 2986 1182 ad
3016 1128 3280 1196 quoddam
3311 1127 3508 1183 nomen
3542 1129 3769 1199 igneum,
3800 1128 3848 1182 in

2288 1234 2393 1289 quo
2421 1221 2488 1274 ab
2528 1237 2631 1275 una
2677 1234 2827 1290 parte
2876 1222 3068 1275 littoris
3111 1230 3496 1275 concurrentes
3538 1222 3716 1290 populi
3761 1237 3849 1275 seu

2287 1325 2414 1373 apes
2439 1312 2503 1365 ad
2532 1311 2764 1366 alvearia
2794 1313 3166 1382 mergebantur
3188 1332 3203 1365 :
3224 1322 3277 1367 et
3304 1323 3457 1367 erant
3486 1311 3577 1367 alii
3603 1328 3765 1382 usque
3786 1313 3847 1366 ad

2286 1401 2578 1473 cingulum,
2601 1402 2689 1455 alii
2709 1416 2838 1458 vero
2860 1419 3027 1470 usque
3053 1403 3119 1456 ad
3149 1402 3395 1467 ascellas,
3426 1402 3668 1457 nonnulli
3694 1415 3851 1470 usque

2287 1505 2544 1559 mentum,
2572 1495 2861 1549 clamantes
2887 1510 3005 1548 cum
3053 1494 3178 1550 lletu
3205 1508 3265 1549 se
3304 1494 3654 1551 vehementer
3682 1494 3847 1550 aduri.

2289 1585 2413 1639 Erat
2440 1588 2580 1640 enim
2603 1594 2657 1640 et
2680 1583 2801 1639 fons
2826 1600 2988 1654 super
3015 1584 3230 1639 ﬂuvium
3259 1584 3460 1653 positus
3482 1584 3556 1640 ita
3584 1592 3847 1654 angustus,

614 1684 807 1736 viritim
844 1691 899 1747 ο,
930 1698 1196 1751 nunquam
1226 1683 1291 1735 ab
1316 1696 1382 1736 eo
1413 1682 1529 1735 loco
1558 1681 1819 1736 discessit.
1866 1680 1962 1735 Hic
2001 1688 2177 1734 autem
2211 1669 2257 1728 Β
2284 1686 2339 1730 ut
2366 1677 2449 1730 vix
2475 1677 2630 1730 unius
2660 1676 2865 1746 vestigii
2888 1676 3220 1730 latitudinem
3248 1677 3484 1743 recipere
3511 1686 3715 1745 posset.
3742 1678 3847 1741 Ap-

615 1774 889 1842 presbyter
914 1774 1091 1827 multae
1123 1772 1485 1835 humanitatis,
1509 1781 1563 1826 et
1588 1774 1716 1825 satis
1737 1771 1965 1824 dilector
1987 1783 2187 1836 paupe-

615 1880 729 1920 rum
760 1866 851 1919 fuit
886 1883 899 1920 :
935 1877 991 1920 et
1026 1867 1187 1921 credo
1216 1866 1330 1919 haec
1375 1879 1531 1919 causa
1572 1862 1642 1928 ei,
1678 1863 1724 1917 si
1754 1864 1876 1929 quid
1923 1860 2187 1930 superbire

614 1963 816 2029 habuit,
848 1962 1293 2017 medicamentum
1338 1960 1455 2013 fuit.
1494 1959 1744 2013 Cautinns
1770 1965 1944 2009 autem
1977 1955 2187 2024 episco—

614 2067 732 2119 pus,
784 2067 902 2106 cum
944 2053 1152 2107 diversa
1212 2052 1348 2118 loca,
1395 2051 1530 2103 hanc
1574 2048 1777 2103 cladem
1832 2047 2045 2111 timens,
2083 2047 2190 2100 cir-

614 2145 890 2209 cumisset,
921 2143 985 2195 ad
1016 2144 1285 2196 civitatem
1316 2156 1591 2211 regressus
1637 2148 1740 2204 est,
1769 2146 1825 2191 et
1854 2139 1990 2191 hanc
2014 2136 2189 2190 incur-

616 2246 759 2293 rens.
792 2246 1075 2299 parasceve
1120 2231 1392 2283 Passionis
1430 2229 1706 2281 dominicae
1730 2226 1881 2280 obiit.
1914 2226 2043 2279 Nam
2076 2227 2185 2294 ipsa

616 2324 745 2374 hora
785 2333 838 2375 et
885 2321 1166 2375 Tetradius
1214 2321 1566 2373 consobrinus
1614 2318 1731 2387 ejus
1787 2329 2029 2372 mortuus
2079 2326 2183 2372 est.

617 2412 764 2468 Tunc
792 2423 846 2469 et
881 2413 1211 2483 Lugdunum,
1244 2413 1468 2473 Biturix,
1499 2411 1830 2465 Cavillonum
1868 2408 1885 2447 ί
1912 2419 2071 2480 atque
2100 2412 2188 2465 Di-

616 2500 827 2555 vionum
857 2502 922 2554 ab
954 2503 1052 2555 hac
1081 2501 1388 2555 inﬁrmitate
1416 2500 1568 2555 valde
1596 2500 1916 2570 depopulata
1948 2508 2091 2554 sunt.

683 2597 701 2617 ‘
726 2592 944 2648 XXXII.
979 2594 1107 2647 Erat
1131 2601 1155 2639 Β
1185 2604 1305 2646 tunc
1352 2592 1609 2661 temporis
1645 2592 1783 2659 apud
1832 2590 2186 2648 Randanense

614 2683 992 2737 monasterium
1019 2682 1252 2737 civitatis
1283 2683 1587 2737 Arvernicae
1617 2682 1893 2751 presbyter
1919 2681 2186 2750 praeclara:

613 2774 845 2839 virtutis,
880 2772 1125 2828 Julianus
1169 2774 1384 2827 nomine
1408 2814 1423 2837 ,
1453 2773 1535 2826 vir
1578 2786 1783 2840 magnae
1830 2771 2183 2839 abstinentiaz,

611 2867 701 2935 qui
727 2881 900 2936 neque
928 2866 1108 2919 vinum
1153 2880 1327 2935 neque
1357 2864 1519 2917 ullum
1552 2866 1879 2933 pulmentum
1917 2864 2182 2932 utebatur,

609 2958 780 3012 cilicio
809 2959 949 3011 omni
981 2967 1218 3023 tempore
1246 2956 1345 3009 sub
1391 2957 1622 3009 tunicam
1654 2955 1872 3020 habens,
1904 2956 1954 3009 iu
1991 2956 2183 3026 vigiliis

2291 1769 2509 1836 parebat
2533 1778 2709 1823 autem
2739 1779 2793 1823 et
2820 1769 2871 1822 in
2895 1768 2995 1823 alia
3039 1780 3187 1836 parte
3230 1768 3423 1825 littoris
3449 1768 3644 1824 domus
3672 1783 3851 1837 magna

2286 1861 2619 1915 extrinsecus
2662 1861 2927 1915 dealbata.
2972 1860 3120 1915 Tunc
3163 1862 3227 1916 iis
3272 1861 3360 1930 qui
3404 1876 3522 1916 cum
3572 1875 3641 1917 eo
3679 1869 3853 1926 erant,

2285 1952 2409 2021 quid
2437 1952 2541 2007 sibi
2582 1953 2695 2006 haec
2720 1952 2885 2007 velint
2915 1954 3219 2021 interrogat.
3269 1954 3338 2006 At
3362 1953 3435 2007 illi
3464 1951 3752 2007 dixerunt:
3780 1951 3851 2008 De

2289 2043 2389 2097 hoc
2412 2043 2550 2098 enim
2575 2054 2735 2113 ponte
2759 2044 3192 2114 praecipitabitur,
3221 2045 3309 2114 qui
3337 2044 3401 2099 ad
3432 2045 3850 2114 distringendum

2286 2136 2630 2190 commissum
2655 2150 2869 2205 gregem
2895 2135 3056 2190 fuerit
3077 2144 3320 2204 repertus
3342 2135 3594 2206 ignavus;
3619 2138 3706 2205 qui
3729 2152 3851 2190 vero

2286 2236 2535 2284 strenuus
2576 2230 2752 2296 fuerit,
2800 2230 2915 2282 sine
2959 2229 3193 2298 periculo
3238 2228 3447 2294 transit,
3496 2237 3551 2283 et
3594 2228 3849 2283 inducitur

2286 2320 2440 2374 Iretus
2469 2321 2521 2373 in
2549 2318 2766 2373 domum
2792 2334 2949 2389 quam
2986 2319 3252 2388 conspicis
3282 2320 3441 2374 ultra.
3483 2318 3609 2374 Haec
3637 2320 3849 2373 audiens

2287 2426 2317 2465 a
2340 2427 2529 2466 somno
2550 2413 2835 2481 excutitur,
2850 2412 3016 2467 multo
3038 2412 3291 2482 deinceps
3316 2413 3596 2468 monachis
3622 2415 3849 2469 severior

2286 2516 2570 2572 apparens.

2357 2598 2375 2618 '
2398 2591 2636 2647 XXXIV.
2668 2592 2800 2661 Quid
2822 2592 2981 2647 etiam
3010 2593 3145 2656 apud
3176 2591 3441 2658 quoddam
3474 2591 3850 2646 monasterium

2287 2697 2353 2737 eo
2394 2693 2632 2753 tempore
2680 2694 2855 2739 actum
2887 2683 2978 2749 sit,
3010 2684 3231 2752 pandam
3259 2699 3272 2735 :
3298 2698 3489 2737 nomen
3519 2692 3695 2737 autem
3739 2699 3848 2737 uio-

2287 2773 2438 2828 nachi
2472 2772 2515 2841 ί,
2548 2775 2668 2843 quia
2698 2784 2961 2844 superest,
2996 2776 3253 2829 nominari
3301 2776 3446 2841 nolo,
3471 2791 3538 2831 ne
3578 2792 3697 2830 cum
3745 2777 3848 2832 haec

2284 2867 2479 2934 scripta
2505 2866 2569 2919 ad
2592 2882 2713 2921 eum
2740 2868 3093 2935 pervenerint,
3120 2884 3303 2922 vanam
3332 2870 3608 2925 incurrens
3634 2872 3847 2938 gloriam

2285 2956 2570 3010 reviliscat.
2596 2958 2817 3024 Quidam
2844 2958 3054 3027 juvenis
3096 2960 3159 3011 ad
3205 2961 3584 3014 monasterium
3616 2963 3849 3027 veniens.

611 3049 832 3117 primus,
857 3048 909 3101 in
929 3049 1166 3101 oratione
1188 3046 1558 3100 assiduuszcui
1589 3048 1956 3115 inergumenos
1977 3060 2184 3111 curare,
2214 3038 2260 3097 C
2290 3045 2465 3101 abbati
2496 3062 2554 3103 se
2590 3050 3012 3114 commendavit,
3045 3061 3102 3105 ut
3130 3052 3179 3103 in
3212 3051 3301 3104 Dei
3332 3054 3551 3105 servitio
3596 3056 3849 3124 degeret:

611 3153 784 3192 czccos
814 3139 1134 3203 illuminare,
1167 3139 1246 3192 vel
1278 3139 1508 3205 reliquas
1550 3137 1880 3192 inﬁrmitates
1916 3137 2187 3206 depellere

612 3243 710 3296 per
759 3228 1145 3282 invocationem
1198 3227 1451 3281 dominici
1500 3226 1746 3293 nominis,
1778 3238 1831 3282 et
1859 3228 2186 3297 signaculum

604 3324 809 3370 sancta}
836 3317 1006 3369 crucis
1037 3316 1190 3371 facile
1213 3327 1349 3371 erat.
1383 3316 1528 3370 Idem
1558 3331 1679 3370 eum
1709 3317 1898 3371 stando
1929 3318 2093 3386 pedes
2118 3318 2185 3373 ab

607 3407 831 3461 hutnore
860 3407 1082 3462 haberet
1114 3408 1360 3470 infectos,
1387 3417 1439 3461 et
1465 3408 1516 3463 ei
1548 3408 1836 3475 diceretur,
1867 3423 1963 3462 cur
1999 3420 2183 3463 contra

605 3498 1008 3568 possibilitatem
1026 3500 1267 3567 corporis
1290 3512 1501 3566 semper
1523 3506 1710 3565 staret,
1724 3497 1904 3553 dicere
1924 3512 2042 3551 cum
2060 3498 2183 3567 joco

603 3594 862 3661 spirituali
894 3602 1009 3647 erat
1038 3595 1227 3648 solitus
1255 3610 1267 3646 :
1295 3594 1517 3647 Faciunt
1558 3608 1691 3661 opus
1737 3608 1942 3655 meum.
1974 3593 2097 3647 dum
2128 3603 2184 3649 et

603 3682 713 3735 vita
742 3698 923 3738 comes
975 3694 1075 3749 est,
1109 3699 1205 3737 uec
1254 3700 1340 3738 tne
1381 3699 1566 3739 eorum
1611 3686 1925 3739 sustentatio
1955 3686 2181 3741 Domino

603 3772 828 3842 jubente
853 3773 1127 3840 relinquit.
1160 3773 1288 3827 Nam
1321 3775 1550 3829 vidimus
1578 3790 1701 3828 eum
1733 3777 1956 3843 quadam
1987 3779 2103 3832 vice
2128 3778 2179 3832 in

611 3864 827 3919 basilica
861 3864 999 3919 beati
1054 3864 1249 3919 Juliani
1297 3867 1544 3936 martyris
1590 3867 1987 3936 inergumeuum
2018 3869 2180 3922 verbo

609 3965 811 4010 tantum
841 3971 1063 4012 curasse
1091 3975 1104 4009 :
1128 3959 1481 4027 quartanariis
1520 3967 1580 4013 et
1623 3960 1742 4014 aliis
1777 3959 2009 4015 febribus
2038 3975 2180 4030 sape

600 4091 860 4145 Audoeno
881 4094 1043 4164 edita,
1069 4108 1189 4162 cap.
1211 4092 1311 4164 ‘47,
1341 4095 1424 4147 ubi
1454 4096 1694 4149 vocabuli
1725 4096 1878 4164 hujus
1907 4096 2177 4163 siguilica-

602 4171 676 4214 tto
705 4163 989 4229 exponitur
1033 4174 1174 4215 tumo
1206 4162 1245 4215 V
1295 4165 1538 4232 Spicileg.
1586 4166 1659 4219 De
1711 4162 1844 4218 velis
1881 4180 2054 4219 amem
2085 4181 2175 4219 ec-

596 4234 878 4284 clesiarum
907 4234 1025 4286 vide
1060 4234 1318 4286 cardinal.
1351 4236 1495 4287 Bona
1528 4235 1617 4289 lib.
1651 4252 1667 4289 ι
1697 4236 1763 4289 de
1795 4234 1971 4289 Rebus
2003 4235 2177 4288 Litur-

597 4301 874 4424 gic.,§ap.
909 4302 1003 4367 ﬁt”),
1032 4314 1087 4356 et
1115 4303 1385 4357 Mabillon.
1418 4304 1511 4357 lib.
1556 4321 1572 4358 ι
1599 4309 1665 4360 de
1698 4305 1930 4375 Liturgta
1956 4305 2173 4371 Gallic.,

597 4386 718 4424 can.
784 4409 796 4422 .

597 4386 659 4423 ca
706 4409 718 4422 .
743 4386 796 4424 δ.

613 4512 629 4519 Α
668 4386 699 4473 Β
738 4440 809 4519 De
831 4442 934 4519 hac
965 4442 1271 4519 libellus‘de
1296 4444 1536 4519 ecclesiis
1565 4443 1889 4519 Claromont.
1924 4459 2041 4514 cap.
2082 4444 2173 4519 5:1.

601 4512 756 4560 Anno
790 4512 941 4577 Hau,
966 4529 992 4563 a
1027 4511 1296 4575 Will'eltno
1324 4516 1517 4567 comite
1545 4525 1596 4566 et
1621 4513 1883 4581 Delphino
1913 4511 2176 4571 Alvernite

598 4590 915 4643 restaurata,
951 4581 1140 4634 tradita
1185 4583 1282 4636 fuit
1313 4582 1932 4651 Praemtmstratensihus,
1966 4589 2038 4639 uti
2078 4587 2175 4640 ob-

598 4660 774 4701 servat
801 4653 1021 4703 Savaro.

670 4716 697 4756 ι)
739 4718 1052 4785 Complures
1070 4722 1199 4773 ollm
1223 4720 1369 4775 fuere
1395 4723 1531 4790 apud
1558 4722 2006 4780 Clarummontem
2034 4728 2174 4783 basi-

611 4787 728 4843 lica:
755 4791 806 4842 S.
845 4790 1001 4862 Petro
1031 4792 1239 4845 dieatze.
1274 4793 1368 4846 llic
1398 4787 1542 4846 locus
1570 4802 1635 4846 de
1668 4798 1949 4862 pari-cltiali
1978 4799 2173 4855 intelli-

603 4862 809 4932 gendus
837 4874 938 4925 est,
968 4860 1032 4914 de
1060 4876 1158 4929 qua
1192 4864 1430 4916 laud..tus
1468 4864 1601 4917 liber
1633 4860 1750 4932 cap.
1780 4866 1834 4919 6.

674 4941 714 5006 c_
737 4931 978 5006 Sic‘liell.
1004 4948 1017 4997 ;
1047 4943 1100 5006 at
1125 4932 1282 5006 Curii.
1332 4945 1410 5006 et,
1439 4936 1559 5006 Ilec.
1588 4931 1708 4988 cum
1757 4938 1971 5006 plerisq.
2003 4939 2155 5006 edin,

596 5000 668 5051 ita
698 5001 1012 5067 inﬁciebatur
1039 5003 1187 5054 homo
1218 5003 1324 5059 ille.
1357 5004 1477 5067 Alii,
1505 5006 1917 5071 interﬁciebalur.
1935 5000 2034 5063 'De
2063 5000 2161 5065 hac

598 5072 750 5125 clade
791 5072 983 5126 Marius
1014 5073 1065 5125 in
1094 5074 1355 5127 Chronico
1383 5075 1448 5128 ad
1477 5089 1565 5128 an.
1594 5077 1717 5131 571.
1750 5076 1809 5131 V.
1854 5078 1945 5132 lib.
1975 5080 2041 5134 de
2067 5082 2162 5134 Mi-

599 5152 707 5210 rac.
735 5140 792 5195 S.
825 5142 1067 5206 Juliani.,
1109 5157 1227 5210 cap.
1258 5144 1347 5199 45.

668 5207 697 5289 ‘l
728 5211 946 5289 ρει-ιιος
958 5207 1271 5289 presbytero
1312 5213 1432 5269 vide
1459 5228 1614 5289 supra
1641 5232 1755 5285 cap.
1791 5216 1825 5271 6
1851 5229 1904 5273 et
1933 5234 2082 5289 seqq.

602 5346 653 5398 hi
674 5279 880 5398 esBelli,
908 5279 1059 5337 Colli.
1089 5279 1141 5337 ei
1181 5287 1380 5353 aliquot
1409 5279 1561 5351 editi,
1598 5279 1826 5355 viriliter,
1854 5292 1995 5360 quod
2011 5279 2162 5347 idem

658 5363 685 5398 C
743 5364 838 5398 0113
872 5390 884 5398 .

620 5363 685 5400 ttc
713 5360 884 5404 Sonat.

677 5415 817 5495 (Sic
839 5436 966 5495 mss.
993 5436 1113 5475 cum
1146 5423 1368 5489 Chcsn.;
1402 5426 1637 5495 plerique
1667 5427 1778 5493 ed.,
1807 5429 2161 5487 Curationum.

605 5486 977 5567 liad.,_§ubilu,
1004 5508 1123 5567 quae
1154 5508 1333 5567 revera
1355 5486 1565 5567 civitas
1591 5496 1675 5550 hic
1697 5486 2021 5567 designatur,
2057 5486 2162 5558 non

600 5556 836 5611 Cabellio
864 5556 1176 5625 Provinciae,
1209 5565 1361 5624 vulgo
1390 5564 1671 5619 Caunii/on.

670 5635 705 5675 ι
729 5625 841 5683 Hoc
869 5640 1025 5696 caput
1051 5641 1106 5685 et
1132 5632 1362 5700 quinque
1391 5638 1665 5701 sequentia
1707 5635 1896 5692 desunt
1926 5640 1975 5694 iu
2005 5640 2163 5696 editis

2288 3138 2371 3191 cui
2401 3137 2491 3192 ille
2514 3153 2633 3191 cum
2672 3141 2831 3193 multa
2860 3141 3133 3207 objiceret,
3160 3141 3340 3196 dicens
3379 3142 3571 3197 durum
3600 3159 3723 3200 esse
3746 3161 3851 3200 ser-

2286 3214 2637 3285 vitium'illius
2670 3232 2791 3297 loci,
2839 3248 2934 3286 nec
2972 3234 3188 3288 omnino
3231 3244 3374 3287 tanta
3416 3238 3590 3303 possit
3636 3238 3851 3307 implere

2287 3336 2479 3392 quanta
2529 3324 2577 3377 ei
2621 3325 3059 3395 iniungebantur,
3090 3343 3150 3382 se
3197 3327 3372 3381 omnia
3420 3329 3761 3396 impleturum
3805 3331 3850 3384 in

2286 3416 2502 3470 nomine
2551 3415 2757 3470 Domini
2804 3418 3317 3488 pollicetur;sicque
3367 3420 3626 3475 collectus
3678 3434 3760 3475 est
3792 3423 3851 3475 ab

2283 3508 2492 3564 abbate.
2535 3510 2753 3563 Factum
2783 3518 2867 3564 est
2892 3519 3068 3563 autem
3101 3521 3217 3579 post
3260 3526 3455 3579 paucos
3484 3513 3622 3578 dies,
3651 3513 3776 3567 dum
3804 3516 3851 3567 itt

2282 3599 2577 3654 humilitate
2604 3608 2762 3669 atque
2788 3601 3066 3655 sanctitate
3095 3616 3154 3656 se
3185 3601 3235 3654 in
3264 3602 3514 3657 omnibus
3558 3605 3850 3667 exhiberet,

2284 3700 2342 3743 ut
2369 3690 2709 3763 .expellentes
2756 3691 2997 3745 monachi
3047 3693 3199 3763 175
3245 3692 3311 3746 de
3360 3692 3549 3747 horrea
3592 3712 3851 3760 annonas,

2280 3780 2431 3848 quasi
2480 3794 2639 3834 coros
2685 3790 2812 3847 tres,
2846 3783 2909 3833 ad
2962 3784 3129 3837 solent
3177 3784 3381 3837 siccare
3415 3798 3695 3852 ponerent.
3728 3802 3854 3858 quas

2282 3871 2406 3924 huic
2441 3871 2709 3926 custodire
2751 3872 3082 3941 praecipiunt.
3124 3873 3253 3928 Cum
3285 3887 3461 3929 autem
3494 3880 3853 3933 relicientibus

2279 3959 2418 4024 aliis,
2446 3959 2531 4014 hic
2561 3960 2626 4015 ad
2656 3963 2947 4015 custodiam
2992 3964 3248 4018 resideret
3275 3980 3521 4032 annonae,
3554 3967 3735 4023 subito
3764 3987 3852 4023 nu-

2277 4107 2331 4149 et
2360 4096 2411 4149 in
2444 4112 2599 4159 mss.,
2631 4098 2871 4165 quamvis
2902 4098 2954 4153 in
3004 4100 3233 4166 capitum
3283 4101 3456 4157 indice
3485 4103 3537 4155 in
3571 4120 3705 4160 mss.
3736 4106 3851 4159 Bec-

2276 4166 2422 4241 censi
2450 4179 2502 4219 et
2533 4167 2965 4241 Regiomontcnsi
3017 4184 3067 4223 et
3119 4180 3167 4223 in
3213 4172 3444 4226 edibune
3476 4189 3571 4241 per
3594 4173 3851 4230 Judocum

2280 4236 2497 4290 Badium
2532 4236 2811 4316 procurata
2834 4240 3156 4316 iinlicentnr.
3188 4241 3237 4294 In
3260 4236 3537 4316 reuelliiis
3563 4254 3617 4297 et
3638 4247 3852 4316 scriptis

2278 4317 2397 4379 post
2441 4322 2558 4376 cap.
2588 4307 2648 4360 41
2686 4318 2777 4363 aut
2821 4310 2908 4373 42,
2946 4312 3169 4365 habetur
3215 4327 3333 4379 cap.
3366 4314 3457 4368 47.
3509 4315 3632 4368 llaec
3676 4307 3851 4371 aufem

2281 4377 2539 4452 habemus,
2560 4393 2626 4432 ex
2655 4394 2756 4433 ms.
2783 4382 2904 4435 cod.
2929 4385 3067 4435 sacri
3101 4377 3405 4437 monasterii
3432 4383 3768 4452 Casiuensis,
3791 4389 3851 4440 all

2276 4462 2428 4499 annis
2448 4448 2550 4501 700
2567 4461 2803 4502 exaralo.
2832 4453 2895 4504 Et
2914 4453 3124 4523 quidem
3147 4458 3316 4521 stylus
3334 4467 3385 4507 et
3410 4456 3551 4509 modi
3578 4448 3850 4523 laquendi,

2275 4524 2863 4593 casuumtnutationes,
2895 4522 3033 4574 sicut
3059 4534 3109 4593 et
3140 4538 3200 4575 ea
3232 4538 3351 4591 qua:
3396 4525 3851 4593 complectuntur,

2272 4586 2517 4658 Gregorii
2550 4594 2715 4642 nostri
2746 4593 2954 4656 genium
2981 4592 3221 4659 Snpiunt;
3250 4586 3431 4647 'Vitatn
3462 4586 3630 4649 sancti
3664 4586 3853 4653 Νἰοιιιὶἱ

2271 4672 2300 4709 a
2329 4672 2387 4711 se
2417 4661 2532 4737 ipso
2561 4665 2810 4737 scriptam
2864 4663 3040 4715 laudat
3086 4678 3204 4731 cap.
3233 4662 3321 4716 56.
3355 4663 3720 4737 Randauense
3749 4685 3852 4722 mo-

2273 4731 2843 4804 nasterium_dirutnm
2895 4742 3009 4804 e~t;
3047 4742 3115 4804 kat
3160 4738 3343 4796 vicus,
3393 4738 3551 4804 vulgo
3600 4736 3851 4803 Βαιιάμη,

2272 4814 2463 4852 nomen
2488 4800 2702 4862 retinet,
2722 4803 2876 4866 paulo
2895 4803 3028 4855 infra
3045 4802 3197 4858 Dorzn
3218 4814 3271 4859 et
3289 4800 3526 4860 Elaveris
3545 4800 3850 4864 cettﬂuxuui

2269 4867 2402 4921 situs
2430 4870 2567 4933 apud
2596 4874 2885 4926 Arvernos.

2340 4936 2368 4975 ιι
2403 4938 2615 5012 Badius
2650 4945 2833 5007 titulo,
2868 4942 2941 4995 De
2974 4941 3297 5012 Symnulpho
3342 4946 3544 5002 abbate.
3579 4947 3772 5010 Restm.
3803 4960 3852 5003 et

2266 5008 2415 5071 Bec.,
2431 5013 2494 5061 de
2516 5009 2811 5083 Sumam/fa
2831 5008 3314 5081 abbateIEjusmodt
3335 5016 3566 5072 visiones
3593 5008 3853 5076 habentur

2268 5082 2318 5134 in
2345 5083 2491 5133 Actis
2518 5082 2615 5135 SS.
2647 5082 2918 5148 Perpetuus
2945 5092 3000 5137 et
3030 5084 3333 5138 Felicitatis.

2344 5150 2453 5230 ιλιι
2492 5153 2840 5230 capitulorum
2883 5152 3052 5230 indice
3078 5155 3296 5230 iu_tnss.
3322 5156 3450 5230 etin
3492 5158 3617 5212 Bad.
3667 5162 3854 5230 legitur

2274 5222 2335 5276 de
2373 5219 2749 5290 Burdegalensi
2792 5224 3053 5279 monacho.
3118 5227 3302 5280 Simile
3356 5228 3551 5283 factum
3594 5219 3775 5285 CXSI:I
3806 5250 3851 5284 ιιι

2274 5292 2787 5368 DialogorSulpicii
2832 5294 3035 5368 Severi,
3065 5308 3199 5368 can.
3230 5296 3283 5359 5,
3333 5299 3423 5368 ubi
3473 5303 3643 5354 abbas
3697 5305 3853 5368 \irgis

2270 5363 2402 5437 caedi
2443 5364 2601 5429 jussit
2639 5379 2887 5437 puerum,
2910 5365 3290 5437 guigaspidem
3341 5367 3394 5423 in
3448 5372 3608 5437 pallio
3661 5363 3854 5426 tulerat

2272 5434 2506 5504 illtesus;
2538 5444 2593 5504 ut
2619 5432 2864 5504 disceret
2896 5430 3003 5485 Deo
3028 5435 3079 5485 in
3104 5430 3391 5491 humilitate
3427 5430 3642 5504 servire,
3673 5460 3777 5495 non
3804 5460 3852 5494 ιη

2269 5503 2426 5572 signis
2449 5512 2496 5554 et
2516 5502 2789 5583 'virtutibus
2813 5502 3044 5573 gloriari,
3067 5506 3186 5583 quia
3217 5509 3397 5563 melior
3420 5522 3549 5565 esset
3578 5502 3853 5583 inﬁrmita-

2269 5583 2333 5626 tis
2359 5575 2687 5638 conscientia,
2716 5574 2957 5627 virtutum
2980 5575 3215 5629 vanitate.
