3994 6194
589 249 690 303 230

1609 233 1668 291 S.
1708 229 2039 288 GREGORII
2078 228 2380 286 EPISCOPI
2417 230 2851 293 TUBONENSIS

3757 242 3854 297 5οῡ

588 358 925 433 Lugdunensi
954 358 1225 425 episcopo,
1257 359 1471 406 sanctus
1500 349 1737 404 Nicetius
1773 348 1840 400 ah
1865 346 2002 415 ipso,
2034 343 2173 399 sicut
2204 347 2249 404 Α
2277 360 2434 414 quem
2474 362 2618 418 stupe
2666 359 2883 420 propter
2921 348 3127 405 facinus
3172 351 3421 410 adulterii
3467 365 3684 412 sanctus
3730 357 3853 421 Dei,

588 458 641 510 iii
682 455 817 509 libro
847 453 978 507 Vitae
1007 448 1124 517 ejus
1148 445 1458 514 scripsimus
1480 452 1529 507 κ,
1557 442 1757 495 electus
1795 439 2032 506 Suscepit
2056 436 2166 507 epi-

588 559 893 616 scopatum,
923 543 1001 595 vir
1040 542 1203 595 totius
1231 536 1526 592 sanctitatis
1555 534 1823 602 egregius,
1855 538 2016 584 easta:
2044 542 2173 581 con-

587 638 924 695 versationis.
949 632 1277 687 Cliaritatem
1303 642 1453 694 vero,
1486 640 1644 695 quzun
1682 621 1967 692 Apostolus
1990 619 2168 690 (llam.

586 748 684 797 an,
730 731 817 799 I7)
844 744 964 784 cum
1011 725 1282 789 omnibus,
1311 722 1357 774 si
1387 718 1639 788 possibile
1663 723 1839 780 esset,
1885 713 2173 766 observare

588 822 872 892 praecepit,
905 819 990 873 hic
1022 815 1350 887 possibiliter
1389 810 1461 865 ita
1511 812 1564 863 in
1595 806 1799 862 cunctis
1826 806 2083 869 exercuit,
2117 809 2176 856 ut

589 917 642 969 iu
674 914 790 984 ejus
820 920 1034 981 pectore
1062 908 1175 978 ipse
1206 904 1493 969 Dominus,
1524 900 1612 971 qui
1643 909 1724 955 est
1750 912 1876 954 vera
1918 895 2172 961 charitas,

585 1013 917 1062 cerneretur.
961 1001 1093 1055 Nam
1123 998 1225 1052 etsi
1257 1003 1560 1050 commotus
1589 999 1776 1045 contra
1818 988 2051 1058 aliquem
2079 1000 2174 1055 pro

590 1098 910 1169 negligentia
962 1094 1092 1158 luit,
1136 1091 1204 1145 ita
1261 1087 1503 1157 protinus
1549 1082 1891 1139 emendatum
1932 1077 2172 1169 recepit,

587 1168 837 1259 tauquam
865 1188 908 1241 si
940 1199 1045 1238 non
1075 1180 1259 1236 fuisset
1285 1178 1543 1232 offensus.
1569 1174 1700 1227 Erat
1726 1169 1865 1225 enim
1890 1168 2177 1238 castigator

587 1276 1050 1348 delinquentium,
1096 1266 1571 1341 prenitentiumque
1618 1262 1903 1326 retnissor,
1943 1259 2177 1313 cleemo-

587 1371 833 1443 synarius
857 1377 1017 1435 atque
1047 1372 1295 1418 strenuus
1328 1362 1378 1413 in
1409 1356 1593 1411 labore
1621 1369 1635 1407 :
1663 1351 1917 1407 ecclesias
1946 1350 2173 1443 erigere,

588 1439 781 1517 domos
807 1470 1152 1527 competiere,
1177 1467 1355 1508 serere
1379 1461 1569 1519 agros,~
1590 1447 1775 1500 vineas
1803 1442 2069 1513 pastinare
2097 1439 2179 1493 di-

589 1552 937 1625 ligentissime
973 1547 1240 1603 studebat.
1281 1542 1387 1598 Sed
1417 1555 1520 1595 non
1563 1552 1687 1592 eum
1720 1535 1920 1625 haeres
1949 1532 2017 1587 ab
2051 1546 2179 1625 ora-

596 1622 741 1701 tione
774 1642 1078 1698 turbabant.
1107 1638 1203 1691 llic
1229 1633 1411 1705 viginti
1459 1630 1669 1683 duobus
1699 1624 1855 1679 annis
1878 1622 2177 1678 sacerdotio

2273 436 2400 490 dum
2429 449 2574 493 esset
2602 440 2925 510 incorpore,
2969 460 3080 498 non
3108 444 3279 499 solum
3308 462 3337 498 a
3363 450 3741 503 communione
3774 464 3852 503 ie-

2275 537 2535 593 inoverat,
2566 529 2659 582 sed
2691 531 2850 584 edam
2878 533 3075 600 szepius
3103 532 3235 587 cmdi
3262 546 3613 603 praeceperat,
3643 547 3697 593 et
3727 554 3855 593 nurs-

2275 632 2431 685 quaiu
2462 618 2511 672 ei
2549 619 2617 673 ad
2657 622 3085 677 emendationem
3111 624 3309 681 ducere
3337 631 3530 697 potuit,
3566 631 3651 685 hic
3676 646 3855 684 ascen-

2275 710 2407 765 dens
2435 726 2598 781 super
2640 722 2834 769 tectum
2865 717 3057 771 domus
3085 718 3261 786 illius,
3292 736 3413 775 cum
3458 722 3711 793 detegere
3748 739 3853 778 ιω-

2281 804 2462 874 pisset,
2492 806 2566 861 ait
2594 825 2605 859 :
2636 807 2845 863 Gratias
2872 809 2965 865 tibi
2994 826 3117 882 ago,
3146 813 3278 869 Jesu
3302 816 3534 873 Christe.
3566 820 3703 888 quod
3748 831 3856 887 pusI

2280 908 2502 952 mortem
2533 898 2853 970 iniquissimi
2879 902 3050 958 Niceti
3072 918 3234 975 super
3266 910 3407 962 hunc
3428 918 3628 964 tectum
3658 911 3858 966 calcare

2279 990 2573 1059 promerui.
2603 991 2790 1048 Adhuc
2818 993 2977 1049 verba
3008 996 3062 1049 in
3100 1011 3196 1052 ore
3228 999 3564 1068 pendebant,
3594 1014 3650 1057 et
3686 1012 3791 1059 stat
3811 1020 3857 1057 in

2276 1080 2573 1136 subductus
2601 1098 2631 1137 a
2661 1083 2887 1153 pedibus
2918 1085 3035 1156 ejus
3077 1092 3241 1143 robur
3270 1091 3322 1144 in
3350 1107 3460 1160 quo
3494 1095 3698 1159 stabat,
3728 1099 3857 1151 oeci-

2277 1169 2356 1225 dit
2374 1173 2438 1225 ad
2470 1183 2687 1238 terram,
2717 1176 3029 1246 crepuitque
3047 1187 3104 1234 et
3126 1195 3370 1237 mutantis
3398 1197 3505 1238 es'.
3533 1186 3668 1239 Cum
3690 1197 3857 1241 autem

2278 1262 2561 1331 episcopus
2603 1268 2683 1319 vel
2740 1267 2932 1335 conjux
2979 1269 3097 1338 ejus
3146 1274 3310 1327 multa
3363 1286 3551 1330 contra
3603 1278 3855 1335 rationem

2277 1366 2527 1422 agerent,
2559 1357 2807 1425 apparuit
2846 1360 3057 1414 cuidam
3089 1373 3305 1419 sanctus
3346 1380 3442 1434 per
3467 1368 3753 1433 somiiium,
3781 1369 3858 1424 di-

2278 1460 2408 1501 cens
2439 1464 2451 1499 :
2489 1447 2652 1516 Vade,
2680 1461 2734 1504 et
2758 1452 2847 1506 dic
2876 1452 3058 1508 Prisco
3101 1465 3158 1508 nt
3184 1457 3499 1513 emendetur
3523 1462 3592 1515 ab
3616 1463 3860 1531 operibus

2281 1539 2475 1605 malis,
2524 1551 2579 1597 et
2626 1542 2755 1598 fiant
2800 1560 2962 1613 opera
3011 1551 3129 1616 ejus
3174 1550 3333 1604 bona.
3380 1551 3611 1608 Marino
3657 1571 3861 1626 quoque

2282 1630 2596 1701 presbytero
2622 1632 2770 1689 dices
2795 1650 2807 1691 :
2833 1636 2965 1703 Quia
2988 1640 3260 1695 censentis
3287 1643 3369 1696 liis
3394 1646 3670 1712 operibus,
3706 1650 3863 1703 casti-

593 1739 896 1794 ministmo
942 1731 1185 1800 migra,“
1215 1728 1277 1781 ad
1324 1726 1603 1779 [)omittttln
1626 1764 1639 1785 ,
1687 1726 1774 1789 qui
1810 1732 1950 1772 nunc
1988 1730 2176 1786 magno
2212 1716 2254 1776 Β
2281 1722 2486 1791 gandus
2521 1724 2660 1791 eris;
2687 1736 2741 1781 et
2768 1728 2813 1782 si
2850 1730 3140 1787 emendare
3172 1733 3573 1800 perversitatem
3606 1746 3748 1792 tuam
3774 1753 3862 1792 no-

614 1829 865 1885 uiiracula
890 1826 955 1881 ad
968 1840 1123 1879 suum
1146 1819 1403 1875 tumulum
1426 1815 1769 1872 exorantibus
1783 1819 2015 1880 prastat.
2046 1808 2177 1863 Nam

590 1924 658 1977 de
698 1920 819 1976 oleo
847 1914 1125 1980 cicindeli,
1160 1910 1247 1982 qui
1279 1909 1345 1965 ad
1376 1908 1549 1977 ipsum
1588 1903 1893 1975 sepulcrum
1939 1898 2179 1969 quotitﬁe

589 2012 935 2079 accenditur,
965 2021 1230 2064 caecorum
1258 2002 1428 2058 oculis
1455 2001 1635 2055 lumen
1683 1995 1948 2061 reddidit,
1978 1994 2180 2049 dmino-

591 2127 690 2167 nes
714 2117 779 2166 de
803 2109 1040 2164 obsessis
1069 2104 1383 2175 corporibus
1409 2102 1576 2173 fugat,
1599 2098 1895 2155 contractis
1921 2094 2180 2151 membris

591 2212 825 2265 restituit
849 2209 1130 2263 sanitatem
1150 2246 1166 2269 ,
1211 2212 1266 2259 et
1307 2202 1562 2257 omnibus
1588 2199 1814 2255 infirmis
1844 2212 2090 2267 magnum
2124 2198 2176 2250 in

596 2312 700 2364 hoc
729 2319 969 2375 tempore
1005 2305 1229 2359 habetur
1259 2302 1592 2374 priesidium.
1625 2301 1785 2370 Igitur
1823 2298 2040 2354 Priscus
2070 2299 2181 2367 cpio

593 2424 809 2480 scopus,
832 2423 921 2477 qui
946 2411 998 2462 ei
1029 2414 1387 2468 successerat,
1416 2416 1536 2456 cum
1568 2399 1795 2469 conjuge
1816 2415 1909 2455 sua
1937 2402 2179 2455 Susanna

591 2512 755 2580 repit
793 2510 1038 2580 persequi
1087 2520 1150 2561 ac
1194 2504 1496 2560 interficere
1541 2502 1738 2557 multos
1778 2502 1845 2557 de
1890 2502 2003 2567 Ιιίς,
2044 2518 2180 2573 quos

594 2616 678 2668 vir
708 2610 798 2667 Dei
844 2610 1130 2665 familiares
1154 2606 1432 2671 habuerat,
1463 2618 1569 2657 non
1595 2602 1753 2667 culpa
1784 2603 1958 2657 aliqua
1986 2603 2178 2669 vietos,

593 2729 699 2769 non
729 2714 780 2767 in
807 2712 1034 2767 crimine
1056 2706 1457 2775 comprobatos,
1490 2718 1594 2758 non
1626 2712 1769 2757 turto
1794 2702 2179 2772 deprehensos,

594 2824 800 2868 tantum
850 2811 1218 2865 inﬂammante
1249 2807 1449 2863 malitia
1492 2807 1735 2871 invidus,
1777 2821 1874 2861 cur
1910 2808 1958 2861 ei
1996 2806 2182 2861 fideles

597 2915 841 2971 fuissent.
900 2912 1242 2967 Declamabat
1295 2912 1458 2966 multa
1514 2909 1842 2979 blasphemia
1899 2910 2012 2979 ipse
2061 2924 2181 2963 cum

593 3005 818 3074 conjuge
842 3003 909 3058 de
935 3012 1123 3057 sancto
1151 3001 1266 3066 Dei,
1296 3010 1353 3057 et
1377 3017 1497 3056 eum
1522 3001 1611 3055 diu
1642 3000 1914 3070 multoque
1939 3011 2182 3070 tempore

2283 1814 2467 1881 lueris,
2496 1818 2761 1873 morieris.
2789 1819 2860 1873 At
2877 1820 2970 1876 ille
2993 1822 3277 1893 evigilans,
3300 1824 3510 1881 locutus
3531 1838 3614 1881 est
3638 1829 3862 1883 diacono

2280 1910 2522 1978 cuidam,
2566 1911 2750 1969 dicens
2778 1932 2792 1967 :
2828 1912 3006 1984 Vade,
3056 1931 3273 1986 quaeso,
3301 1933 3368 1974 eo
3390 1922 3531 1989 quod
3563 1920 3639 1975 sis
3667 1924 3865 1975 amicus

2283 1998 2336 2053 in
2374 1998 2536 2055 domo
2562 2001 2821 2072 episcOpi,
2850 2012 2906 2059 et
2933 2002 3047 2059 haec
3074 2005 3290 2076 loquere
3310 2007 3424 2063 sive
3448 2010 3723 2078 episcopo,
3756 2013 3866 2067 sive

2284 2088 2509 2145 Martino
2532 2094 2866 2164 presbytero.
2892 2092 3217 2151 Promisitse
3237 2096 3498 2154 diaconus
3517 2100 3862 2164 etocuturum,

2282 2184 2375 2237 sed
2407 2195 2723 2241 retractatus
2768 2186 2938 2243 noluit
2967 2203 3029 2243 ea
3078 2189 3200 2243 fari.
3241 2188 3410 2246 Nocte
3438 2199 3618 2244 autem
3650 2205 3769 2245 cum
3807 2206 3865 2245 se

2284 2275 2463 2342 superi
2487 2275 2743 2339 dedisset,
2772 2279 3018 2346 apparuit
3041 2276 3091 2334 ei
3116 2292 3356 2347 sanctus,
3381 2282 3606 2335 dicens:
3630 2281 3740 2336 Cur
3765 2297 3862 2335 non

2284 2368 2462 2422 dixisti
2493 2385 2610 2438 qua:
2642 2371 2732 2426 tibi
2768 2372 2932 2425 abbas
2971 2372 3181 2429 locutus
3223 2382 3335 2437 est;
3369 2383 3426 2429 et
3453 2376 3652 2429 clausis
3682 2376 3864 2444 pugnis

2283 2461 2440 2527 etrapit
2469 2472 2649 2531 guttur
2677 2463 2796 2533 ejus
2819 2464 3055 2520 cadere.
3086 2465 3240 2520 Mane
3259 2472 3439 2520 autem
3485 2468 3643 2525 Iacto.
3673 2466 3862 2521 inﬂatis

2286 2551 2525 2605 faucibus
2561 2566 2682 2606 cum
2726 2568 2920 2624 magno
2962 2554 3184 2618 dolore,
3230 2555 3460 2610 accessit
3500 2556 3565 2609 ad
3609 2556 3789 2618 viros,
3814 2563 3864 2608 et

2284 2644 2462 2698 omnia
2493 2659 2613 2713 quae
2641 2645 2888 2702 audierat
2913 2646 3199 2701 intimavit.
3231 2650 3301 2701 At
3326 2647 3401 2701 illi
3425 2648 3733 2718 parvtpend-
3754 2659 3864 2702 ntes

2284 2750 2347 2791 ea
2371 2750 2493 2805 qua:
2520 2736 2817 2803 audierant,
2848 2738 3182 2806 phantasiam
3212 2736 3543 2793 somniorum
3571 2752 3693 2793 esse
3718 2739 3865 2792 dixe-

2287 2835 2433 2881 runt.
2473 2826 2731 2881 Martinus
2783 2842 2911 2881 vero
2958 2830 3239 2898 presbyter
3275 2828 3455 2881 statim
3514 2829 3569 2882 in
3618 2828 3764 2883 febre
3816 2836 3865 2880 et

2286 2928 2549 2985 aegrotans
2594 2917 2899 2985 convaluit;
2940 2934 3122 2975 secum
3162 2919 3320 2990 179
3355 2934 3571 2988 semper
3609 2918 3637 2957 δ
3678 2919 3865 2974 adora-

2289 3012 2427 3065 torio
2462 3011 2715 3080 episcopo
2738 3013 3075 3080 loqueretur,
3111 3021 3164 3067 et
3184 3012 3515 3068 consentiret
3542 3022 3596 3067 et
3625 3013 3677 3067 in
3720 3014 3868 3067 malis

594 3099 938 3152 observatum
984 3092 1177 3149 fuisset
1214 3093 1280 3145 ab
1325 3092 1684 3147 anterioribus
1716 3091 2089 3160 pontificibus,
2126 3099 2184 3145 ut
2208 3089 2253 3152 C
2288 3101 2493 3157 actibus
2521 3116 2583 3155 ac
2625 3102 2970 3172 bIaSphemiis
2994 3119 3114 3173 quae
3147 3103 3199 3157 in
3243 3111 3489 3158 sanctum
3516 3105 3866 3170 evomebant,

598 3188 791 3242 mulier
820 3185 1034 3237 domum
1070 3199 1175 3237 non
1207 3182 1581 3253 ingrederetur
1609 3182 1852 3237 ecclesiae
1871 3225 1886 3249 ,
1918 3182 2031 3236 haec
2059 3196 2180 3236 cum

596 3278 787 3350 puellis
813 3274 973 3331 etiam
1006 3278 1056 3330 in
1086 3275 1302 3341 cellula,
1334 3275 1386 3329 in
1412 3290 1515 3344 qua
1543 3275 1642 3329 viri
1669 3276 1808 3330 beati
1838 3275 2179 3343 quieverant,

597 3370 867 3425 introibat.
898 3366 1001 3423 Sed
1051 3381 1146 3437 pro
1177 3367 1259 3420 his
1289 3377 1554 3422 commota
1593 3368 1804 3423 tandem
1849 3368 2025 3422 divina
2066 3385 2182 3422 ma-

598 3463 760 3517 iestas
781 3460 888 3514 ulta
914 3470 995 3514 est
1027 3460 1081 3513 in
1112 3458 1311 3512 familia
1344 3458 1505 3512 Prisci
1535 3458 1795 3527 episcopi.
1827 3457 1957 3511 Nam
1986 3457 2179 3527 conjux

596 3551 715 3620 ejus
753 3551 997 3605 daemone
1038 3558 1283 3617 arrepta,
1329 3548 1565 3604 dimissis
1591 3548 1827 3605 crinibus
1876 3564 1969 3617 per
2019 3558 2183 3604 totum

599 3660 785 3711 urbem
829 3655 1015 3708 insana
1054 3652 1389 3717 vexabatur,
1441 3659 1496 3704 et
1540 3662 1783 3706 sanctum
1838 3652 1996 3723 178
2050 3650 2183 3714 Dei,

598 3771 756 3826 quem
796 3770 925 3809 sana
968 3760 1288 3823 negaverat,
1319 3750 1546 3805 amicum
1578 3748 1775 3805 Christi
1805 3753 2047 3806 confessa
2072 3792 2088 3816 ,
2133 3758 2189 3803 ut

600 3850 701 3903 sibi
733 3855 974 3918 parceret
1002 3844 1359 3900 declamabat.
1390 3842 1687 3912 Episcopus
1718 3843 1808 3897 ille
1829 3858 1858 3897 a
1882 3851 2008 3913 typo
2030 3856 2191 3911 quar-

600 3950 740 3995 tana:
766 3950 1043 4007 correptus
1084 3945 1371 3991 tremorem
1414 3934 1663 3990 incurrit.
1693 3933 1826 3989 Nam
1866 3950 1987 3989 cum
2033 3942 2190 4004 typus

599 4030 691 4085 ille
738 4032 1077 4092 recessisset,
1130 4024 1215 4081 hic
1254 4040 1467 4095 semper
1506 4035 1738 4080 tremens
1790 4024 2086 4079 habebatur
2126 4038 2190 4078 ac

602 4122 868 4192 stupidus.
927 4120 1092 4175 Filius
1120 4134 1364 4190 quoque,
1404 4120 1684 4188 omnisque
1727 4116 1923 4171 familia
1972 4116 2192 4171 decolor

601 4227 721 4267 esse
751 4212 1028 4267 videbatur
1068 4224 1133 4264 ac
1170 4209 1379 4279 stupida
1410 4226 1425 4263 :
1456 4217 1515 4263 ut
1553 4208 1682 4262 nulli
1712 4208 1781 4262 sit
1810 4207 2054 4273 dubium,
2096 4221 2192 4261 eos

602 4319 631 4357 a
660 4304 826 4357 sancti
859 4302 958 4355 viri
998 4301 1194 4361 virtute
1216 4314 1520 4368 percussos.
1549 4298 1773 4367 Semper
1812 4296 1955 4353 enim
1979 4297 2193 4352 Pris:us

603 4394 907 4462 episcopus,
938 4391 1159 4461 ejusque
1204 4390 1402 4444 familia
1422 4431 1438 4454 ,
1481 4398 1666 4445 contra
1696 4397 1940 4444 sanctum
1974 4390 2064 4444 Dei
2095 4405 2191 4444 ne-

2287 3193 2477 3249 iterum
2507 3194 2559 3247 in
2590 3193 2735 3248 febre
2777 3193 3026 3250 redacms
3059 3193 3301 3265 spiritum
3333 3195 3624 3250 exhalavit.

2354 3367 2385 3399 *
2414 3365 2677 3421 XXXVII.
2709 3366 2932 3422 Sanctus
2958 3383 3084 3423 vero
3111 3367 3367 3423 Friardns
3399 3369 3499 3425 hoc
3526 3370 3865 3423 nihilominus

2287 3468 2547 3528 tempore,
2594 3475 2700 3527 quo
2727 3471 2945 3516 sanctus
2990 3460 3229 3516 Nicetius
3258 3462 3392 3516 obiit
3420 3462 3608 3531 plenu.~
3638 3462 3862 3525 dierum,

2286 3552 2568 3608 sanctitate
2607 3553 2887 3622 egregius,
2934 3554 3145 3608 actione
3186 3552 3459 3619 sublimis,
3508 3556 3614 3606 vita
3646 3552 3866 3615 nobilis;

2287 3644 2354 3696 de
2382 3643 2535 3709 cujus
2578 3644 2848 3698 miraculis
2874 3645 3115 3714 qumdam
3148 3644 3201 3699 in
3245 3645 3417 3709 libro,
3457 3660 3615 3714 quem
3645 3646 3711 3700 de
3757 3645 3869 3700 Vita

2288 3735 2404 3803 ejus
2449 3734 2761 3803 scripsimus
2799 3743 2822 3773 ο
2859 3736 3293 3790 memoravimus.
3345 3736 3402 3791 In
3454 3737 3611 3806 cujus
3650 3738 3867 3791 transitu

2289 3825 2604 3881 adveniente
2635 3828 2812 3882 Felice
2840 3830 3093 3897 episcopo
3112 3869 3127 3892 ,
3158 3828 3352 3882 cellula
3385 3837 3495 3883 tota
3526 3830 3869 3893 contremuit,

2290 3917 2433 3971 unde
2470 3931 2576 3971 non
2620 3917 2834 3985 ambigo
2865 3918 3063 3986 aliquid
3112 3918 3307 3974 ibidem
3343 3920 3507 3975 fuisse
3548 3921 3868 3991 angelicum,

2291 4007 2432 4076 quod
2462 4008 2540 4062 sic
2567 4008 2718 4062 locus
2746 4008 2837 4063 ille
2880 4010 2997 4078 ipso
3041 4020 3353 4065 transeunte
3387 4014 3685 4075 tremuerit,
3720 4028 3872 4081 quem

2290 4102 2576 4168 episcopus
2623 4098 2877 4164 abluens,
2918 4112 3080 4171 atque
3116 4100 3291 4172 dignis
3322 4103 3661 4159 vestimentis
3699 4107 3874 4160 invol-

2292 4206 2445 4260 vens,
2474 4191 2761 4261 sepultura
2803 4193 3091 4250 mandavit.

2364 4375 2627 4432 XXXVIII
2655 4377 2764 4450 [ΑΙ.
2796 4376 2994 4450 xxxn].
3035 4378 3210 4450 Ergo,
3266 4379 3432 4434 ut'ad
3478 4379 3759 4436 h'storiam
3800 4395 3877 4435 re-

604 4487 752 4540 fariis
807 4484 1025 4538 vocibus
1073 4483 1443 4548 oblatrabant,
1492 4482 1777 4552 ipsumque
1820 4481 1921 4536 sibi
1964 4482 2191 4537 amicum
2220 4469 2577 4530 Dcurramus
2611 4467 2671 4537 ά,
2717 4481 2932 4525 mortuo
2972 4472 3110 4541 apud
3162 4472 3471 4541 Hispaniam
3527 4474 3877 4543 Athanagildo

602 4590 725 4630 esse
749 4574 1011 4640 dicentes,
1042 4575 1348 4644 quicunque
1373 4572 1443 4628 de
1465 4587 1532 4629 eo
1573 4572 1897 4641 improperia
1925 4573 2193 4628 evomuis-

603 4675 705 4721 sct.
729 4665 968 4721 Iusserat
994 4666 1135 4721 enim
1167 4666 1220 4718 in
1248 4664 1540 4734 primordio
1575 4667 1917 4735 episcopatus
1943 4667 2023 4720 sui
2065 4669 2192 4722 aedi-

608 4760 786 4814 licium
832 4757 1024 4812 domus
1075 4755 1455 4812 ecclesiastica:
1506 4755 1769 4822 exaltari;
1826 4764 1884 4812 et
1929 4756 2188 4813 diaconus

689 5009 715 5037 ³
758 4998 812 5054 In
845 4998 980 5054 libro
1001 4997 1071 5055 de
1100 4996 1233 5055 Vitis
1267 4996 1506 5069 Patrum,
1535 5012 1658 5067 cap.
1700 4997 1756 5069 8,
1787 4998 1925 5069 quod
1955 5014 2073 5055 cum
2099 5000 2203 5056 isto

610 5069 730 5126 loco
758 5070 967 5125 confer.

682 5177 710 5216 δ
749 5179 839 5235 Sic
868 5179 1004 5235 forte
1030 5178 1312 5249 legendum
1336 5222 1351 5246 ,
1383 5195 1436 5232 m
1469 5183 1659 5250 [carem
1688 5181 1879 5251 incidit
1900 5220 1915 5245 ,
1943 5187 1990 5233 et
2029 5195 2200 5251 aegro-

612 5258 725 5301 tans
753 5251 1005 5330 convaluit
1029 5267 1047 5303 :
1075 5248 1163 5305 sed
1203 5266 1317 5304 cum
1344 5248 1542 5319 semper
1570 5248 1935 5306 adulatoria...
1978 5248 2195 5307 consen-

612 5327 726 5370 tiret
755 5327 799 5371 ei
829 5327 903 5378 in.
930 5333 1034 5375 etc.

691 5435 716 5465 ο
759 5425 813 5479 In
844 5426 977 5480 libro
1004 5427 1069 5482 de
1102 5429 1232 5484 Vitis
1261 5430 1476 5487 Patrum
1496 5472 1511 5500 ,
1539 5446 1655 5502 cap.
1694 5433 1782 5487 I0.

686 5527 714 5568 ά
755 5531 997 5601 Capjtnm
1029 5550 1250 5591 numero
1281 5538 1350 5591 ob
1377 5540 1553 5595 addita
1599 5556 1665 5595 ex
1693 5541 1812 5594 cod.
1854 5540 2065 5597 Cassin.
2106 5558 2197 5597 ac-

615 5609 763 5659 cieto
783 5642 800 5670 ,
836 5600 1170 5661 Chesnianos
1208 5623 1457 5665 numeros
1486 5626 1517 5665 e
1548 5612 1763 5681 regione
1791 5612 1856 5666 ad
1889 5613 2185 5683 marginem

2299 4577 2451 4631 rege,
2486 4562 2660 4618 Leuva
2702 4578 2827 4619 eum
2858 4564 3145 4620 Leuvieldo
3192 4565 3358 4620 fratre
3402 4581 3622 4635 regnum
3652 4567 3876 4636 accepit.

2301 4653 2561 4708 Defuncto
2587 4653 2748 4722 igitur
2778 4653 3054 4722 Leuvane,
3090 4654 3412 4710 Leuvieldus
3442 4654 3609 4710 frater
3645 4656 3766 4725 ejus
3796 4664 3876 4709 to-

2300 4751 2411 4797 tum
2456 4757 2675 4813 regnum
2718 4744 3017 4815 occupavit.
3056 4744 3157 4812 Qui
3188 4760 3354 4799 uxore
3385 4753 3628 4813 mortua,
3671 4745 3878 4803 Guntho

2308 4997 2474 5051 usque
2496 4984 2567 5055 ad
2592 4984 2708 5039 libri
2742 4984 2902 5039 finem
2925 5000 3277 5055 apponemus,
3307 4986 3379 5041 ob
3401 4987 3716 5041 citationum
3739 5000 3884 5042 eom—

2306 5058 2484 5127 mmta.
2530 5053 2807 5127 Caeterum
2829 5053 3021 5110 omnes
3073 5070 3201 5110 mss.
3251 5067 3446 5127 praeter
3485 5057 3609 5111 Bec.
3652 5058 3879 5121 habent,

2306 5122 2447 5193 Ergo
2471 5134 2524 5177 ut
2546 5126 2611 5176 od
2633 5125 2893 5179 historiam
2918 5122 3267 5193 recurramus,
3293 5139 3404 5194 aut,
3430 5129 3721 5182 redeamus.
3751 5129 3882 5182 Editi

2302 5208 2432 5267 vero
2457 5206 2511 5249 ut
2534 5196 2837 5267 plurimum,
2865 5194 2946 5267 Ep
2965 5209 3136 5250 autem
3156 5206 3378 5267 tempore
3398 5210 3622 5252 mortuo.
3657 5199 3724 5251 Et
3753 5197 3882 5252 infra

2301 5262 2488 5336 Qorb.,
2504 5265 2844 5320 Atlianieldo..
2857 5306 2870 5318 .
2892 5264 3165 5321 Leuveldo.
3184 5262 3323 5323 Ed'iti
3337 5267 3883 5336 aliquot,.AtlIanoldo.

2301 5331 2593 5405 Leuvigildi
2662 5338 2932 5408 sincerum
2986 5351 3200 5403 nomen,
3250 5346 3305 5392 et
3356 5331 3510 5408 regni
3544 5331 3773 5407 Iempus
3809 5338 3886 5391 di-

2307 5408 2506 5478 scimus
2520 5406 2821 5478 exiantiana
2841 5408 3186 5478 inscriptione
3203 5406 3453 5478 sepulcro
3474 5406 3754 5478 cujusdam
3772 5408 3887 5461 Got-

2308 5473 2383 5546 thi
2423 5477 2693 5545 apposita,
2734 5492 2851 5545 quae
2887 5473 3152 5546 hodi—eque
3173 5480 3225 5532 in
3263 5473 3492 5533 ecclesia
3531 5473 3635 5532 vici
3658 5476 3885 5532 Tramas

2302 5545 2469 5609 dicti,
2498 5546 2706 5601 duabus
2736 5546 2901 5601 Ieucis
2930 5561 2960 5600 a
2987 5545 3318 5603 Narbonensi
3355 5555 3434 5602 urt
3453 5562 3486 5603 e
3523 5548 3735 5612 dissiti,
3768 5549 3886 5602 visi-

2303 5625 2406 5669 tur.
2432 5616 2549 5685 Quo
2570 5618 2621 5671 iu
2645 5618 2763 5674 loco
2782 5616 2998 5688 antiqua
3020 5618 3365 5675 aedificiorum
3383 5618 3603 5689 rudera,
3620 5628 3678 5677 et
3708 5633 3877 5693 aquae-
