3994 6194
518 226 621 287 335

1549 222 1606 279 S.
1652 223 1976 279 CREGORII
2017 220 2319 277 EPISCOPI
2363 220 2795 279 TURONENSIS

3684 226 3790 284 501

520 360 582 398 ειρ
613 341 835 411 turpiter
864 339 1028 393 vit-id
1069 337 1172 391 Sed
1206 338 1318 392 haac
1347 338 1397 391 in
1428 337 1761 390 sacerdotem
1790 336 1949 389 verba
1979 350 2097 402 pro-
2132 340 2171 393 Λ
2204 345 2287 390 set
2314 336 2533 404 injurias
2561 336 2722 402 patris
2755 336 2807 391 ul
2845 336 2961 390 isci.
2991 335 3143 391 Unde
3170 335 3364 391 factum
3395 346 3497 401 est,
3531 347 3587 392 ιιι
3624 354 3790 395 unum

516 436 644 499 lata,
668 433 845 488 divina
877 430 1156 485 confestim
1187 430 1317 483 ultio
1338 429 1934 498 subsequensabolevit.
1965 427 2096 481 Nam

515 538 658 577 anno
700 522 940 592 sequenti
969 530 1207 574 semotus
1234 535 1261 571 a
1290 521 1544 574 comitatu
1594 519 1858 573 Palladius
1893 518 2093 574 Arver-

512 629 639 667 num
673 625 943 682 regressus
970 620 1050 665 est
1077 629 1089 663 :
1122 610 1393 664 Romanus
1421 626 1548 663 vero
1578 610 1888 663 comitatum
1929 608 2095 663 ambi-

510 708 604 757 t'it.
646 704 862 758 Factum
892 712 975 757 es:
1000 711 1213 766 autem,
1261 711 1318 754 ιιι
1346 701 1571 767 quadam
1612 700 1698 755 die
1730 701 1779 753 in
1822 700 1953 753 urbe
1998 703 2095 752 Ar-

514 804 676 847 verna
718 803 940 860 uterque
982 792 1429 859 conjungeretnr,
1459 799 1513 844 et
1538 791 1918 844 altercantibus
1956 791 2096 845 inter

510 901 568 939 se
602 899 697 953 pro
731 884 827 937 hac
855 883 1065 935 actione
1094 882 1409 946 comitatus,
1441 880 1642 933 audivit
1677 880 1943 935 Palladius
1980 896 2039 935 se
2064 896 2093 933 a

509 977 775 1046 Sigiberto
814 991 938 1043 rege
986 973 1183 1027 debere
1231 972 1457 1026 interfici
1505 988 1518 1023 :
1566 971 1660 1025 sc‘d
1712 972 1839 1025 falsa
1890 972 2003 1025 hare
2042 982 2095 1025 et

513 1070 744 1124 maxime
786 1083 814 1119 a
864 1067 1104 1121 Romano
1150 1064 1344 1119 emissa
1392 1063 1724 1131 deprehensa
1769 1072 1913 1117 sunt.
1945 1064 2093 1118 Tunc

508 1161 597 1215 ille
629 1162 816 1215 timore
859 1158 1193 1227 perterritus,
1228 1157 1300 1209 ita
1331 1154 1383 1208 in
1414 1155 1711 1225 augusriam
1738 1170 1958 1223 gravem
2005 1172 2089 1210 re-

509 1256 698 1309 dactus
724 1261 826 1318 est,
854 1263 907 1306 ut
932 1252 1224 1305 minaretur
1247 1263 1304 1302 se
1331 1248 1538 1316 propria
1562 1247 1779 1301 dextera
1804 1247 2087 1316 perimere;

513 1361 744 1414 rumque
772 1360 801 1398 a
833 1356 1000 1398 matre
1044 1343 1125 1396 vel
1158 1357 1185 1393 a
1216 1350 1441 1409 cognato
1480 1355 1576 1392 suo
1618 1340 1852 1393 Firmino
1890 1342 2091 1395 intente

509 1438 904 1503 attenderetur,
940 1449 1008 1489 ne
1050 1436 1331 1503 perliceret
1371 1433 1510 1501 quod
1543 1443 1720 1487 mente
1748 1434 2089 1487 arnara‘con-

507 1538 765 1596 repcrat,
812 1541 907 1594 per
952 1524 1224 1579 Intervalla
1274 1524 1523 1577 horarmn
1573 1526 1784 1592 elapsus
1823 1538 1851 1575 a
1907 1524 2090 1576 matris

506 1629 742 1683 aspectu,
778 1617 1155 1683 ingressusque
1180 1613 1482 1667 cubiculum
1503 1654 1519 1678 ,
1555 1622 1775 1681 accepto
1804 1612 1975 1681 spatio
2002 1629 2091 1665 so-

2206 441 2271 481 cx
2308 425 2517 481 famulis
2544 430 2947 495 concupiscens,
2978 429 3148 482 virum
3201 442 3408 484 veneno
3441 440 3657 485 necaret
3683 428 3715 470 ἀ
3766 450 3780 485 :

2200 531 2307 585 quo
2332 517 2603 583 defuncto,
2636 533 2754 571 cum
2780 517 2982 573 famulo
3004 520 3168 584 abiit;
3197 520 3290 574 sed
3317 523 3667 590 apprehensi,
3694 538 3788 592 pa-

2198 609 2327 661 riter
2358 607 2618 661 interchti
2655 616 2797 660 sunt.
2835 609 3167 676 Langobardi
3205 609 3461 679 deinceps
3491 612 3653 665 alium
3687 626 3784 665 διι-

2198 715 2294 768 per
2316 714 2376 752 se
2405 713 2584 767 regem
2610 706 2864 753 slaluztttl.

2270 791 2403 845 XLII
2453 789 2559 861 [ΑΙ.
2607 789 2810 861 xxxvt].
2872 790 3073 844 Ennius
3128 806 3361 861 quoque,
3418 806 3782 862 cognomento

2199 880 2562 947 Mummolus,
2606 897 2637 935 a
2680 896 2804 951 rege
2835 878 3235 936 Guntchramno
3278 885 3607 952 patriciatum
3664 899 3789 955 pro-

2197 972 2390 1027 meruit
2420 988 2434 1026 :
2464 972 2531 1027 de
2567 972 2721 1041 cujus
2751 973 2951 1027 militia:
2979 974 3206 1040 origine,
3238 975 3396 1028 altius
3419 974 3668 1044 quaedam
3699 992 3785 1029 re-

2204 1061 2431 1131 petenda
2478 1063 2673 1131 putavi.
2722 1062 2817 1117 Ilic
2869 1063 3063 1117 etenim
3120 1064 3359 1119 Peonio'
3400 1077 3549 1134 patre
3594 1077 3782 1125 ortus.

2195 1151 2678 1206 Autissiodurensis
2728 1151 2874 1206 urbis
2941 1152 3114 1206 incola
3160 1153 3277 1207 fuit.
3358 1154 3592 1211 I’eonius
3659 1173 3789 1210 Vero

2194 1244 2352 1314 hujus
2424 1244 2697 1313 municipii
2747 1244 3055 1297 comitatum
3126 1245 3360 1312 regebat.
3420 1246 3666 1318 Cumque
3724 1249 3790 1301 ad

2194 1333 2551 1388 renovandam
2600 1334 2863 1387 actionem
2933 1330 2990 1395 ί,
3043 1348 3261 1387 munera
3312 1336 3419 1405 regi
3470 1352 3567 1405 per
3621 1337 3791 1392 ﬁlium

2200 1426 2355 1497 183
2393 1424 2708 1489 transmisit,
2761 1424 2849 1477 ille
2888 1424 3030 1477 datis
3085 1424 3244 1478 rebus
3302 1427 3569 1493 paternis,
3623 1429 3793 1481 comi-

2195 1527 2358 1570 tatum
2411 1516 2575 1584 patris
2624 1513 2877 1581 ambivit,
2942 1514 3405 1584 supplantavitque
3453 1518 3789 1587 genitorem,

2193 1624 2351 1679 quem
2403 1608 2683 1662 sublevare
2731 1608 3009 1661 debuerat.
3065 1607 3143 1660 Ex
3198 1606 3300 1661 hoc
3346 1623 3471 1661 vero
3518 1610 3791 1679 gradatim

506 1707 763 1776 litudinis,
792 1705 1074 1774 evaginato
1098 1703 1304 1773 gladio,
1337 1717 1642 1771 cornuaque
1687 1702 1831 1756 ensis
1861 1702 2088 1771 pedibus
2119 1705 2165 1765 Β
2199 1703 2505 1772 proﬁciens,
2532 1700 2597 1754 ad
2628 1700 2801 1769 majus
2823 1701 3033 1754 culmen
3064 1711 3283 1755 evectus
3319 1711 3420 1755 est.
3452 1700 3623 1769 Igitur
3662 1717 3789 1770 pro-

506 1799 741 1864 calcans,
772 1810 995 1851 acumen
1025 1795 1090 1848 ad
1122 1802 1305 1861 pectus
1345 1793 1535 1856 erexit,
1570 1792 1965 1861 impressusqne
1993 1791 2086 1846 de-

505 1908 689 1962 super,
717 1890 922 1961 gladius
947 1889 1017 1944 ab
1037 1904 1139 1943 una
1168 1889 1437 1957 ingressus
1468 1887 1699 1941 mamilla
1742 1887 1795 1940 in
1823 1887 2085 1953 spatulam

504 1984 646 2039 dorsi
675 1996 946 2052 regressus
976 1988 1060 2035 est
1084 1997 1099 2032 :
1127 1988 1443 2045 erectusque
1474 1977 1689 2039 iterum,
1729 1976 1979 2029 similiter
2010 1976 2088 2029 al-

505 2085 614 2130 tera
644 2073 872 2128 mamilla
905 2072 1173 2140 perfossus
1199 2069 1411 2129 cecidit.
1449 2078 1504 2122 et
1533 2077 1774 2121 mortuus
1798 2077 1883 2121 est
1906 2081 1918 2123 :
1943 2066 2085 2136 quod

503 2181 606 2219 non
635 2166 751 2219 sine
795 2161 992 2216 diaboli
1035 2174 1197 2229 opere
1237 2158 1526 2226 perfectum
1572 2157 1745 2210 scelus
1785 2157 1958 2210 mirati
1987 2171 2083 2211 su-

504 2268 641 2309 mus.
671 2252 803 2307 Nam
847 2252 1011 2320 prima
1050 2250 1209 2320 182
1232 2263 1353 2301 eum
1386 2247 1535 2315 plaga
1562 2247 1864 2302 interﬁcere
1894 2248 2082 2316 potuit,

503 2346 546 2400 si
576 2360 683 2401 non
724 2344 967 2399 diabolus
1009 2342 1425 2399 sustentaculum
1457 2340 1804 2409 praebuisset,
1836 2357 1943 2411 quo
1972 2344 2086 2396 haec

508 2434 733 2490 nefanda
750 2443 1043 2503 perageret.
1060 2432 1235 2486 Currit
1252 2439 1421 2485 mater
1434 2430 1716 2496 exanimis,
1733 2440 1787 2485 et
1805 2445 1964 2501 supra
1990 2432 2079 2486 filii

508 2524 883 2594 corpusculum
912 2522 1096 2576 orbata
1125 2521 1442 2587 collabitur,
1489 2529 1651 2591 atque
1682 2522 1861 2576 omnis
1886 2518 2082 2577 familia

509 2630 668 2670 voces
690 2615 930 2684 planctus
955 2613 1170 2668 emittit.
1203 2612 1577 2669 Verumtamen
1606 2614 1672 2668 ad
1701 2616 2082 2669 monasterium

513 2707 949 2763 Chrononensem
977 2713 1002 2741 ⁸
1019 2704 1225 2760 delatus
1236 2704 1518 2774 sepulturae
1538 2703 1837 2767 mandatur,
1852 2703 1946 2757 sed
1971 2719 2075 2757 non

513 2801 662 2869 juxta
699 2798 1122 2855 Christianorum
1149 2795 1404 2851 cadavera
1446 2796 1669 2864 positus,
1694 2794 1791 2848 sed
1836 2808 1933 2849 nec
1963 2794 2084 2848 Mis-

512 2908 691 2948 sarum
711 2891 967 2945 solemnia
986 2889 1179 2944 meruit
1196 2888 1245 2943 δ.
1276 2888 1426 2956 Quod
1449 2902 1553 2942 non
1590 2888 1660 2940 ob
1681 2886 1839 2941 alm
1867 2900 2082 2940 causam

508 2983 604 3038 nisi
626 2983 696 3038 ob
739 2981 985 3050 injuriam
1012 2979 1270 3049 episcopi,
1311 2978 1423 3032 haec
1443 2980 1493 3033 ei
1522 2976 1766 3031 evenisse
1806 2975 2080 3045 probatur.

2194 1795 2561 1865 rumpentibus
2612 1795 2976 1865 Langobardis
3005 1795 3058 1849 in
3090 1782 3312 1861 Gallias,
3360 1799 3579 1850 Amatus
3612 1798 3787 1865 patri-

2193 1891 2337 1954 cius,
2369 1887 2459 1959 qui
2489 1903 2658 1956 nuper
2679 1888 2817 1942 Celsi
2844 1902 3123 1943 successor
3147 1892 3452 1951 exstiterat,
3476 1900 3665 1943 contra
3693 1903 3790 1944 eos

2195 1979 2346 2045 abiit,
2393 1979 2786 2047 comntissoque
2834 1977 2975 2031 bello
3020 1986 3169 2046 terga
3206 1979 3382 2045 vertit,
3428 1979 3788 2047 ceciditque:

2194 2070 2285 2123 ibi.
2313 2070 2647 2138 Tantamque
2674 2081 2797 2122 tunc
2828 2080 3060 2139 stragem
3092 2067 3424 2139 Langobardi
3452 2070 3697 2123 feruntur
3722 2072 3790 2123 fe.

2189 2162 2325 2214 cisse
2347 2160 2412 2214 de
2443 2159 2924 2229 Burgundionibus,
2953 2169 3009 2212 ut
3051 2174 3155 2213 non
3188 2160 3360 2227 possit
3388 2162 3564 2228 colligi
3598 2176 3785 2215 nume-

2189 2266 2279 2305 rus
2320 2251 2661 2305 occisorum:
2695 2250 3007 2319 oneratique
3059 2248 3237 2317 prasda
3284 2250 3651 2306 discesserunt
3682 2253 3785 2307 ite-

2190 2358 2304 2396 rum
2348 2343 2400 2396 in
2433 2341 2656 2397 Italiam.
2701 2342 2907 2407 Qu.bus
2952 2341 3372 2408 discedentibus,
3413 2342 3643 2411 Ennius,
3688 2344 3782 2412 qui

2188 2443 2237 2487 et
2271 2432 2607 2494 Mnmmolus,
2633 2432 2923 2485 arcessitus
2951 2446 2979 2484 a
3013 2447 3160 2501 rege,
3193 2433 3509 2498 patriciatus
3559 2435 3782 2489 culmen

2189 2526 2401 2580 meruit.
2448 2525 2775 2581 Irrucutibus
2818 2529 3007 2580 iterum
3054 2528 3413 2599 Langobardis
3450 2532 3504 2585 in
3537 2531 3782 2595 Gallias,

2187 2629 2239 2673 et
2260 2633 2426 2687 usque
2452 2618 2911 2674 Mustias-Calmes
2930 2617 2959 2655 ιι
2984 2621 3385 2687 accedentibus,
3404 2624 3544 2693 quod
3569 2624 3782 2693 adjach

2187 2708 2384 2762 civitati
2417 2708 2803 2775 Ebredonensi,
2836 2710 3151 2766 Mummolus
3173 2712 3466 2767 exercitum
3497 2726 3702 2775 movet,
3728 2728 3783 2769 et

2186 2814 2307 2852 cum
2358 2799 2818 2867 Burgundionibus
2867 2799 2992 2854 illuc
3035 2800 3409 2869 prolic‘scitur.
3457 2804 3782 2859 Circumda-

2189 2890 2357 2956 lisque
2387 2887 2750 2957 Langobardis
2771 2904 2889 2943 cum
2916 2894 3174 2958 exercitu,
3210 2890 3360 2947 factis
3390 2894 3552 2947 etiam
3582 2897 3778 2951 conci-

2186 2979 2361 3044 dibus,
2390 2994 2489 3048 per
2513 2980 2670 3034 devia
2714 2980 2968 3035 silvarum
2999 2983 3154 3036 irruit
3182 2997 3345 3053 super
3374 3000 3470 3041 eos
3514 3003 3527 3038 :
3575 2990 3784 3042 multos

574 3074 687 3129 XLI
733 3073 839 3147 [ΑΙ.
896 3071 1078 3144 xxxv].
1120 3073 1381 3127 Alboinus
1424 3087 1552 3125 vero
1606 3070 2078 3136 Langobardorum
2107 3086 2157 3148 ρ
2188 3071 2471 3136 interfecit,
2505 3072 2790 3125 nonnullos
2821 3073 2987 3139 cepit,
3020 3084 3075 3128 ct
3105 3075 3213 3142 regi
3244 3074 3458 3130 direxit.
3508 3077 3661 3144 Quos
3689 3080 3782 3133 ille

507 3179 632 3229 rex,
662 3164 752 3231 qui
802 3160 1241 3216 Cblothosindam
1287 3161 1431 3227 regis
1472 3159 1874 3215 Cblothacharii
1921 3160 2081 3214 ﬁliam

509 3254 759 3317 habebat,
792 3252 975 3306 relicta
1001 3251 1222 3321 regione
1264 3264 1389 3316 sua,
1424 3249 1625 3304 Italiam
1654 3265 1771 3304 cum
1803 3248 1949 3303 omni
1992 3249 2082 3302 illa

507 3344 975 3415 Langobardorum
1004 3352 1026 3380 ο
1058 3350 1215 3414 gente
1248 3342 1413 3410 petiit.
1446 3341 1581 3396 Nam
1617 3350 1892 3396 commoto
1927 3355 2083 3394 exer-

515 3438 649 3501 citu,
696 3450 815 3489 cum
845 3432 1098 3487 uxoribus
1134 3441 1188 3487 et
1215 3432 1397 3487 liberis
1437 3431 1642 3497 abiere,
1690 3432 1815 3485 illuc
1849 3445 2083 3485 comma-

510 3542 642 3582 nere
669 3524 1044 3580 deliberantes.
1067 3522 1237 3588 Quam
1266 3523 1538 3593 regionem
1570 3522 1819 3591 ingressi,
1852 3522 2086 3576 maxime

508 3633 601 3687 per
649 3624 852 3685 septem
893 3628 1063 3668 annos
1109 3622 1477 3683 pervagantes,
1528 3609 1768 3678 spoliatis
1815 3609 2080 3673 ecclesiis,

506 3707 878 3764 sacerdotibus
908 3705 1232 3769 interiectis,
1275 3704 1327 3756 in
1379 3718 1528 3756 suam
1562 3701 1805 3772 redigunt
1846 3712 2081 3769 potesta-

510 3807 640 3852 tem.
670 3797 870 3851 Mortua
902 3804 1076 3849 autem
1094 3792 1477 3849 Chluthosinda
1496 3808 1660 3848 uxore
1677 3793 1908 3859 Alboini,
1928 3795 2082 3848 aliam

507 3889 658 3941 duxit
704 3886 980 3956 conjugem
1007 3925 1022 3950 ,
1068 3886 1219 3954 cujus
1272 3895 1473 3954 patrem
1531 3893 1655 3940 ante
1696 3901 1917 3955 paucum
1948 3894 2084 3941 tem-

505 3995 604 4051 pus
638 3978 994 4033 interfecerat.
1026 3976 1139 4044 Qua
1191 3976 1261 4032 de
1293 3992 1451 4031 causa
1495 3977 1682 4031 mulier
1706 3978 1757 4031 in
1790 3977 1915 4033 odio
1943 3991 2083 4033 sem—

510 4087 603 4141 per
630 4073 797 4125 virum
834 4070 1052 4134 habens,
1086 4068 1261 4123 locum
1294 4070 1692 4138 opperiebatur,
1729 4069 1781 4123 in
1809 4085 1917 4139 quo
1964 4086 2086 4138 pos-

575 4209 713 4265 llSic
761 4208 1054 4275 appellatur
1084 4206 1137 4259 in
1189 4204 1389 4258 Bellov.
1419 4214 1474 4259 et
1513 4203 1989 4275 Corb.77InUColb.
2029 4213 2085 4259 et

505 4280 644 4350 apud
672 4273 894 4350 Chean
924 4276 1333 4350 Catanensium;
1362 4275 1599 4350 plerique
1627 4274 1715 4326 alii
1742 4273 1892 4350 editi,
1927 4273 2085 4326 Dira-

505 4342 756 4403 némium.
792 4349 902 4401 llnc
943 4348 1004 4400 S.
1036 4344 1242 4407 Gallus,
1294 4353 1476 4410 postea
1510 4345 1735 4396 Arvern.
1783 4342 1950 4407 episc.
2001 4358 2084 4396 se-

2189 3178 2284 3232 per
2312 3164 2428 3218 loca
2478 3165 2751 3233 dispersos
2790 3162 3058 3221 custodire
3090 3173 3363 3235 prmcepit,
3411 3170 3596 3237 paucis
3635 3186 3781 3241 quo-

2186 3253 2469 3306 dammodo
2500 3268 2592 3321 per
2622 3252 2798 3319 fugam
2831 3254 3046 3322 elapsis,
3078 3256 3169 3324 qui
3220 3256 3404 3323 patria:
3434 3259 3751 3313 nuntiarent
3778 3299 3785 3311 .

2257 3345 2415 3400 XLIII
2446 3346 2553 3418 [ΑΙ.
2585 3345 2808 3417 xxsvn].
2841 3346 3176 3414 Fueruntque
3205 3350 3256 3404 in
3287 3349 3387 3404 hoc
3408 3351 3591 3419 prailio
3619 3352 3784 3407 Salu-

2187 3436 2305 3491 nias
2332 3437 2350 3473 ⁸
2398 3445 2452 3490 et
2485 3437 2799 3506 Sagittarius
2830 3437 3018 3492 fratres
3046 3446 3206 3506 atque
3249 3441 3510 3509 episcOpi,
3537 3441 3629 3508 qui
3671 3459 3783 3498 non

2185 3544 2344 3585 cruce
2386 3529 2590 3584 cmlesli
2633 3530 2845 3595 muniti,
2876 3531 2970 3585 sed
3014 3530 3165 3601 galea
3193 3540 3283 3585 aut
3311 3532 3480 3587 lorica
3523 3537 3780 3590 smculari

2185 3619 2395 3684 armati,
2442 3621 2638 3675 multos
2686 3621 2929 3675 manibus
2980 3621 3229 3691 propriis,
3262 3625 3402 3690 quod
3460 3624 3616 3694 pejus
3669 3637 3784 3693 est,

2187 3712 2514 3767 interfecisse
2542 3713 2859 3765 referuntur.
2893 3712 3019 3767 Ilaec
3047 3711 3218 3782 prima
3255 3714 3524 3769 Mummoli
3571 3717 3623 3769 in
3660 3732 3786 3772 cer-

2190 3805 2384 3855 tamme
2414 3802 2633 3855 victoria
2663 3801 2775 3856 fuit.
2811 3801 3054 3857 Postbzec
3082 3801 3344 3868 Saxones,
3379 3807 3466 3873 qui
3490 3818 3614 3859 eum
3646 3806 3783 3862 Lau-

2186 3893 2436 3963 gobardis
2472 3892 2524 3946 in
2557 3892 2760 3947 Italiam
2801 3903 3079 3960 venerant,
3112 3895 3301 3950 iterum
3335 3908 3691 3966 prorumpunt
3725 3901 3780 3955 in

2189 3981 2406 4047 Gallias,
2455 3991 2510 4036 et
2555 3980 2688 4036 infra
2743 3982 3063 4037 territorium
3120 3986 3381 4053 ltegense,
3431 3985 3481 4038 id
3513 3989 3781 4055 estapud

2187 4072 2493 4128 Stabloncm
2533 4074 2549 4122 l
2586 4072 2763 4125 villam
2804 4081 2974 4126 castra
3008 4082 3231 4141 ponunt,
3281 4073 3649 4129 discurrentes
3682 4092 3785 4146 per

2189 4212 2418 4266 comites
2446 4211 2779 4274 dicebantur,
2811 4212 3115 4266 civitatibus
3136 4225 3228 4265 seu
3259 4210 3468 4279 oppidis
3491 4212 3541 4264 in
3564 4224 3783 4268 certum

2186 4292 2397 4348 tempus
2430 4296 2735 4349 praeponere
2768 4297 2781 4335 ε
2816 4281 3005 4346 quibus
3036 4295 3254 4336 munera
3284 4282 3692 4348 praestantibus,
3731 4287 3781 4339 si

2186 4352 2254 4405 de
2278 4351 2343 4405 iis
2373 4366 2528 4422 nemo
2558 4352 2895 4418 querebatur,
2932 4350 3087 4422 facile
3117 4352 3169 4404 in
3195 4349 3336 4422 idem
3363 4353 3618 4422 temporis
3645 4370 3781 4422 spa-

504 4418 684 4501 cessitl,
717 4427 775 4501 ut
821 4418 871 4501 in
902 4416 1019 4501 ejus
1050 4413 1166 4501 Vita
1214 4414 1429 4473 dicitur,
1461 4414 1601 4501 inter
1648 4411 1794 4464 Vitas
1839 4412 2071 4501 Patrum,

2198 4411 2707 4501 Lium‘tnagistt‘atus
2759 4411 3171 4501 concedebatur.
3245 4421 3368 4501 Nam}
3423 4411 3586 4501 etiam
3622 4411 3783 4501 _e'rat

502 4502 620 4555 cap.
651 4485 706 4541 6.
735 4486 904 4540 Ilodie
932 4482 1088 4552 vulgo
1108 4485 1330 4546 Cornon,
1363 4482 1725 4555 sett_Courno_n
1745 4482 2073 4555 appellatur,

504 4550 591 4613 ubi
619 4556 908 4623 Collegium
939 4550 1314 4623 canonicorum
1338 4553 1436 4605 sub
1459 4552 1514 4604 S.
1551 4550 1759 4623 Martini
1786 4552 1958 4623 titulo.

577 4625 609 4665 ιθ
636 4620 868 4680 Observa
900 4623 986 4676 hic
1031 4622 1221 4676 missas
1252 4637 1346 4690 pro
1376 4623 1593 4674 defunct
1614 4636 1640 4674 s
1663 4620 1789 4672 olim
1818 4620 1921 4673 dicl
1951 4620 2076 4673 soli.

505 4706 607 4765 tas,
637 4698 680 4750 si
730 4696 779 4748 id
827 4693 957 4765 ipsis
987 4690 1114 4765 utile
1147 4690 1268 4765 [ore
1303 4702 1631 4765 speraretur.
1677 4690 1805 4744 Vide
1837 4690 2077 4744 Mabillo-

503 4759 646 4823 nium
681 4765 774 4821 lib.
807 4759 1116 4828 ιιιίιιιικίειι
1139 4759 1350 4824 Gallic.,
1382 4776 1531 4814 num.
1564 4761 1651 4814 70.

581 4849 602 4875 ο
646 4835 781 4890 Editi
813 4835 1135 4900 complures,
1161 4846 1275 4883 cum
1298 4840 1514 4898 quatuor
1534 4830 1751 4883 millium
1782 4828 2079 4900 Langobar-

505 4907 713 4962 dorum.
748 4905 941 4959 Marius
969 4904 1019 4955 in
1052 4900 1314 4955 Chronico
1337 4900 1548 4953 Alboini
1571 4902 1622 4953 in
1653 4900 1852 4953 Italiam
1886 4903 2081 4969 migra-

505 4979 700 5032 tionem
732 4973 948 5031 revocat
978 4972 1043 5026 ad
1074 4986 1161 5024 an.
1190 4968 1315 5026 569.
1350 4970 1474 5038 Ejus
1504 4984 1628 5024 vero
1652 4984 1834 5023 necem
1863 4971 1927 5022 ad
1952 4970 2075 5024 572.

578 5044 607 5085 ἀ
643 5047 766 5101 Ιῑωο
789 5054 904 5099 erat
928 5041 1285 5102 Rosemunda,
1310 5040 1629 5094 Cunimuudi
1654 5038 1975 5106 Gepidarum
2001 5057 2081 5095 re-

502 5118 583 5184 gis
616 5118 743 5181 lilia,
773 5130 891 5185 qua:
922 5114 1093 5185 primo
1116 5110 1410 5185 ‘Alboinum
1463 5111 1708 5163 maritum
1738 5111 1918 5185 necari
1958 5125 2079 5185 pro-

508 5180 733 5249 curavit,
766 5180 874 5238 tum
906 5180 1249 5252 llehuigisum
1290 5180 1588 5252 adulterum
1640 5194 1846 5252 veneno
1876 5180 2079 5252 interpli-

509 5269 634 5308 cere
685 5265 893 5319 conata,
947 5250 1207 5319 reliquum
1261 5251 1450 5305 veneni
1501 5252 1568 5303 ah
1615 5252 1730 5319 ipso
1752 5250 1858 5318 jam
1905 5250 2078 5304 media

508 5333 659 5391 parte
686 5324 939 5377 ebibitum
988 5321 1169 5376 bibere
1213 5330 1417 5387 coacta,
1450 5321 1610 5381 simul
1663 5322 1911 5391 periere.
1947 5320 2078 5374 Vide

508 5390 655 5446 Pauli
713 5392 993 5445 llistoriam
1067 5390 1539 5460 Langobardorum
1591 5392 1686 5446 lib.
1739 5405 1778 5456 ι,
1808 5406 1861 5444 c.
1893 5390 1984 5455 27,
2029 5400 2083 5445 ct

506 5463 598 5517 lib.
628 5478 686 5524 ιι,
715 5475 836 5527 cap.
869 5462 939 5513 εδ
969 5470 1024 5514 et
1048 5460 1138 5513 ‘29.

580 5542 603 5567 ⁸
639 5530 780 5585 Editi
808 5530 1027 5598 aliquot.
1058 5528 1254 5583 Ρωηὶο.
1283 5528 1459 5591 Colb.,
1498 5528 1698 5582 Piom’o.

584 5601 601 5639 ί
638 5602 693 5655 Id
725 5609 809 5653 cst
837 5608 895 5652 ut
951 5600 1197 5653 comitiva
1250 5600 1349 5653 sibi
1400 5609 1795 5666 prorogaretur.
1827 5598 2083 5655 Solebant

504 5674 645 5729 enim
702 5680 825 5726 tunc
872 5683 1022 5735 reges
1051 5670 1219 5724 nostri
1262 5668 1471 5734 iudices
1502 5682 1597 5723 seu
1641 5669 1945 5737 prazl'ectos,
1993 5672 2082 5739 qui

2180 4490 2500 4559 quandoque
2515 4490 2577 4542 ad
2602 4491 2902 4560 superiores
2923 4490 3205 4560 dignitates
3219 4490 3557 4558 pertingendi
3585 4492 3701 4555 via,
3722 4505 3783 4548 ιιι

2182 4558 2467 4615 Mummolo
2506 4558 2745 4625 contigit.
2780 4558 3002 4630 Actionis
3052 4572 3227 4614 autem
3297 4562 3512 4614 nomine
3567 4565 3786 4630 sacpius

2184 4630 2436 4755 plliciurin|
2466 4631 2725 4698 signatur.
2782 4628 2846 4682 V.
2900 4628 3121 4698 Bignon.
3172 4631 3224 4683 in
3278 4631 3373 4685 lib.
3420 4646 3436 4684 ι
3484 4628 3778 4703 Marculli,

2205 4715 2370 4755 orm..
2452 4740 2463 4750 .

2205 4702 2398 4756 ‘orm..I
2420 4702 2463 4752 I.

2262 4779 2286 4815 8
2316 4769 2452 4823 Editi
2478 4768 2733 4836 plerique,
2768 4769 3005 4821 Armatus
3041 4766 3286 4831 Paricius,
3331 4771 3420 4839 qui
3446 4786 3608 4838 nuper
3634 4771 3783 4827 Celsi

2183 4855 2462 4894 Successor.
2493 4840 2913 4907 Concurruntque
2957 4838 3047 4891 ibi.
3070 4839 3172 4893 Sed
3221 4838 3358 4903 apud
3394 4840 3608 4892 Paulum
3648 4841 3779 4895 Πεθ-

2187 4925 2380 4977 cunum
2401 4910 2489 4963 lib.
2509 4924 2588 4973 ιιι,
2615 4924 2732 4974 cap.
2753 4909 2805 4966 3.
2827 4908 3020 4960 dicitur
3040 4923 3249 4977 quoque
3261 4918 3470 4962 Amata:
3485 4907 3778 4967 Patricius.

2263 4976 2289 5016 ⁸³
2318 4980 2408 5035 Sic
2426 4978 2629 5032 Bellov.
2663 4981 2731 5032 At
2756 4978 2942 5042 Corln,
2978 4976 3445 5043 Musticascalmes;
3473 4980 3619 5045 Bcc.,
3662 4980 3785 5032 Μη-

2187 5048 2528 5104 tias-calmcs.
2565 5049 2702 5101 Edtti
2734 5047 3005 5110 nonnulli,
3035 5048 3084 5099 Μ
3095 5049 3471 5101 uaciascalmes.
3520 5048 3782 5104 Nostram

2188 5120 2470 5173 lectionem
2488 5119 2639 5171 habet
2657 5118 2846 5171 Paulus
2868 5118 2956 5171 lib.
2974 5132 3028 5171 ιιι
3046 5117 3240 5171 Histor.
3263 5118 3521 5183 Langob.,
3537 5133 3587 5171 c.
3603 5119 3666 5186 ι,
3688 5122 3785 5175 ubi

2186 5200 2239 5243 et
2284 5189 2418 5241 hanc
2467 5187 2947 5255 Langobardorunq
2971 5188 3325 5241 incursionem
3357 5188 3635 5241 describit.

2269 5257 2284 5295 ί
2324 5257 2462 5312 Editi
2512 5258 2734 5327 aliqunt,
2794 5255 3055 5327 Salvinus.
3085 5257 3222 5323 quod
3256 5258 3351 5327 sic
3400 5258 3639 5325 legerent
3683 5276 3787 5327 pro

2187 5327 2454 5398 Salunius,
2481 5336 2537 5380 ut
2567 5325 3055 5398 inCoIb.Salonius
3090 5326 3510 5391 Ebrcdunensis,
3542 5325 3786 5398 Sagitta-

2185 5400 2294 5453 rius
2329 5397 2672 5465 Vapincensis
2701 5396 2935 5465 episcopi
2968 5394 3138 5450 fuere.

2268 5468 2281 5517 i
2316 5464 2641 5532 Sics'eteres
2688 5479 2843 5529 mss;
2873 5464 3098 5528 Ctresn"
3132 5464 3446 5532 Staplonem.
3494 5465 3589 5519 llic
3620 5466 3787 5521 locus

2190 5537 2351 5590 hodie
2378 5537 2570 5591 dicitur
2592 5534 2749 5604 vulgo
2780 5533 3016 5599 Stoblon,
3046 5535 3128 5589 vel
3158 5533 3432 5603 Establou,
3466 5536 3517 5589 in
3540 5536 3785 5592 dioecesi

2189 5607 2459 5677 Regiensi,
2488 5607 2550 5661 de
2582 5605 2724 5673 lliez,
2750 5604 2803 5657 In
2835 5604 3136 5659 Provincia.
