3994 6194
214 306 281 361 505
1096 297 1408 356 HISTORIA
1450 288 1889 349 FliA‘NCOliUM.
1933 287 2136 342 LIBER
2174 285 2515 355 QUARTUS.

3322 281 3411 335 ἵῦ(

218 423 324 476 villas
348 422 557 475 urbium
605 419 924 479 vicinarum.
973 416 1287 485 diripientes
1317 412 1552 482 prmdas,
1582 409 1747 478 capti-
1776 404 1825 464 Α
1851 406 2063 479 ingenio
2095 403 2276 459 nescio
2306 418 2410 470 quo
2440 399 2537 454 fuit
2564 418 2577 453 :
2611 399 2749 453 unde
2776 399 3012 453 nonnulli
3058 399 3157 451 hoc
3189 397 3310 449 dolo
3338 410 3421 448 se-

219 531 279 567 vos
299 515 636 574 abducentes,
682 512 762 564 vel
813 511 973 563 etiam
1023 519 1210 562 cuncta
1258 513 1549 559 vastantes.
1595 500 1745 568 Quod

220 621 298 658 cum
320 603 634 659 Mummnlns
662 601 1035 667 comperisset,
1090 599 1381 654 exercitum
1414 605 1612 660 movet,
1676 593 1749 647 ir-

220 712 429 763 rttensque
465 712 630 764 super
658 709 776 755 eos,
814 694 975 746 multa
999 708 1064 747 ex
1096 693 1177 745 his
1203 692 1361 745 millia
1387 687 1673 754 interfecit,
1697 694 1750 737 ct

220 802 339 855 usque
370 786 524 855 185.
544 786 608 837 ad
644 798 920 849 vesperam
946 782 1155 836 credere
1190 796 1291 834 non
1325 780 1545 843 destitit,
1577 777 1751 831 donec

219 893 290 931 nox
315 877 464 929 linem
498 876 714 929 laceret.
748 874 966 942 Ignaros
998 872 1136 924 enim
1181 880 1450 939 repererat
1481 867 1747 931 homines,

216 977 255 1021 ct
273 968 377 1020 nihil
417 967 481 1021 de
527 968 610 1020 his
639 982 758 1034 qua:
807 972 1147 1017 accesserunt
1199 969 1555 1015 autumantes.
1600 958 1750 1010 Mane

215 1068 354 1112 autem
385 1061 517 1112 tacto
546 1066 789 1112 statuunt
824 1056 1066 1111 Saxones
1090 1053 1411 1114 exercitum,
1447 1063 1751 1118 prmparan-

216 1158 275 1202 tes
295 1164 344 1202 se
372 1149 433 1202 ad
462 1150 681 1202 bellum.
710 1147 813 1202 Sed
848 1143 1322 1200 intercurrentibus
1349 1142 1545 1194 tutntiis
1568 1154 1749 1207 pacent

212 1240 437 1301 fecerunt,
471 1239 715 1306 datisque
738 1236 1048 1291 muneribus
1078 1232 1392 1295 Mutnmolo,
1422 1232 1605 1285 relicta
1631 1228 1750 1281 uni-

206 1346 331 1385 versa
372 1332 604 1397 regionis
650 1330 827 1399 praeda
864 1345 984 1382 cum
1015 1328 1261 1396 captivis,
1295 1325 1654 1380 discesserunt
1678 1332 1702 1359 ι
1733 1338 1747 1375 :

200 1424 412 1491 iurantes
458 1423 605 1488 prius
636 1420 775 1489 quod
826 1419 889 1471 ad
950 1418 1329 1487 subjectionem
1360 1430 1565 1483 regum,
1612 1414 1754 1467 Sola-

202 1516 410 1581 tinmque
435 1513 532 1637 Vt.
565 1509 839 1581 auxilium]
864 1510 1184 1563 Francorum
1214 1508 1388 1559 redire
1418 1503 1744 1560 deberentin

205 1584 404 1637 Gallias.
460 1587 598 1637 eitur
628 1581 856 1637 regressi
885 1581 1119 1635 Saxones
1152 1580 1201 1631 in
1231 1575 1744 1637 ltaliam,assumptis

205 1575 404 1637 Gallias.
438 1575 598 1652 igitur
628 1575 856 1650 regressi
885 1581 1119 1635 Saxones
1152 1580 1201 1631 in
1231 1575 1753 1643 ltaliam,assumptis

194 1688 356 1726 secum
389 1672 640 1727 uxoribus
664 1680 719 1725 et
748 1669 1003 1735 parvulis,
1031 1668 1116 1722 vel
1149 1667 1295 1721 omni
1327 1664 1661 1729 supellectile
1680 1663 1753 1717 fa-

1853 500 2019 561 ducti,
2049 511 2231 550 aurum
2256 495 2441 549 dantes
2468 501 2521 545 et
2549 508 2623 545 {es
2668 490 3009 558 accipientes,
3046 502 3305 559 pauperes
3348 485 3424 539 fa~

1852 590 1921 644 eti
1949 600 2090 643 sunt.
2124 588 2186 642 lli
2218 602 2344 641 vero
2373 584 2437 638 ad
2468 585 2790 654 Sigibertum
2836 598 3013 652 regem
3058 590 3423 646 transeuntes,

1853 682 1903 735 in
1934 681 2105 734 locum
2137 678 2277 733 unde
2305 678 2450 746 prius
2478 676 2674 744 egressi
2702 675 2929 740 fuerant,
2961 675 3178 729 stabi'iti
3202 683 3346 728 sunt.

1924 772 2085 827 XLIV
2109 771 2217 843 [ΑΙ.
2254 768 2475 840 xxxvtt].
2504 769 2560 823 lu
2592 766 2612 805 ί
2649 785 2810 837 regno
2849 781 3022 821 autem
3062 767 3307 829 Siaiberti
3339 781 3429 819 re-

1851 866 1953 934 gis,
1983 875 2190 920 remoto
2214 864 2280 917 ab
2311 864 2512 916 honore
2538 861 2727 916 Jovino
2754 871 2964 915 rectore
2986 861 3299 923 Provinciae,
3332 859 3428 912 Al-

1853 956 2007 1009 binus
2037 956 2230 1008 inloco
2252 954 2370 1024 ejus
2402 956 2740 1020 subrogatur.
2778 954 3016 1021 Magnam
3050 952 3187 1005 inter
3207 965 3300 1004 eos
3333 950 3427 1003 iui-

1853 1047 2103 1100 tnicitiam
2134 1046 2249 1099 haec
2292 1060 2450 1099 causa
2500 1048 2686 1114 gessit.
2720 1045 2881 1113 Igitur
2922 1043 3324 1101 advenientibus
3358 1040 3423 1095 ad

1850 1139 2116 1206 cataplum
2148 1136 2552 1191 Massiliensium
2600 1137 2821 1190 navibus
2870 1137 3234 1191 transmarinis
3258 1145 3304 1200 κ,
3332 1136 3425 1189 γι-

1851 1227 1961 1295 gilii
2012 1226 2372 1281 archidiaconi
2423 1224 2669 1280 homines
2724 1227 3056 1295 septuaginta
3105 1240 3253 1289 vasa,
3308 1240 3427 1293 quae

1852 1319 2007 1383 vulgo
2037 1316 2464 1386 orcashvocant,
2498 1317 2600 1371 olei
2652 1317 3062 1387 liquaminisque
3095 1317 3247 1371 furati
3279 1324 3424 1377 sunt.

1855 1409 2121 1463 nesciente
2142 1408 2700 1478 domino.Negotiator
2725 1420 2903 1465 autem
2936 1425 3054 1464 cum
3084 1410 3423 1475 cognovisset

1854 1497 1952 1551 sibi
1981 1514 2093 1551 rem
2140 1498 2280 1552 furto
2326 1500 2555 1551 ablatam
2604 1499 2785 1565 fuisse,
2832 1501 3096 1568 inquirere
3145 1500 3425 1570 diligenter

1857 1590 2039 1654 ρωιιίι,
2072 1605 2175 1657 quo
2224 1589 2417 1643 furtum
2465 1591 2514 1643 in
2549 1593 2664 1643 loco
2703 1590 2888 1647 fuisset
2918 1592 3269 1646 reconditum.
3303 1590 3428 1645 H:ec

1861 1682 2156 1750 inquirens,
2210 1683 2376 1736 audiit
2418 1698 2449 1737 a
2495 1684 2744 1752 quodam,
2774 1684 2913 1753 quod
2966 1685 3208 1740 homines
3255 1685 3430 1754 Vigilii

192 1761 411 1826 eultatis,
441 1760 615 1814 redire
644 1758 700 1812 in
744 1757 941 1813 Gallias
987 1756 1340 1819 destinantes,
1390 1754 1592 1808 scilicet
1620 1763 1678 1806 ut
1721 1768 1750 1806 a

1864 1772 2220 1827 archidiaconi
2270 1782 2685 1842 perpetrassent.
2718 1774 3042 1829 Perveniunt
3088 1776 3202 1830 haec
3241 1775 3306 1829 ad
3337 1791 3426 1829 ar-

192 1850 443 1918 Sigiberto
471 1866 597 1920 rege
621 1849 855 1911 collecti,
885 1848 935 1901 in
968 1848 1089 1903 loco
1114 1848 1257 1901 unde
1283 1846 1485 1915 egressi
1517 1846 1748 1909 fuerant,

194 1942 560 1996 Stabilirentur.
598 1941 965 2008 Feceruntque
992 1954 1056 1991 ex
1096 1952 1156 1992 se
1197 1938 1351 1998 duos,
1380 1945 1437 1989 ut
1460 1935 1631 2000 aiunt,
1660 1949 1754 1989 cu-

197 2048 315 2086 neos
338 2049 353 2086 :
379 2043 432 2087 et
463 2047 599 2086 unus
619 2031 837 2099 quidem
868 2045 963 2096 per
988 2029 1205 2082 Nieeam
1237 2028 1447 2091 urbem,
1470 2026 1605 2081 alius
1625 2040 1753 2079 vero

197 2140 281 2191 per
303 2125 729 2179 Eb'edunensem
756 2122 920 2185 venit,
949 2122 1088 2175 illam
1113 2136 1299 2175 revera
1330 2128 1575 2175 tenentes
1589 2119 1752 2183 viam,

196 2230 336 2279 quam
376 2230 513 2268 anno
544 2214 824 2281 superiore
867 2222 1185 2267 tenuerant:
1220 2211 1602 2281 conjunctique
1631 2217 1755 2264 sunt

199 2305 248 2357 in
291 2306 598 2361 Avennicob
650 2305 942 2359 territorio.
998 2304 1125 2357 Erat
1179 2306 1322 2358 enim
1374 2312 1497 2358 tunc
1544 2310 1755 2370 tempus

200 2396 468 2456 messium.
523 2407 577 2449 et
608 2398 760 2450 locus
792 2396 881 2449 ille
928 2395 1159 2449 maxime
1205 2394 1409 2448 fructus
1456 2401 1612 2447 terrze
1658 2393 1757 2447 sub

200 2486 309 2539 divo
345 2485 465 2556 [ΕΛ.
494 2483 608 2555 dio]
655 2485 903 2547 habebat,
948 2498 1046 2538 nec
1073 2484 1359 2552 quidquam
1386 2497 1452 2537 ex
1499 2482 1580 2535 bis
1610 2481 1755 2535 domi

202 2577 377 2632 incolze
421 2579 855 2633 recondiderant.
891 2575 1126 2644 Denique
1152 2575 1466 2629 accedentes
1496 2574 1546 2626 in
1581 2586 1755 2638 areas,

203 2678 389 2736 segetes
414 2670 551 2724 inter
580 2684 643 2724 se
671 2667 949 2731 dividunt;
975 2665 1397 2733 colligentesqne
1422 2678 1486 2718 ac
1516 2664 1759 2716 triturano

204 2766 292 2820 tes,
324 2759 582 2814 frumenta
610 2757 983 2821 comedebant,
1015 2756 1145 2809 nihil
1170 2768 1236 2809 ex
1268 2754 1370 2818 bis,
1394 2754 1471 2807 eis
1500 2753 1585 2821 qui
1614 2752 1760 2806 labo-

204 2857 451 2912 raverant,
498 2849 889 2916 relinquentes.
938 2847 1131 2903 Verum
1180 2852 1460 2914 postquam
1514 2844 1761 2910 expensis

206 2939 446 2994 fructibus
497 2941 561 2993 ad
600 2942 749 2993 littus
783 2939 1021 2993 Rhodani
1076 2938 1250 2992 amnis
1296 2943 1675 2999 accesserunt,
1704 2944 1761 2989 ut

207 3040 453 3086 transacto
483 3042 744 3095 torrente,
777 3045 941 3098 regno
969 3044 1029 3084 sc
1073 3029 1215 3095 regis
1242 3026 1498 3097 Sigiberti
1548 3026 1760 3080 confer-

211 3130 335 3183 rent,
368 3123 595 3175 oecurrit
621 3123 700 3175 eis
732 3120 1069 3184 Mummolus,
1098 3119 1284 3173 dicens
1312 3135 1327 3172 :
1368 3116 1480 3172 Non
1513 3116 1759 3171 transibi-

211 3208 273 3261 tis
298 3219 577 3265 torrentem
609 3211 769 3264 bune.
817 3210 952 3264 Ecce
980 3209 1223 3279 regiones
1252 3208 1451 3262 domini
1484 3207 1584 3261 mei
1611 3206 1751 3273 regis

210 3298 568 3370 depopulastis,
600 3299 885 3369 collegistis
914 3308 1138 3368 segetes,
1156 3312 1351 3367 pecora
1375 3296 1689 3351 devastastis
1707 3304 1756 3358 ο,

213 3390 479 3445 tradidistis
508 3392 702 3445 domus
745 3389 1031 3453 incendiis,
1063 3389 1252 3443 oliveta
1280 3402 1343 3441 ac
1372 3387 1546 3440 vineta
1591 3387 1762 3440 succi-

213 3482 373 3537 distis.
418 3485 526 3538 Non
585 3482 908 3547 ascendetis,
962 3482 1061 3537 nisi
1112 3481 1442 3535 satisfacialis
1492 3480 1637 3547 prius
1680 3480 1761 3533 bis

212 3588 331 3629 suos
359 3575 569 3643 exiguos
601 3572 919 3642 reliquistis.
952 3571 1197 3641 Alioquin
1230 3586 1331 3624 non
1358 3570 1621 3639 ell'ugietis
1649 3586 1762 3623 ma-

213 3675 305 3715 nus
328 3679 486 3726 meas,
522 3666 621 3717 nisi
655 3678 848 3732 ponam
897 3662 1128 3731 gladium
1158 3676 1316 3728 super
1341 3675 1457 3726 vos,
1487 3670 1543 3715 et
1570 3675 1763 3716 uxores

214 3762 262 3802 et
292 3755 524 3818 parvulos
555 3766 783 3817 vestros,
814 3762 869 3807 et
895 3753 1121 3807 ulciscar
1146 3753 1391 3821 iniuriam
1417 3753 1619 3807 domini
1660 3753 1763 3807 mei

218 3841 584 3897 Guntcbramni
631 3843 793 3910 regis.
828 3844 977 3898 Tunc
1007 3843 1082 3896 illi
1122 3844 1371 3897 timentes
1400 3842 1573 3907 valde,
1609 3840 1763 3910 185

216 3936 390 3994 dantes
411 3943 572 3995 multa
622 3941 957 3994 nutnismatis
992 3938 1018 3977 δ
1068 3941 1215 3994 aurei
1246 3940 1405 3994 millia
1429 3954 1527 4007 pro
1559 3939 1769 3994 cedem-

219 4031 385 4093 ptinne
410 4048 499 4086 sua
532 4033 761 4086 transire
812 4032 1053 4099 permissi
1085 4040 1208 4084 sunt
1248 4048 1259 4082 :
1294 4040 1342 4083 et
1388 4030 1465 4083 sic
1517 4029 1767 4083 Arvernis

219 4132 575 4186 pervenerunt.
605 4122 734 4175 Erat
764 4130 889 4175 tunc
918 4136 1139 4174 vernum
1182 4130 1406 4188 tempus,
1432 4118 1772 4187 proferebant

218 4209 284 4262 ibi
311 4213 511 4281 regulas
547 4222 571 4249 ο
602 4214 725 4266 aeris
756 4212 948 4264 incisas
980 4226 1072 4277 pro
1098 4224 1248 4272 auro,
1273 4224 1403 4277 quas
1436 4209 1660 4276 quisque
1689 4209 1769 4259 vi-

218 4300 360 4366 deas,
408 4319 509 4357 non
539 4302 811 4357 dubitabat
839 4300 1004 4365 aliud,
1033 4300 1135 4353 nisi
1169 4299 1308 4367 quod
1354 4313 1540 4352 aurum
1570 4297 1769 4367 proba-

221 4397 325 4441 tum
371 4400 529 4459 atque
568 4391 925 4446 examinatum
953 4395 1117 4443 esset.
1157 4385 1246 4440 Sic
1288 4387 1428 4439 enim
1476 4385 1769 4438 coloratum

288 4516 309 4541 ι
336 4506 465 4561 Editi
498 4510 568 4562 ita
598 4522 803 4561 comma
831 4513 1120 4572 apponunt,
1146 4513 1202 4557 ut
1233 4503 1471 4558 Saxones
1498 4518 1616 4557 cum
1643 4519 1756 4559 can-

220 4574 332 4631 tivis
377 4578 693 4633 discessisse
744 4576 1057 4637 videantur;
1105 4583 1162 4626 at
1205 4589 1271 4627 ex
1327 4572 1489 4626 Paulo
1541 4575 1770 4627 ltiacuno

216 4644 302 4696 lib.
336 4663 415 4707 ιιι,
463 4664 581 4709 cap.
616 4645 670 4707 5,
718 4655 861 4709 patet
908 4646 999 4696 bas
1041 4658 1199 4698 voces
1242 4660 1357 4694 cum
1401 4643 1611 4711 captivis
1652 4659 1771 4697 esse

220 4716 634 4776 [incedentibus
664 4714 1080 4782 coniungendas,
1110 4727 1232 4782 cunt
1256 4713 1369 4782 ipse
1399 4712 1609 4770 haheat,
1658 4712 1773 4763 reli-

208 4787 295 4835 ctis
324 4787 533 4854 captivis
562 4796 607 4837 et
645 4780 875 4854 universa
916 4783 1087 4854 prrrda
1113 4780 1414 4854 inAltaliam
1438 4791 1775 4835 revertuntur.

210 4854 339 4910 \ide
362 4852 418 4909 et
440 4856 682 4921 ejusdem
714 4853 855 4905 Pauli
882 4868 997 4917 cap.
1029 4852 1059 4903 6
1089 4862 1142 4906 et
1170 4852 1225 4906 8.

278 4926 306 4963 δ
332 4926 425 4979 Sic
456 4919 589 4978 mss.
627 4923 761 4976 [Ξόίιί
794 4937 918 4974 vero
947 4936 1065 4974 cum
1099 4922 1219 4975 Bec.
1267 4920 1461 4973 habent
1505 4919 1778 4973 Arvernico

200 4998 268 5046 At
318 4994 654 5064 praeferenda
685 5008 814 5064 mss.
850 4991 1042 5064 lectio;
1096 5005 1215 5064 nam
1266 4988 1399 5041 infra
1426 4990 1775 5064 a_M‘nm_molo

200 5058 494 5133 intercepti
521 5071 649 5116 sunt
692 5064 741 5114 in
774 5060 1012 5133 lthodani
1047 5061 1270 5133 transitu
1297 5058 1482 5133 :‘quod
1520 5060 1636 5133 fieri
1672 5075 1775 5112 non

196 5128 492 5198 mlitisset,
547 5134 592 5187 si
634 5134 741 5197 jaut
773 5130 825 5184 in
873 5131 1164 5184 Arvernico
1208 5128 1477 5183 territorio
1515 5128 1777 5194 fuissent,

190 5197 362 5273 longe
391 5220 419 5255 a
454 5202 695 5256 Rhodani
725 5201 855 5267 ripis
888 5199 1079 5273 posito.
1111 5199 1438 5273 Desigttatur_
1463 5197 1638 5273 itaqtt_e
1678 5198 1779 5273 hoc

187 5276 246 5325 in
282 5266 413 5328 l'ooo
438 5266 808 5326 Avenionense
837 5266 1181 5323 territorium.
1214 5267 1375 5321 Nob:s
1417 5266 1555 5321 favet
1586 5268 1781 5322 Frede-

180 5359 406 5412 εει-ως.
432 5358 485 5395 c.
512 5343 601 5395 68.

264 5424 292 5451 ε
330 5412 583 5477 Plerique
612 5409 737 5462 editi
770 5407 969 5461 addunt
996 5407 1307 5460 trucidatus.

259 5480 294 5519 ἀ
328 5480 469 5533 Cod.
500 5479 684 5545 Corb.,
718 5478 1049 5531 numismata.

272 5564 299 5588 ε
338 5551 445 5604 Alii
474 5549 688 5611 habent,
721 5549 940 5615 tegulas.

276 5620 293 5657 ί
348 5623 462 5672 Hoc
493 5630 649 5682 caput
678 5614 832 5671 deest
864 5617 913 5667 itt
945 5617 1100 5669 Corb.
1126 5626 1180 5667 ct
1208 5614 1408 5667 Bcllov.

275 5700 302 5735 ε
345 5692 404 5742 In
436 5688 701 5756 plerisque
746 5686 929 5756 editis,
968 5684 1782 5756 Advenientibustransmarinis:

190 5753 642 5817 uten'ctnissa
674 5765 821 5813 sunt.
856 5753 979 5808 llaec
999 5768 1157 5819 porro
1180 5753 1318 5823 apud
1349 5754 1628 5811 Massiliam
1658 5769 1786 5810 con-

1801 4450 1855 4512 Ι)

1852 1862 2244 1927 chidiaeonem,
2269 1863 2355 1926 qui
2390 1864 2661 1932 inquirens
2694 1872 2748 1918 ct
2770 1865 3069 1929 inveniens,
3091 1880 3428 1934 nequaquam

1853 1956 2141 2026 publicare,
2175 1956 2267 2008 sed
2320 1970 2583 2011 excusare
2628 1971 2754 2011 suos
2802 1958 2987 2024 coepit,
3019 1958 3202 2013 dicens
3238 1976 3253 2012 :
3286 1958 3429 2011 Nun-

1853 2064 2007 2113 quam
2051 2048 2118 2102 de
2166 2047 2327 2101 domo
2377 2063 2490 2102 mea
2521 2064 2767 2115 rgressus
2812 2058 2914 2113 est,
2939 2051 3027 2119 qui
3077 2051 3180 2104 tale
3210 2052 3429 2106 auderet

1856 2138 2151 2191 admittere.
2183 2137 2407 2202 Taliter,
2438 2137 2676 2204 inquam,
2709 2149 2999 2193 excusante
3029 2140 3426 2206 archidiacono,

1859 2233 2151 2294 negotiator
2193 2232 2257 2284 al
2302 2231 2549 2286 Albinum
2597 2232 2769 2299 pergit
2804 2250 2816 2284 :
2849 2247 3066 2286 causam
3113 2232 3335 2297 exserit,
3375 2243 3431 2288 et

1855 2322 2279 2377 archidiaconem
2310 2321 2360 2374 in
2400 2322 2625 2376 crimine
2659 2322 2857 2377 fraudis
2888 2323 3048 2390 hujus
3076 2324 3295 2379 mistum
3342 2340 3430 2379 ac-

1856 2424 2026 2465 cttsat.
2056 2413 2150 2466 Die
2178 2422 2351 2466 autem
2399 2421 2583 2466 sancto
2632 2411 2830 2466 Natalis
2877 2412 3147 2477 dominici,
3179 2414 3431 2483 episeopo

1860 2505 1911 2557 in
1944 2503 2170 2558 ecclesia
2220 2503 2561 2565 adveniente.
2607 2504 3015 2559 archidiaconus
3062 2505 3277 2562 indutus
3304 2507 3427 2561 alba

1859 2594 2029 2659 adest,
2060 2594 2389 2661 episcopum,
2427 2594 2583 2664 186
2625 2603 2680 2648 ut
2728 2609 2843 2648 mos
2885 2604 2965 2648 est
3003 2594 3047 2658 ι,
3080 2594 3312 2649 invitans
3358 2596 3424 2649 ad

1861 2687 2028 2741 altare
2049 2685 2249 2740 debere
2288 2684 2599 2754 procedere,
2625 2699 2686 2738 ac
2714 2684 3106 2741 solemnitatem
3132 2684 3233 2741 diei
3260 2687 3431 2742 sancti

1861 2787 2163 2845 opportuno
2192 2775 2390 2830 debere
2422 2785 2657 2844 tempore
2684 2776 2981 2831 celebrare.
3012 2776 3117 2831 Nec
3139 2793 3309 2844 mora,
3336 2779 3431 2832 Al-

1861 2865 2019 2921 binus
2034 2865 2101 2921 de
2124 2865 2253 2921 sede
2274 2864 2551 2928 exsiliens,
2584 2864 2974 2933 apprehensum
3002 2866 3429 2923 archidiaconem

1862 2958 2118 3024 detrahit,
2151 2957 2341 3026 pugnis
2371 2955 2709 3022 calcibusque
2737 2957 2922 3023 caedit,
2943 2967 2997 3012 et.
3036 2958 3276 3013 custodia
3319 2973 3433 3013 car.

1863 3047 2021 3101 cerali
2059 3055 2289 3100 coarctat
2324 3045 2373 3097 i.
2408 3044 2509 3098 Pro
2536 3060 2641 3113 quo
2675 3060 2945 3113 nunquam
2974 3045 3215 3101 obtinere
3243 3057 3433 3115 potue-

1783 3140 1834 3203 (ζ
1872 3147 2013 3202 runt,
2036 3152 2134 3191 nec
2160 3135 2461 3206 episcopus,
2487 3148 2585 3189 nec
2608 3135 2772 3204 cives,
2803 3150 2900 3191 nec
2930 3135 3066 3190 ullus
3093 3137 3263 3207 major
3291 3149 3436 3201 natu,

1868 3242 1968 3282 nec
1996 3228 2108 3293 ipsa
2139 3240 2238 3280 vox
2266 3224 2441 3279 totius
2475 3223 2652 3293 pupuli
2681 3225 3041 3286 acclamantis,
3066 3237 3122 3279 ttt
3149 3226 3287 3282 datis
3314 3227 3436 3282 fide.

1863 3317 2183 3386 jussoribus,
2215 3316 2354 3371 diem
2406 3324 2646 3370 sanetum
2699 3315 3075 3370 archidiacono
3108 3318 3261 3372 liceat
3315 3333 3436 3372 cum

1869 3409 2085 3479 reliquis
2116 3409 2411 3472 celebrare,
2437 3418 2596 3474 atque
2631 3409 2902 3463 accusatio
2944 3407 3059 3476 ejus
3090 3410 3140 3462 in
3164 3420 3437 3477 posterum

1869 3498 2067 3552 debere
2108 3498 2282 3551 audiri
2316 3516 2327 3550 :
2360 3498 2453 3551 sed
2485 3513 2583 3551 nec
2613 3497 2682 3550 ob
2717 3497 2829 3566 ipsa
2860 3508 3202 3553 sacrosancta
3246 3501 3441 3554 solem-

1870 3593 1955 3642 nia
2001 3600 2199 3643 mctum
2248 3589 2448 3650 habuit,
2503 3598 2559 3641 ut
2608 3589 2905 3643 ministrum
2956 3589 3210 3643 dominici
3259 3591 3442 3645 altaris

1876 3677 1963 3730 tali
1993 3679 2043 3730 in
2077 3678 2162 3731 die
2193 3694 2297 3732 non
2317 3678 2531 3733 auderet
2556 3678 2814 3744 arripere.
2832 3679 2968 3744 Quid
3001 3680 3184 3748 plura?
3204 3679 3442 3745 Quatuor

1874 3760 2112 3814 tnillibus
2143 3760 2432 3813 solidorum
2464 3761 2887 3816 archidiaconem
2913 3763 3286 3817 condemnavit
3310 3780 3325 3817 :
3351 3764 3443 3830 qui

1846 3853 1926 3905 .in
1975 3853 2256 3918 pra-sentin
2302 3853 2441 3920 regis
2482 3853 2728 3921 Sigiberti
2767 3854 3009 3917 veniens,
3041 3854 3329 3923 quadrupla
3357 3871 3443 3910 sa.

1874 3943 2192 4003 tisfactione,
2221 3942 2531 4009 insequente
2555 3942 2763 4005 Jovino,
2790 3944 3107 4009 composuit.

1943 4032 2080 4086 XLV
2114 4031 2219 4102 [ΑΙ.
2258 4029 2466 4101 xxxix].
2521 4031 2767 4085 Posthtee
2815 4041 2923 4085 tres
2972 4032 3440 4101 Langobardorum

1874 4121 2033 4176 duces
2060 4119 2113 4182 κ,
2144 4120 2193 4173 id
2221 4130 2304 4175 est
2334 4119 2489 4183 Arno,
2521 4120 2723 4184 Zaban,
2769 4135 2831 4174 ac
2883 4121 3188 4186 Rhodanus,
3246 4122 3443 4176 Gallias

1878 4212 2134 4279 irrupere.
2171 4211 2237 4265 Et.
2282 4211 2415 4265 Amo
2459 4209 2670 4278 quidem
2732 4211 3163 4265 Ebrednnensem
3216 4227 3445 4280 carpens

1878 4304 2014 4356 viam
2040 4317 2206 4371 usque
2233 4300 2595 4355 Machovillam
2632 4296 2649 4337 ι
2688 4300 2940 4355 Avennici
2970 4301 3244 4366 territorii,
3284 4316 3441 4370 quam

1883 4393 2195 4447 Mummolus
2224 4407 2443 4446 munere
2474 4400 2743 4447 meruerat
2773 4390 2940 4460 regio,
2972 4394 3195 4447 accessit
3221 4411 3233 4446 :
3267 4392 3447 4461 ibique

1880 4507 2057 4574 tigisse
2086 4514 2230 4573 patet
2267 4521 2330 4558 ex
2361 4505 2551 4571 capitis
2580 4505 2749 4563 titulo,
2778 4506 2919 4571 quod
2961 4505 3028 4559 de
3053 4507 3427 4560 archidiacono

1879 4576 2191 4629 Massiliensi
2216 4575 2538 4629 inscribitur.
2559 4574 2801 4643 Cataplus
2821 4587 2995 4630 autem
3021 4591 3117 4644 pro
3146 4587 3299 4640 portu
3331 4576 3433 4630 fre-

1878 4646 2057 4711 quenti
2093 4646 2323 4699 sumitur
2347 4645 2483 4712 apud
2507 4644 2805 4699 Sidonium.
2843 4644 2970 4700 Vide
2998 4647 3315 4701 Amaltheon
3341 4645 3431 4699 Jo-

1878 4716 2024 4777 sephi
2057 4714 2341 4768 Laurentii.

1951 4784 1979 4822 ιι
2014 4784 2192 4846 Colb.,
2222 4800 2399 4844 arcas;
2429 4783 2520 4837 sed
2568 4784 2841 4838 retinenda
2872 4796 3050 4840 nostra
3096 4786 3272 4840 lectio.
3302 4784 3435 4838 Orca

1882 4858 2077 4920 quippe
2101 4853 2241 4906 vasis
2268 4863 2350 4906 est
2375 4855 2579 4915 Species
2608 4855 2816 4906 usitata.

1961 4922 1973 4958 ί
2013 4922 2121 4973 Mos
2149 4931 2262 4974 erat
2291 4932 2343 4971 ut
2374 4924 2626 4987 episcopo
2671 4924 3003 4977 celebraturo
3049 4922 3113 4975 ad
3158 4920 3436 4975 ecclesiam

1881 4990 2147 5045 accedenti
2184 4990 2587 5044 archidiaconus
2612 5006 2731 5045 cum
2778 4992 2980 5057 reliquo
3008 4991 3151 5042 clero
3176 4992 3228 5045 in
3270 4991 3425 5050 albis,

1883 5058 2162 5113 thurilmlis
2218 5058 2597 5128 fumigautibus
2652 5072 2971 5113 occurreret.
3032 5058 3162 5112 Vide
3213 5059 3431 5112 Paulum

1884 5129 2293 5189 Emeritensem.
2324 5141 2453 5192 etc.,
2489 5129 2626 5196 apud
2657 5129 2923 5182 Mabillon.
2955 5129 3045 5182 lib.
3067 5142 3082 5180 ι
3104 5128 3169 5181 de
3196 5128 3431 5197 Liturgia

1884 5198 2092 5261 Gallic..
2119 5212 2235 5263 cap.
2263 5197 2315 5250 7.

1957 5269 1970 5317 i
2016 5267 2257 5335 Plerique
2300 5266 2448 5332 editi,
2480 5265 2896 5319 archidiaconum
2935 5274 3185 5331 coarctat,
3233 5265 3444 5323 caeteris

1884 5353 1968 5392 0111
1978 5354 2115 5389 ιεςιε.

1958 5406 1980 5443 ιί
2012 5405 2086 5459 Ex
2118 5406 2177 5459 iis
2203 5414 2353 5475 erant
2373 5403 2617 5475 ducibus,
2646 5404 2733 5471 qui
2762 5414 2880 5471 post
2898 5402 3046 5460 Clebi
3072 5406 3212 5475 regis
3240 5421 3447 5472 necem,

1886 5491 2024 5529 anno
2050 5474 2173 5537 574,
2207 5474 2565 5541 Langobardis
2592 5477 2935 5543 praefuerunt.

1974 5545 1985 5582 ι
2021 5546 2109 5597 Sic
2136 5547 2241 5598 duo
2286 5560 2413 5598 mss.
2449 5553 2659 5598 veteres
2699 5543 2856 5604 Cori),
2897 5554 2949 5597 et
2999 5546 3235 5609 Rellov.;
3271 5557 3451 5602 eastert

1890 5630 2009 5668 cum
2040 5616 2193 5668 editis
2238 5614 2674 5678 Machaoovillam,
2709 5625 2896 5683 praeter
2921 5614 3069 5671 Coll).
3106 5617 3156 5669 in
3203 5632 3309 5684 quo
3339 5631 3435 5669 Vox

1892 5685 2061 5737 t-illam
2101 5684 2451 5739 desideratur.
2502 5685 2692 5739 Paulus
2743 5685 2888 5739 Diae.
2920 5688 2950 5741 ι.
2991 5702 3072 5753 ιιι,
3105 5702 3154 5743 c.
3187 5685 3240 5751 8,
3290 5684 3449 5739 habet

1895 5758 2028 5809 sicut
2057 5764 2259 5810 veteres
2290 5772 2441 5823 mss"
2480 5755 2859 5811 Mirr/catellam.
