3994 6194
203 284 282 337 50‘.)
1077 282 1389 340 HISTORIA
1434 284 1871 343 ΡιιΑΝευιιωι.
1914 289 2113 349 LIBER
2154 295 2494 362 QUARTUS.

3296 312 3399 367 510

210 398 388 448 absente
414 396 542 458 viro,
567 394 696 450 huic
721 393 1031 461 desponsari
1055 398 1302 465 puellam.
1327 400 1393 452 At
1419 400 1506 453 ille
1535 415 1740 468 regres-
1767 402 1817 458 Δ
1844 414 2032 459 exusta
2080 406 2317 463 dirueret
2340 453 2352 471 ,
2387 411 2706 477 excitamur,
2739 414 2983 470 emittunt
3031 432 3185 473 voce.»
3210 429 3232 455 ο
3266 438 3278 472 :
3306 425 3398 476 scd

212 502 278 539 ius
293 487 346 537 ad
368 501 557 553 regem,
577 487 986 553 praeceptionem
1003 487 1067 538 ad
1093 486 1326 556 judicem
1351 488 1449 543 loci
1471 489 1727 556 exhibuit,

213 585 255 629 ut
277 576 472 642 puellam
522 575 659 629 hanc
704 590 803 628 suo
833 576 1174 631 matrimonio
1219 580 1470 642 sociarat,
1508 580 1728 635 dicens:

210 668 311 730 Quia
336 665 444 718 dedi
470 664 687 718 arrham
712 665 762 718 in
788 665 1201 734 desponsatione
1228 668 1364 736 ejus.
1398 668 1614 739 Negavit
1638 685 1731 723 au-

210 767 288 808 tem
314 758 381 809 vir
410 756 516 819 ille,
545 756 925 821 dicenszQuia
975 773 1147 827 nequc
1197 768 1249 812 te
1293 760 1414 814 novi
1459 761 1598 815 unde
1632 763 1725 826 sis,

207 861 341 913 neque
380 845 571 913 aliquid
616 846 685 900 de
711 845 868 900 rebus
911 846 1012 899 luis
1061 847 1253 901 habeo.
1296 847 1406 914 Qua
1440 849 1731 905 intentione

205 936 469 1003 pullulante.
495 951 558 989 ac
594 937 971 991 vehementius
1000 937 1352 1004 increscente,
1400 941 1731 996 Andarchius

200 1026 379 1093 etpeliit
423 1025 615 1082 Ursum
674 1029 813 1096 regis
851 1028 1130 1093 prmsentia
1174 1029 1445 1084 arcessiri.
1489 1028 1731 1100 Cumque

198 1117 390 1171 venisset
413 1116 548 1184 apud
582 1117 759 1170 villam
786 1117 1115 1171 Brennacum
1139 1127 1189 1183 ⁸,
1211 1119 1436 1185 requirit
1458 1119 1727 1174 hominem

196 1212 350 1272 alium,
388 1210 575 1265 Ursum
628 1212 864 1276 nomine,
893 1227 1051 1277 quem
1085 1212 1149 1264 ad
1179 1212 1426 1265 altarium
1458 1213 1593 1268 clam
1636 1215 1730 1269 ad-

194 1300 375 1353 ductum
418 1301 600 1371 jurare
652 1302 795 1369 fecit,
843 1317 907 1357 ac
957 1302 1308 1358 dicere:Per
1354 1303 1494 1359 hunc
1554 1307 1727 1360 locum

194 1400 399 1445 sanctum
438 1402 490 1446 et
538 1393 790 1462 reliquias
835 1403 1125 1464 martyrum
1171 1394 1468 1454 beatorum.
1511 1395 1632 1465 quia
1683 1399 1727 1453 si

196 1479 331 1532 tiliam
363 1496 528 1535 meam
558 1482 651 1535 tibi
681 1483 732 1535 in
762 1481 1100 1537 matrimonio
1145 1499 1249 1538 non
1296 1485 1586 1550 tradidero,
1611 1504 1731 1543 sex-

192 1570 337 1623 decim
359 1571 517 1625 millia
539 1571 832 1626 solidorum
865 1573 959 1627 tibi
983 1574 1287 1628 satisfacere
1317 1591 1419 1629 non
1445 1577 1714 1632 morabor.

194 1660 383 1713 Stabant
410 1662 547 1716 enim
583 1671 745 1716 testes
766 1660 819 1715 in
850 1663 1105 1728 sacrario,
1134 1665 1495 1721 auscultantes
1519 1669 1731 1723 occulte

1836 512 1941 551 non
1974 497 2068 551 fuit
2092 498 2182 567 qui
2213 499 2508 565 exaudiret,
2529 500 2697 555 donec
2723 512 2828 557 tota
2856 506 3016 561 domo
3037 508 3222 563 adusta
3252 512 3396 580 ipsos

1833 587 2030 654 puriter
2061 588 2196 657 ignis
2224 589 2556 644 absorberet.
2600 590 2766 646 Ursus
2797 610 2925 649 vero
2953 606 3195 653 metuens
3214 642 3228 665 ,
3259 602 3400 657 basi-

1831 676 1985 731 licam
2012 678 2180 731 sancti
2201 678 2397 732 Juliani
2415 680 2656 748 expetiit,
2677 683 2914 753 datisque
2936 687 3045 755 regi
3067 690 3398 758 muneribus,

1833 780 1918 819 res
1945 780 2067 820 suas
2098 767 2148 819 in
2176 768 2401 821 solidum
2433 770 2635 836 recepit

1904 855 2107 910 XLVIII
2152 856 2257 928 [ΑΙ.
2293 857 2443 929 xui].
2492 859 2895 918 Chlodovechus
2934 880 3059 919 vero
3106 868 3387 936 Chilperici

1832 948 1992 1011 Illius,
2006 947 2073 1002 de
2094 948 2359 1028 Ἰξυιχιηίςο
2373 950 2598 1028 ejectus,
2626 952 2968 1028 Burdegalam
2990 957 3139 1013 abiit.
3159 959 3395 1028 Denique

1830 1031 1950 1070 cum
1996 1017 2133 1087 apud
2179 1018 2621 1088 Burdegalensem
2668 1017 2935 1078 civitatem
2983 1028 3126 1080 nullo
3179 1017 3394 1095 prorsus

1831 1107 2160 1176 inquietante
2190 1110 2469 1176 resideret,
2507 1113 2741 1183 Sigulfus
2782 1116 2995 1184 quidam
3023 1133 3051 1171 a
3082 1130 3231 1187 parte
3257 1122 3396 1190 Sigio

1829 1199 1966 1252 berti
2019 1214 2078 1253 se
2129 1216 2289 1268 super
2320 1218 2439 1255 eum
2484 1205 2707 1273 objecit:
2756 1222 2911 1275 quem
2945 1209 3226 1278 fugientem
3277 1228 3396 1266 cum

1832 1288 1969 1345 tubis
2014 1299 2069 1344 et
2117 1292 2375 1359 buccinis,
2404 1295 2552 1363 quasi
2609 1297 2870 1353 labentem
2921 1314 3137 1355 cervum
3188 1303 3395 1374 fugans,

1830 1379 2226 1448 insequebatur,
2259 1382 2349 1451 qui
2378 1386 2462 1437 vix
2490 1383 2555 1438 ad
2580 1396 2783 1454 patrem
2812 1389 3143 1458 regrediendi
3175 1393 3396 1450 liberum

1831 1469 2009 1525 habuit
2039 1472 2260 1527 aditum.
2291 1474 2492 1529 Tamen
2543 1493 2635 1545 per
2681 1480 2984 1549 Andegavis
3013 1499 3301 1553 regressus,
3331 1489 3399 1543 ad

1829 1577 1949 1617 eum
1980 1568 2151 1622 rediit.
2193 1569 2322 1623 Cum
2369 1582 2542 1625 autem
2589 1573 2811 1629 intentio
2860 1576 2997 1628 inter
3049 1577 3400 1634 Guntchram-

1831 1669 1953 1709 num
1979 1654 2069 1711 fet
2103 1659 2417 1728 Sigiberlum
2442 1680 2593 1735 reges
2622 1676 2938 1737 verteretur,
2967 1670 3396 1730 Guntcbramnus

192 1750 326 1803 mh:
356 1750 632 1819 loquentis.
665 1751 761 1805 sed
791 1766 1068 1819 personam
1098 1769 1215 1821 φιω
1249 1755 1553 1824 ιοφιειιοιιιτ
1577 1757 1726 1825 peni-
1760 1757 1805 1818 Β
1832 1760 1924 1800 rex
1957 1749 2093 1815 apud
2123 1748 2353 1805 Parisios
2381 1767 2567 1808 omnes
2593 1757 2871 1825 episcopos
2892 1761 3037 1829 regni
3065 1764 3145 1814 sui
3171 1778 3399 1832 congre-

188 1850 259 1894 tus
284 1856 378 1894 non
409 1842 665 1896 videntes.
710 1842 861 1896 Tunc
904 1842 1240 1899 Andarchius
1267 1845 1519 1900 demulsit
1547 1847 1725 1903 verbis

188 1931 371 1984 lenibus
401 1930 606 1993 Ursum,
653 1930 881 1998 fecitque
920 1948 1042 1987 eum
1086 1934 1204 1989 sine
1253 1935 1395 2004 regis
1447 1939 1726 2003 praesentia

185 2020 355 2073 reverti
400 2020 461 2073 ad
511 2021 761 2088 patriam.
806 2022 1078 2092 Factoque
1126 2039 1191 2077 cx
1236 2024 1339 2079 hoc
1389 2024 1725 2094 iuramento,

184 2111 326 2165 breve
360 2122 805 2166 sacramentorum
855 2114 964 2183 regi
1011 2114 1101 2168 illo
1148 2115 1367 2183 protulit
1396 2117 1727 2183 discedente,

178 2203 578 2259 dicensbzllzec
624 2214 679 2259 et
706 2204 821 2258 haec
859 2205 989 2258 mihi
1038 2205 1205 2261 Ursus
1244 2208 1490 2277 scripsit;
1518 2219 1571 2264 et
1612 2210 1729 2266 idco

177 2296 346 2357 glorize
371 2307 557 2350 vestra:
586 2297 997 2365 praeceptionem
1026 2297 1283 2364 deposco.
1309 2308 1366 2353 ut
1393 2299 1554 2354 filiam
1577 2316 1726 2356 suam

175 2384 295 2437 mild
324 2385 486 2439 tradat
514 2386 567 2440 in
607 2386 966 2440 matrimonio.
1014 2385 1260 2456 Alioquin
1291 2387 1419 2443 mibi
1447 2390 1603 2445 liceat
1643 2407 1730 2447 res

172 2472 284 2542 ejus
310 2475 593 2543 possidere,
622 2476 795 2531 donec
841 2476 1109 2532 sexdecim
1161 2478 1395 2533 millibus
1434 2480 1728 2537 solidorum

175 2567 413 2634 acceptis,
441 2582 525 2621 me
559 2567 626 2623 ab
658 2567 756 2622 hac
788 2582 945 2622 causa
976 2582 1299 2623 removeam.
1348 2568 1496 2623 Tunc
1522 2570 1730 2639 adeptis

177 2657 599 2724 praereptionibus
623 2701 637 2723 ,
682 2660 983 2712 Arvernum
1048 2657 1205 2711 rediit
1242 2674 1256 2711 :
1295 2659 1525 2713 ostendit
1564 2660 1729 2729 judici

171 2743 444 2806 iussionem
474 2747 635 2813 regis.
660 2746 825 2801 Ursus
851 2756 1027 2800 autem
1055 2760 1113 2800 se
1141 2746 1191 2799 in
1216 2746 1485 2802 Vellavum
1518 2758 1541 2787 ο
1576 2751 1729 2804 terri-

172 2834 352 2887 torium
387 2836 626 2889 contulit.
672 2835 913 2903 Cumque
943 2849 1027 2888 res
1055 2834 1170 2902 ejus
1194 2835 1320 2889 huic
1348 2842 1729 2907 consignaren-

168 2935 265 2987 tur,
297 2938 345 2981 et
376 2928 457 2983 hic
480 2931 533 2983 in
566 2928 845 2982 Vellavum
873 2927 1116 2982 accessit.
1162 2927 1538 2999 Ingressusque
1570 2945 1727 2985 unam

166 3016 280 3073 Ursi
305 3020 539 3089 domum,
567 3037 774 3078 omnem
822 3021 919 3076 sibi
956 3023 1198 3093 prmeepit
1235 3027 1536 3092 praeparari,
1567 3035 1727 3096 atque

1829 1844 1938 1904 gat,
1970 1845 2025 1890 ut
2052 1838 2191 1893 inter
2235 1849 2486 1911 utrosque
2532 1844 2657 1912 quid
2702 1846 2901 1901 veritas
2952 1849 3190 1916 haberet,
3223 1852 3401 1909 edice-

1831 1936 1967 1982 rent.
1996 1929 2099 1985 Sed
2130 1939 2185 1986 ut
2215 1931 2413 1987 bellum
2436 1936 2590 1990 civile
2614 1938 2666 1991 in
2689 1939 2892 2007 majore
2917 1944 3229 2009 pernicitate
3257 1962 3397 2003 cres-

1829 2029 2005 2087 ceret,
2033 2036 2127 2077 eos
2176 2026 2362 2080 audire
2411 2029 2639 2094 peccatis
2697 2030 3008 2089 facientibus
3053 2035 3397 2095 distulerunt.

1829 2108 2161 2177 Chilpericus
2189 2122 2365 2168 autem
2398 2131 2487 2169 rex
2513 2117 2564 2170 in
2595 2119 2669 2171 ira
2693 2133 3013 2187 commotus,
3040 2140 3131 2192 per
3152 2127 3398 2183 Theodo-

1830 2198 2038 2253 bertum
2091 2201 2256 2256 filium
2308 2219 2462 2258 suum
2507 2207 2798 2273 seniorem,
2841 2212 2987 2279 quia
3015 2215 3276 2285 Sigiberto
3303 2220 3373 2273 ali

1829 2291 2040 2357 quando
2085 2294 2449 2362 apprehensus
2489 2313 2882 2356 sacramemum
2931 2304 3148 2361 dederat
3191 2319 3216 2356 ε
3247 2319 3302 2365 ιιι
3342 2313 3393 2367 ei

1830 2381 2001 2437 fidelis
2047 2395 2211 2450 esset,
2240 2388 2481 2443 civitates
2529 2391 2643 2457 ejus
2691 2395 2951 2460 pervadit,
2984 2397 3034 2450 id
3064 2408 3142 2450 est
3172 2398 3401 2457 Turonis

1828 2482 1884 2527 et
1913 2472 2157 2541 Pictavis,
2183 2486 2238 2533 et
2266 2479 2494 2549 reliquas
2513 2481 2643 2535 citra
2672 2481 2898 2554 Ligerim
2923 2487 3074 2540 sitas.
3099 2488 3198 2555 Qui
3229 2489 3399 2544 Picta-

1828 2565 1909 2619 vis
1958 2567 2213 2632 veniens,
2264 2577 2448 2624 contra
2499 2572 2958 2629 Gttndobaldumll
2998 2580 3149 2650 191
3210 2581 3396 2637 ducem

1830 2660 2096 2724 pugnavit.
2125 2657 2297 2726 Terga
2324 2671 2499 2715 autem
2531 2671 2774 2717 vertente
2796 2666 3040 2721 exercitu
3075 2670 3236 2735 partis
3261 2669 3397 2727 Gun-

1829 2743 2061 2810 dobaldi,
2091 2761 2335 2816 magnam
2380 2749 2451 2804 ibi
2499 2760 2729 2821 stragem
2770 2754 2837 2807 de
2882 2758 3074 2824 popqu
3116 2759 3207 2813 illo
3248 2761 3393 2828 fecit;

1829 2833 1921 2887 sed
1950 2844 2003 2889 et
2039 2835 2107 2890 de
2131 2836 2392 2892 Turonica
2434 2842 2649 2909 regione
2697 2843 2980 2899 maximam
3022 2860 3222 2915 partem
3262 2848 3275 2886 ί
3314 2852 3383 2905 1ηι

1830 2923 2029 2985 cendit.
2060 2934 2114 2979 et
2158 2925 2257 2980 uisi
2305 2926 2372 2981 ad
2425 2937 2633 2998 tempus
2678 2947 2865 2986 manus
2910 2935 3203 3002 dedissent,
3232 2948 3376 2995 totau

1828 3015 2084 3069 continuo
2110 3014 2451 3075 debellasset.
2495 3019 2775 3076 Commoto
2808 3031 2984 3077 autem
3015 3028 3270 3093 exercitu,
3297 3029 3372 3084 Le

162 3124 321 3174 aquas
342 3113 532 3181 quibus
546 3112 854 3167 ablueretur
871 3112 1102 3167 caleﬁeri
1120 3114 1295 3183 jubet.
1311 3116 1415 3169 Sed
1440 3131 1558 3169 cum
1583 3119 1722 3171 servi

1835 3105 2170 3172 movicinum,
2194 3105 2567 3178 Cadurcinum,
2596 3113 2676 3167 vel
2698 3112 2929 3183 reliquas
2957 3115 3159 3169 illorum
3191 3122 3379 3186 provin

160 3200 347 3256 domus
374 3204 588 3259 minime
614 3204 729 3259 rudi
757 3204 973 3258 domino
1003 3216 1279 3272 parerent,
1308 3207 1442 3261 alios
1472 3206 1722 3275 lusibus,

161 3293 292 3346 alios
338 3294 495 3364 virgis
536 3295 715 3355 caedit,
737 3295 1011 3349 nonnullis
1056 3295 1225 3362 capita
1271 3297 1570 3363 percutiens
1597 3314 1726 3352 san-

163 3384 371 3447 guinem
422 3387 623 3441 elicuit.
676 3385 909 3441 Turbata
955 3399 1086 3453 ergo
1129 3386 1349 3451 familia,
1405 3398 1730 3456 praeparatur

170 3475 321 3545 190
365 3492 535 3546 caena,
582 3479 818 3535 abluitur
864 3477 950 3533 hic
997 3483 1147 3547 aquis
1195 3480 1406 3546 calidis,
1439 3481 1731 3538 inebriatur

164 3565 304 3631 \ino,
330 3578 385 3622 et
406 3585 463 3624 se
491 3571 719 3624 collocat
745 3584 909 3640 super
946 3578 1191 3624 stratum.
1220 3571 1387 3626 Erant
1408 3581 1584 3627 autem
1607 3588 1727 3629 cum

162 3667 227 3705 eo
251 3667 449 3723 septem
481 3659 631 3728 pueri
661 3668 883 3714 tantum.
922 3660 1161 3730 Cumque
1206 3676 1310 3715 non
1343 3662 1513 3715 minus
1541 3678 1729 3719 somno

162 3761 319 3809 quam
367 3751 486 3804 vino
516 3751 710 3820 sepulti
742 3750 903 3805 altius
933 3751 1362 3821 obdorm’ssent,
1400 3752 1563 3808 Ursus
1602 3771 1728 3809 cou-

164 3850 372 3901 prcgata
421 3841 641 3906 familia,
682 3843 820 3895 ostia
866 3841 1075 3906 domus,
1104 3857 1222 3910 qme
1265 3852 1382 3896 erat
1428 3857 1491 3897 ex
1543 3844 1730 3913 ligneis

166 3926 413 3984 fabricata
435 3932 646 3999 tabulis,
661 3931 862 3986 claudit
887 3950 901 3984 :
925 3932 1263 4001 acceptisque
1281 3931 1537 3998 clavibus,
1561 3943 1728 3989 metas

164 4012 191 4051 ⁴
222 4033 441 4075 annona:
484 4038 603 4092 qua!
646 4022 890 4087 aderant,
921 4021 1106 4085 elidit;
1141 4036 1205 4075 ac
1253 4022 1395 4076 circa
1433 4022 1649 4078 domum
1676 4033 1729 4079 et

166 4121 319 4173 supra
367 4113 578 4167 domum
629 4113 927 4183 aggregatis
958 4112 1041 4167 his
1078 4112 1284 4168 acervis
1323 4128 1582 4179 armeme,
1612 4130 1729 4182 quae

166 4207 287 4253 tunc
316 4203 368 4256 in
399 4204 679 4272 manipulis
724 4214 837 4257 erat
857 4244 873 4269 ,
922 4203 993 4257 ita
1021 4210 1082 4256 ut
1110 4211 1294 4272 operta
1323 4218 1388 4257 ex
1419 4202 1502 4257 his
1540 4203 1730 4259 domus

167 4302 467 4348 emeretur
482 4296 720 4350 omnino.
740 4295 887 4349 Tunc
910 4292 1150 4347 immisso
1177 4308 1271 4362 per
1294 4302 1471 4361 partes
1492 4294 1731 4348 diversas

169 4374 303 4447 igne,
334 4398 450 4438 cum
491 4386 601 4454 jam
632 4399 793 4453 super
835 4384 933 4439 hos
974 4381 1209 4441 infelices
1252 4384 1470 4440 materia
1518 4385 1728 4441 aedilicii

239 4543 263 4571 ⁸
286 4534 455 4600 CoIb.,
487 4538 703 4591 Brinua.

240 4602 371 4677 PSic
393 4607 567 4669 Colb.,
592 4608 713 4662 Bec.
744 4616 798 4661 ct
821 4607 1005 4674 Ilegm.
1038 4608 1106 4667 At
1128 4606 1346 4677 Chesn.,
1370 4606 1450 4670 illi
1481 4609 1728 4673 protulit;

175 4674 252 4725 alii
280 4678 539 4757 ex-t.irti,_illo
570 4677 782 4745 protulit
820 4677 1116 4730 discedenti.
1148 4674 1350 4732 Bellov.
1381 4677 1614 4743 brevius,
1636 4679 1727 4733 illo

176 4747 386 4809 protulit,
415 4747 607 4799 dicens.

240 4824 271 4899 ί
292 4816 684 4899 ﬁlliti'plerirlue
701 4831 819 4896 cum
836 4816 1026 4899 βίῃφι
1040 4813 1218 4899 colo...
1237 4815 1517 4899 Yillavuni.
1540 4816 1723 4899 Begm.

173 4895 217 4933 et
240 4884 380 4949 Bad.,
408 4885 707 4950 Villumtm;
729 4887 805 4941 sic
826 4884 1052 4939 etinft'a.
1076 4891 1143 4956 ιδ)
1167 4884 1435 4956 Vellavnm
1457 4884 1722 4956 designari

175 4963 356 5007 certum
383 4966 483 5019 est,
517 4956 782 5024 hodieque
808 4956 963 5024 vulgo
992 4956 1038 5008 le
1088 4952 1265 5024 Velay.
1301 4955 1432 5011 Vide
1473 4952 1627 5011 netis
1655 4958 1721 5010 ad

178 5024 767 5149 canfesta:Ivlr’ocgtbulum
791 5110 885 5160 pro
908 5094 1083 5164 iugum
1111 5109 1299 5147 acervo
1320 5096 1562 5163 usurpari
1591 5096 1713 5148 mul

180 5163 234 5213 tis
254 5166 503 5232 exemplis
528 5167 715 5230 probat
741 5163 1005 5218 Alteserra
1032 5180 1080 5216 tn
1105 5169 1243 5218 hunc
1267 5164 1460 5218 locum.
1486 5164 1550 5221 ν.
1579 5165 1725 5219 Hinc-

181 5247 359 5286 tlarum
390 5238 441 5287 in
479 5234 592 5286 Vita
627 5234 684 5287 S.
719 5235 961 5301 Iletnigii.

241 5314 261 5338 '
287 5305 403 5363 Alii.
428 5308 717 5356 excitantur
740 5304 806 5356 ad
835 5305 1041 5357 emissas
1066 5320 1231 5358 uoces.

242 5371 259 5409 ί
288 5375 474 5427 Censet
503 5373 768 5435 Valesius,
789 5385 843 5428 et
873 5386 985 5434 post
1018 5390 1137 5427 emn
1165 5374 1423 5439 Cointms,
1448 5372 1725 5438 legendum

183 5456 284 5496 esse
304 5442 667 5510 Cbilpericum.
712 5444 843 5497 Nam
872 5442 1157 5506 Gregorius
1182 5444 1249 5497 ibi
1280 5453 1333 5498 et
1360 5443 1622 5508 capitibus
1641 5458 1726 5497 se-

182 5512 437 5576 quentibus
459 5512 527 5565 de
569 5512 708 5567 bello
753 5513 893 5567 inter
935 5513 1289 5580 Chilpericum
1320 5522 1374 5566 et
1403 5512 1723 5575 Sigibertum

183 5594 306 5635 aioto
353 5582 583 5661 loquitur
613 5600 627 5636 :
653 5582 718 5636 ad
763 5597 901 5651 quos
929 5582 1000 5661 _i.n_
1025 5596 1205 5661 pacem
1238 5581 1562 5661 revocandos
1582 5580 1727 5661 Gun—

187 5664 394 5705 tramnus
431 5651 713 5722 episcopos
761 5667 872 5708 sua:
911 5651 1127 5707 ditionis
1168 5653 1401 5708 Parisios
1437 5653 1726 5707 convenire

1828 3194 1987 3250 ciasl
2029 3195 2290 3269 pervadit,
2330 3210 2526 3268 vastat,
2574 3203 2794 3268 evertit;
2841 3204 3094 3260 ecclesias
3140 3208 3392 3276 incendit,

1829 3290 2123 3347 ministeria
2170 3292 2424 3360 detrahit,
2481 3295 2706 3351 clericos
2749 3298 3022 3366 interﬁcit,
3082 3304 3399 3359 monasteria

1828 3381 2063 3436 virorum
2111 3382 2311 3453 dejicit,
2345 3386 2636 3454 puellarum
2684 3386 2885 3444 deludit
2915 3391 2962 3453 κ,
2994 3399 3050 3445 et
3086 3401 3275 3446 cuncta
3302 3392 3393 3448 de-

1828 3460 2001 3526 vastat
2038 3490 2053 3527 :
2097 3473 2298 3543 fuitque
2346 3476 2440 3531 illo
2487 3476 2538 3530 in
2587 3486 2824 3547 tempore
2864 3479 3013 3548 pejor
3058 3480 3111 3535 in
3159 3483 3401 3538 ecclesiis

1830 3565 2077 3634 gemitus,
2106 3581 2264 3633 quam
2306 3577 2545 3637 tempore
2575 3570 2962 3638 persecutionis
2993 3570 3326 3627 Diocletiani.

1904 3652 2066 3707 XLIX
2088 3653 2192 3725 [AL
2218 3652 2389 3724 sum].
2422 3656 2483 3709 Et
2518 3653 2533 3692 ι
2567 3656 2741 3711 adhuc
2769 3657 3199 3727 obstupescimus
3228 3671 3279 3713 et
3308 3662 3396 3712 ad-

1831 3735 2104 3795 miramur,
2138 3747 2233 3787 cur
2261 3743 2419 3787 tantm
2447 3749 2606 3801 super
2631 3750 2726 3790 eos
2754 3737 2918 3806 plaga:
2960 3738 3223 3792 irruerent
3252 3754 3266 3790 :
3299 3740 3393 3793 sed

1831 3839 2165 3879 recnrramus
2192 3823 2257 3878 ad
2286 3823 2413 3877 illud
2441 3824 2582 3894 quod
2606 3834 2852 3893 parentes
2875 3842 3058 3882 eorum
3085 3839 3326 3896 egerunt,
3343 3840 3398 3883 et

1831 3917 1916 3972 isti
1949 3924 2274 3986 perpetrant.
2321 3915 2397 3969 llli
2425 3923 2545 3983 post
2582 3916 3009 3984 praedicationem
3037 3920 3397 3987 sacerdotum,
3436 3974 3441 3984 ,

1829 4006 1897 4061 de
1926 4006 2062 4061 fanis
2104 4004 2168 4059 ad
2212 4005 2466 4059 ecclesias
2492 4015 2617 4060 sunt
2643 4008 2886 4062 conversi
2912 4025 2927 4073 ;
2960 4009 3045 4063 isti
3070 4010 3307 4079 quotidie
3332 4013 3401 4077 de

1829 4100 2070 4156 ecclesiis
2099 4096 2304 4163 praedas
2332 4096 2636 4152 detrahunt.
2662 4097 2740 4151 Illi
2768 4098 3071 4153 sacerdotes
3092 4100 3299 4159 Domini
3329 4117 3405 4163 ex

1834 4202 1945 4247 toto
1970 4191 2130 4246 corde
2152 4188 2385 4244 venerati
2409 4196 2556 4252 sunt,
2579 4197 2633 4243 et
2653 4188 2962 4250 audierunt;
2990 4191 3076 4246 isti
3098 4208 3201 4252 non
3223 4193 3414 4255 solum,

1832 4297 1937 4336 non
1966 4280 2205 4343 audiunt,
2230 4278 2321 4333 sed
2349 4278 2508 4331 etiam
2535 4287 2940 4346 persequuntur.
2968 4278 3042 4331 Illi
3075 4283 3395 4342 monasteria

1831 4383 1888 4430 et
1926 4372 2188 4428 ecclesias
2227 4369 2565 4428 ditaverunt:
2597 4369 2686 4425 isti
2728 4383 2819 4422 eas
2847 4368 3061 4423 diruunt
3087 4384 3150 4424 ac
3191 4372 3404 4428 subver.

1832 4533 2150 4605 procuravit.
2189 4530 2391 4600 Religio
2419 4530 2725 4605 tamenfuit
2744 4529 2793 4583 id
2826 4540 3050 4605 mutare,
3079 4545 3198 4605 cum
3229 4532 3417 4605 Canta

1832 4599 2129 4660 citramnum
2177 4599 2361 4655 omnes
2401 4600 2529 4655 editi
2573 4599 2728 4653 simul
2757 4608 2812 4653 et
2840 4616 2970 4654 mss.
3012 4601 3260 4657 habeant.
3307 4604 3401 4659 llic

1832 4676 2093 4746 synodum
2128 4672 2297 4726 Paris.
2323 4685 2375 4723 tv
2407 4669 2606 4724 laudari
2634 4679 2817 4727 censet
2837 4668 3097 4735 Cointius,
3116 4688 3236 4740 qua:
3258 4689 3400 4729 anno

1836 4746 1938 4795 5ῐό
1964 4744 2136 4795 habita
2166 4741 2282 4795 fuit.

2054 4746 2136 4794 lita
2166 4746 2282 4794 fuit.

1836 4746 1938 4800 5T5
1964 4746 2136 4796 habita
2166 4746 2282 4795 fuit.

1908 4824 1933 4861 ε
1964 4813 2131 4880 Supra
2160 4826 2279 4877 cap.
2311 4808 2401 4865 25.
2431 4807 2692 4865 Caeterum
2725 4808 2964 4880 plerique
3002 4810 3127 4863 editi
3159 4824 3277 4864 cum
3302 4813 3400 4868 alie

1834 4892 1963 4953 quot
1992 4878 2121 4935 mss.
2152 4881 2349 4953 habent
2374 4880 2639 4953 quondam
2657 4878 3024 4953 apprehensus,
3053 4892 3156 4953 etc.

1907 4951 1931 4989 ιι
1958 4952 2066 5005 Bel.
2099 4958 2155 5003 et
2180 4950 2367 5013 Corb.,
2389 4947 2794 5014 ’Gundoafdtm;
2843 4950 3006 5015 Regni
3038 4991 3052 5013 ,
3083 4947 3396 5004 Gaudebant.-

1836 5024 1988 5084 dum;
2018 5022 2097 5073 Al.
2126 5018 2506 5074 Guntwaldum.

1906 5089 1921 5128 ί
1960 5090 2085 5153 Alii,
2118 5088 2429 5141 Turonicam
2458 5088 2960 5157 regionemimaxima
2991 5101 3051 5136 ex
3077 5097 3238 5152 parte.
3269 5088 3417 5157 Qum-

1828 5169 2119 5230 sequuntur
2142 5158 2226 5230 sic
2254 5157 2418 5210 refert
2449 5155 2657 5225 Regum,
2691 5155 2756 5207 Et
2793 5157 2892 5206 lliai
2917 5170 2969 5207 re
2996 5157 3061 5206 ad
3088 5155 3405 5225 tempus—de.

1828 5228 2036 5284 disserit.
2048 5269 2085 5286 ..
2117 5228 2445 5281 devastasret.

1912 5301 1925 5353 l
1965 5299 2125 5353 (ἔοι-1).
2153 5308 2206 5367 et
2231 5295 2613 5367 Bell.,iffarum
2645 5292 2975 5367 propinquas.
3005 5292 3155 5367 Bad.,
3184 5298 3415 5367 reliqua;

1833 5369 2138 5436 provincias.
2172 5366 2383 5436 Regum,
2412 5366 2630 5436 reliquas
2652 5363 2859 5436 illarum
2897 5366 3121 5429 partium
3158 5363 3405 5428 civitates.

1833 5432 1983 5503 Bec.,
2014 5440 2220 5492 illarum
2241 5432 2440 5489 urbium
2467 5432 2771 5502 provincias.

1900 5508 1924 5546 ¹ι
1956 5509 2045 5563 Sic
2086 5522 2243 5567 mss..
2284 5514 2340 5560 at
2376 5505 2502 5560 editi
2551 5504 2823 5572 plerique,
2854 5504 3081 5572 puellas'
3112 5506 3296 5574 Freh.,
3327 5509 3399 5567 al.

1832 5579 2072 5641 oue/lam,
2102 5589 2155 5631 et
2183 5574 2317 5631 infra
2349 5592 2468 5629 cum
2515 5575 2662 5635 ηερ..
2689 5576 3024 5643 persecutoris

1911 5646 1929 5687 ι
1964 5649 2075 5704 lloc
2102 5657 2261 5718 caput
2287 5646 2437 5703 deest
2465 5645 2520 5701 in
2551 5644 2684 5701 Bell.
2715 5652 2769 5698 et
2794 5644 2957 5701 Corb.
