3994 6194
548 214 640 266 511

1566 214 1624 268 S.
1672 208 1997 265 CREGORH
2039 206 2347 262 EPISCOPI
2384 205 2808 263 TURONENSIS

3704 208 3805 265 519.

541 339 676 380 tum.
730 325 865 391 Quid
908 325 975 379 de
1017 324 1167 379 Latta
1200 336 1222 361 ο
1256 326 1582 379 monasterio
1628 326 1890 387 referam,
1923 325 1975 376 in
2006 339 2109 390 quo
2140 326 2180 377 Λ
2217 322 2429 381 t'meus,
2483 332 2547 370 ne
2594 316 2778 368 colliso
2831 315 2984 386 193
3041 324 3262 383 utroque
3311 316 3549 369 exercitu
3582 363 3596 382 ,
3634 320 3800 371 etiam

543 417 681 471 beati
715 417 920 469 Martini
974 415 1235 469 habentur
1264 415 1536 482 reliquim?
1565 415 1697 468 Cum
1728 416 1792 468 ad
1823 431 1941 468 eutn
1972 428 2109 465 unus

537 523 738 563 cuneus
784 507 1011 559 hostium
1043 506 1370 569 adventaret,
1399 515 1455 559 et
1499 504 1737 569 ﬂuvium,
1765 505 1852 573 qui
1905 503 2110 573 propiu-

536 613 671 666 quus
699 607 799 657 est,
829 598 1052 650 transire
1083 598 1386 664 disponeret
1416 607 1473 650 ut
1502 600 1887 651 manasterium
1912 612 2109 665 eXSpo-

538 691 710 752 liart-t,
761 689 1126 742 clamaverunt
1175 690 1454 751 monachi,
1509 688 1747 742 dicentes
1795 706 1809 743 :
1855 690 2045 753 Nolite,
2077 705 2111 742 ο

537 778 768 839 barbari,
794 779 961 831 nolite
982 778 1083 831 huc
1108 779 1334 830 transire
1359 795 1371 828 :
1400 777 1538 832 beati
1562 781 1702 831 enim
1733 778 1940 832 Martini
1971 778 2108 832 istud

534 878 613 921 est
646 869 1045 920 monasterium.
1097 868 1217 921 llaec
1248 867 1548 933 audientes,
1578 883 1763 922 eorum
1794 869 1947 922 multi
1973 885 2112 923 com-

538 960 715 1023 puncti
742 974 770 1011 ει
804 958 895 1012 Dei
929 958 1117 1011 timore
1148 958 1374 1028 regressi
1422 967 1566 1013 sunt.
1614 958 1805 1024 Viginti
1840 970 2012 1014 tamen
2045 975 2109 1013 ex

539 1053 689 1121 ipsis.
719 1053 806 1118 qui
842 1065 945 1102 non
976 1050 1281 1102 metuebant
1313 1049 1500 1112 Deum,
1533 1064 1703 1117 neque
1731 1050 1941 1104 beatum
1985 1066 2114 1103 eon-

540 1142 797 1194 fessoretn
823 1140 1173 1203 honorabant,
1205 1138 1557 1192 ascendentes
1589 1154 1773 1191 navem
1807 1138 1929 1192 illuc
1952 1153 2114 1193 trans-

538 1231 939 1302 grediuntur,et
966 1228 1179 1281 inimico
1199 1228 1529 1291 stimulante,
1557 1228 1851 1282 monachos
1877 1229 2109 1293 caalunt,

539 1323 916 1377 monasreriutn
966 1332 1241 1381 evertunt,
1280 1337 1471 1389 resque
1520 1321 1794 1388 diripiunt,
1826 1322 1892 1376 de
1922 1323 2112 1391 quibus

555 1415 708 1485 192
741 1415 994 1468 facientes
1019 1413 1278 1477 sarcinas,
1303 1413 1421 1465 navi
1455 1413 1751 1480 imponunt.
1782 1412 2114 1481 Ingressique

540 1505 780 1569 ﬂuvium,
814 1506 1051 1573 protinus
1080 1503 1321 1558 vibrante
1350 1504 1529 1557 carina
1553 1506 1654 1557 huc
1685 1504 1918 1573 illucque
1948 1504 2116 1558 ferun-

543 1608 650 1651 tur.
704 1596 938 1663 Cumque
981 1596 1179 1648 amisso
1226 1594 1419 1647 solatio
1464 1610 1734 1648 remorum
1766 1636 1779 1657 ,
1834 1595 2113 1647 hastilith

2213 424 2431 478 regnum
2459 424 2640 463 eorum
2670 415 2963 471 corruet'e’t,
3006 422 3191 475 pacem
3240 411 3410 474 petiit,
3443 411 3807 479 civitatesque

2210 500 2347 566 ejus,
2376 515 2509 568 quas
2536 499 2939 553 Theodobertus
2967 500 3104 552 male
3154 513 3481 566 pervaserat,
3516 503 3763 556 reddidit
3792 520 3813 567 ;

2212 590 2539 656 deprecans,
2565 599 2622 643 ttt
2652 590 2798 643 nullo
2828 605 2955 643 casu
2996 590 3342 656 culparentur
3371 607 3553 645 earum
3595 592 3808 646 habita-

2213 690 2375 743 tores,
2420 695 2553 748 quos
2585 680 2672 734 ille
2704 679 2900 748 injuste
2943 679 3051 749 igni
3087 681 3335 748 ferroque
3365 682 3689 751 opprimens
3714 698 3806 736 ac.

2212 774 2484 839 quisierat.
2524 771 2677 826 Vicos
2713 787 2971 841 quoque,
3003 772 3091 840 qui
3137 773 3279 826 circa
3332 773 3569 828 Parisios
3627 786 3809 840 erant,

2215 865 2447 917 maxime
2496 870 2619 917 tunc
2666 863 2877 916 ﬂamma
2930 864 3296 929 consumpsit;
3342 872 3397 916 et
3448 873 3553 916 tam
3612 863 3808 918 domus

2213 970 2367 1021 quam
2412 968 2497 1007 res
2546 955 2764 1023 reliquae
2803 953 2870 1006 ab
2913 953 3065 1007 hoste
3110 951 3331 1019 direptae
3362 964 3509 1009 sunt.
3544 963 3607 1007 ut
3643 956 3811 1009 etiam

2212 1055 2267 1096 et
2314 1045 2507 1112 captivi
2556 1046 2914 1098 ducerentur.
2965 1043 3343 1101 Obtestabatur
3393 1046 3535 1097 enim
3591 1060 3713 1107 rex,
3743 1061 3813 1097 ne

2217 1134 2334 1187 hzee
2364 1134 2585 1189 fierent:
2612 1134 2704 1188 sed
2738 1135 2973 1188 furorem
3001 1134 3261 1201 gentium,
3294 1149 3410 1201 quae
3441 1133 3507 1187 dc
3542 1134 3807 1189 ulteriore

2215 1225 2387 1278 Rheni
2427 1223 2597 1277 amnis
2631 1232 2778 1292 parte
2808 1233 3084 1289 venerant,
3114 1238 3369 1292 superare
3396 1238 3497 1277 n0u
3542 1232 3763 1293 poterat
3790 1244 3804 1289 ;

2215 1315 2306 1368 sed
2339 1314 2518 1368 omnia
2549 1314 2808 1383 patienter
2837 1314 3077 1382 ferebat,
3112 1313 3284 1368 donec
3316 1314 3493 1369 redire
3522 1328 3715 1383 posset
3742 1319 3805 1368 ad

2218 1404 2457 1473 patriam.
2493 1404 2642 1458 Tunc
2666 1420 2729 1458 ex
2757 1405 3040 1473 gentilibus
3071 1405 3181 1458 illis
3209 1413 3393 1457 contra
3426 1421 3550 1459 eum
3583 1406 3814 1474 quidam

2218 1502 2710 1558 murnturaveruut,
2741 1507 2834 1547 cur
2882 1509 2940 1547 se
2989 1509 3019 1547 a
3072 1494 3367 1549 certamine
3415 1496 3806 1549 subtraxisset.

2216 1582 2322 1637 Sed
2372 1582 2481 1649 ille,
2512 1592 2567 1636 ut
2613 1593 2729 1636 erat
2779 1582 3076 1651 intrepidus
3099 1623 3115 1646 ,
3144 1598 3371 1637 ascenso
3415 1598 3582 1651 equo,
3612 1587 3682 1639 ad
3715 1602 3809 1640 eos

541 1688 841 1740 lancearum
871 1687 921 1737 in
955 1684 1169 1737 fundum
1205 1683 1337 1738 alvei
1369 1683 1560 1737 defixis
1590 1699 1829 1738 remeare
1854 1699 2109 1738 conaren-

2218 1672 2415 1742 dirigit,
2460 1687 2660 1741 eosque
2705 1672 2882 1725 verbis
2928 1673 3134 1727 leuibus
3182 1673 3429 1727 dctuuisit
3456 1715 3475 1738 ,
3503 1674 3714 1730 multos
3743 1692 3810 1730 ex

543 1785 659 1839 tur,
694 1775 842 1828 navis
872 1774 971 1827 sub
1002 1774 1221 1842 pedibus
1268 1790 1454 1829 eorum
1505 1774 1750 1840 dehiscit,
1778 1783 1829 1829 et
1858 1777 2111 1829 uniuscu-

540 1867 727 1938 jusque
786 1867 1003 1931 ferrum,
1062 1873 1199 1934 quod
1267 1876 1449 1921 contra
1501 1882 1560 1921 se
1616 1869 1861 1931 tenebat,
1916 1869 2111 1935 pectori

539 1960 806 2029 deligitur,
839 1958 1367 2028 trauSt-erberatique
1391 1959 1569 2013 cuncti
1597 1974 1628 2011 a
1654 1959 1885 2027 propriis
1919 1960 2110 2028 jaculis

540 2050 933 2104 interimuntur.
988 2048 1135 2103 Unus
1184 2057 1386 2102 tantum
1418 2064 1481 2103 ex
1515 2049 1664 2117 ipsis,
1697 2049 1784 2117 qui
1815 2064 1907 2103 eos
1936 2049 2116 2102 incre-

540 2140 718 2209 pabat,
747 2156 815 2194 ne
841 2142 936 2194 ista
971 2140 1385 2205 committerent,
1416 2141 1671 2194 remansit
1716 2140 1933 2194 illzesus.
1964 2140 2117 2207 Quod

541 2231 586 2285 si
618 2230 717 2284 hoc
743 2230 862 2296 quis
913 2229 1132 2283 fortuitu
1178 2232 1424 2283 evenisse
1465 2230 1686 2297 judicat,
1719 2240 1907 2284 cernat
1949 2248 2112 2284 unum

546 2322 810 2373 insontem
841 2319 1082 2387 plurimis
1116 2321 1349 2373 evasisse
1377 2320 1445 2375 de
1474 2322 1663 2375 noxiis.
1712 2322 1914 2387 Quibus
1953 2323 2115 2376 inter-

547 2410 717 2474 fectis,
752 2409 993 2463 monachi
1027 2410 1168 2477 ipsae
1198 2418 1255 2464 et
1285 2426 1371 2464 res
1394 2427 1518 2465 suas
1545 2428 1606 2465 ex
1654 2413 1806 2466 alveo
1830 2413 2116 2468 detrahen-

546 2508 648 2563 tes,
681 2498 800 2553 illos
829 2499 1173 2566 sepelieutes,
1206 2515 1292 2553 res
1321 2515 1444 2553 suas
1472 2500 1649 2554 domui
1684 2504 1988 2557 resﬁtuuut.

614 2578 653 2632 L
684 2578 789 2651 [ΑΙ.
826 2576 996 2648 mir].
1041 2579 1171 2632 Dum
1205 2580 1316 2634 huic
1346 2590 1662 2650 agerentur,
1695 2582 1990 2650 Sigibertus
2022 2598 2112 2637 rex

543 2679 728 2737 gentes
774 2670 891 2722 illas
922 2669 969 2734 lt,
1001 2686 1119 2739 quae
1166 2670 1299 2724 ultra
1348 2670 1589 2725 Rheuu-n
1641 2673 1932 2737 habentur,
1964 2690 2115 2729 com-

544 2770 742 2814 movet.
767 2770 817 2813 et
841 2762 1033 2813 bellum
1058 2762 1216 2815 civile
1239 2762 1474 2826 ordiens,
1498 2772 1682 2816 contra
1715 2763 1927 2817 fratrem
1958 2780 2111 2820 suum

541 2851 899 2921 Chilpericum
932 2853 1013 2907 ire
1036 2852 1284 2906 destinat.
1333 2854 1482 2919 Quod
1510 2855 1731 2909 audiens
1759 2855 2111 2925 Chilpericus,

545 2945 608 2998 ad
639 2944 854 2999 fratrem
882 2960 1036 2999 suum
1069 2944 1525 3000 Guntchramuum
1562 2947 1768 3017 legatos
1794 2949 1979 3002 mittit.
2013 2950 2111 3015 Qui

2220 1763 2300 1817 eis
2332 1773 2509 1831 postea
2563 1762 2826 1831 lapidibus
2856 1762 3010 1815 obrui
3058 1764 3389 1831 prrecipiens.
3424 1764 3530 1818 Sed
3565 1781 3673 1820 nec
3707 1766 3809 1821 hoc

2218 1856 2330 1906 sine
2361 1855 2456 1907 bea
2487 1854 2498 1905 i
2528 1852 2739 1906 Martini
2771 1852 2935 1908 fuisse
2960 1852 3152 1906 virtute
3179 1854 3480 1923 ambigitur,
3507 1865 3569 1909 ut
3602 1857 3658 1908 lii
3688 1857 3810 1910 siue

2218 1945 2358 1998 bello
2402 1943 2823 2013 paciﬁcarenlur.
2872 1943 3003 1998 Nam
3035 1946 3084 1997 iu
3121 1945 3233 2013 ipsa
3279 1947 3365 1997 die
3394 1962 3495 2014 qua
3524 1948 3578 2000 hi
3614 1963 3811 2015 pacem

2220 2034 2268 2087 fe
2302 2045 2491 2099 erunt,
2543 2046 2652 2089 tres
2704 2035 2976 2105 paralytiei
3028 2036 3091 2088 ad
3148 2037 3285 2089 beati
3348 2037 3623 2090 basilicam
3682 2049 3809 2092 sunt

2220 2126 2407 2179 directi
2430 2124 2626 2192 ',quud
2661 2127 2712 2179 iu
2741 2127 3087 2195 sequentibus
3112 2125 3285 2190 libris,
3304 2126 3532 2181 Domino
3552 2126 3809 2197 juvattte,

2219 2217 2553 2272 disserimus.

2288 2311 2347 2363 LI
2384 2310 2491 2381 [Αἰ.
2524 2309 2669 2381 xu].
2714 2310 2957 2364 Dolorem
3007 2310 3149 2365 enim
3206 2310 3397 2381 ingerit
3460 2313 3649 2367 animo
3700 2312 3807 2367 ista

2216 2408 2387 2462 civilia
2420 2408 2555 2463 bella
2606 2410 2823 2463 referre.
2868 2409 2998 2463 Nam
3025 2418 3145 2478 post
3178 2425 3375 2463 annum
3420 2411 3620 2465 iterum
3651 2411 3802 2464 Chil-

2180 2494 2188 2509 '
2218 2500 2426 2566 pericus
2450 2501 2515 2553 ad
2544 2499 2995 2553 Guntchrammun
3026 2499 3241 2554 fratrem
3272 2516 3425 2554 suum
3448 2502 3657 2570 legatos
3677 2503 3801 2556 ruit—

2219 2590 2316 2653 tit,
2348 2588 2569 2644 dicens:
2622 2590 2808 2644 Veniat
2858 2590 3021 2645 frater
3069 2605 3275 2644 mecum
3323 2591 3428 2662 [AL
3481 2592 3700 2661 meusl,
3749 2601 3801 2645 ct

2216 2679 2491 2733 videamus
2521 2695 2617 2733 nos
2637 2722 2652 2745 ,
2698 2689 2751 2733 et
2777 2680 3033 2748 paciﬁcati
3062 2696 3440 2749 persequamur
3465 2682 3799 2751 Sigibertum

2218 2768 2488 2822 inimicum
2517 2782 2777 2824 nosrrum.
2809 2771 2960 2835 Quod
2998 2785 3119 2824 eum
3153 2772 3339 2825 fuisset
3369 2770 3601 2834 factum,
3632 2788 3805 2842 suque

2218 2860 2497 2925 vidissent,
2527 2876 2588 2915 ac
2614 2862 2923 2915 muneribus
2951 2862 3324 2927 honorassent,
3348 2873 3625 2917 commoto
3653 2862 3803 2917 Chil-

2220 2950 2431 3018 pericus
2474 2952 2713 3005 exercitu
2761 2966 2930 3019 usque
2968 2950 3184 3004 Rhemis
3217 2955 3463 3014 accessit,
3494 2964 3691 3006 cuneta
3722 2958 3800 3007 in-

545 3034 810 3101 eonjuucti
862 3037 1060 3099 pariter
1103 3035 1274 3090 fmdus
1322 3037 1530 3098 ineunt,
1577 3049 1631 3090 ut
1682 3038 1854 3093 nullus
1897 3040 2110 3092 fratrem
2140 3050 2183 3110 ρ
2219 3040 2452 3095 ceudeus
2480 3051 2637 3109 atque
2677 3040 2971 3095 debellatis.
3024 3041 3173 3106 Quod
3207 3042 3427 3095 audiens
3470 3042 3799 3111 Sigibertus,

548 3133 698 3171 suum
732 3119 910 3185 perire
934 3117 1152 3171 sineret.
1183 3116 1286 3171 Sed
1319 3132 1437 3171 cum
1463 3118 1753 3189 Sigibertus
1785 3131 1966 3189 gentes
1996 3119 2114 3171 illas

549 3208 815 3262 adducens
844 3208 1105 3271 venisset,
1137 3217 1190 3261 et
1234 3207 1564 3276 Chilpericus
1596 3209 1659 3262 de
1687 3210 1788 3262 alia
1822 3217 1970 3275 parte
1995 3224 2115 3263 eum

550 3313 646 3353 suo
674 3298 918 3351 exercitu
965 3298 1253 3363 resideret,
1273 3313 1374 3352 nec
1420 3297 1638 3351 haberet
1682 3314 1772 3353 rex
1821 3298 2116 3366 Sigibertus

549 3404 710 3458 super
739 3390 954 3443 fratrem
987 3405 1137 3442 suum
1170 3390 1363 3453 iturus,
1390 3390 1475 3443 ubi
1507 3389 1807 3457 Sequanam
1844 3399 1866 3427 ε
1901 3390 2113 3443 fluvium

551 3488 939 3545 transmearet,
984 3478 1132 3533 fratri
1195 3494 1293 3534 suo
1347 3478 1750 3534 Guntcliramuo
1810 3479 2117 3533 mandatum

550 3571 735 3633 mittit,
768 3570 949 3624 dicens
977 3587 999 3625 :7
1015 3571 1122 3624 Nisi
1156 3586 1241 3624 me
1281 3569 1589 3639 permiseris
1618 3584 1711 3638 per
1742 3577 1881 3623 tuam
1915 3579 2113 3625 sortem

549 3661 687 3714 hunc
714 3663 927 3716 fluvium
958 3664 1213 3730 transire,
1236 3678 1352 3716 cum
1377 3663 1521 3716 omni
1548 3663 1783 3717 exercitu
1817 3678 1937 3715 meo
1958 3680 2118 3730 super

545 3758 600 3806 ω
632 3767 865 3822 pergam.
891 3753 1044 3817 Quod
1074 3753 1160 3806 ille
1192 3754 1401 3817 timens,
1425 3753 1596 3808 foedus
1617 3769 1734 3808 cum
1758 3755 1946 3810 eodem
1977 3756 2114 3823 iniit,

546 3855 776 3912 eumque
806 3846 1031 3899 transire
1061 3845 1325 3915 permisit.
1356 3846 1591 3911 Denique
1637 3848 1874 3902 sentiens
1904 3848 2115 3917 Chilpe-

544 3932 708 3996 ricus,
740 3932 878 4001 quod
934 3934 1386 4001 Guntehramnus,
1435 3935 1639 3989 scilicet
1692 3937 1876 3990 relicto
1930 3952 1996 3991 eo
2048 3939 2112 3990 ad

542 4024 865 4093 Sigibertum
898 4028 1193 4091 transisset,
1219 4039 1390 4081 castra
1422 4027 1604 4095 movit,
1629 4036 1683 4081 et
1712 4044 1878 4097 usque
1902 4029 2109 4084 Avallo-

544 4115 682 4168 ciunt
715 4111 740 4151 ἀ
768 4114 1153 4170 Carnotensein
1204 4121 1375 4169 vicum
1427 4118 1577 4170 abiit.
1619 4117 1788 4180 Quem
1820 4118 2113 4183 Sigibertus

541 4207 833 4272 insecutus,
863 4224 1107 4278 campum
1157 4210 1256 4263 sibi
1290 4209 1573 4277 praeparari
1609 4210 1757 4277 petiit
1787 4219 1834 4262 ο.
1866 4210 1961 4265 Ille
1987 4227 2111 4263 vero

613 4328 638 4357 ⁸
668 4320 841 4381 Coll)"
875 4320 1023 4376 Lata.
1048 4322 1275 4385 Bec.,de
1303 4321 1491 4373 Lettat.
1524 4321 1647 4373 Erat
1677 4321 1900 4374 fortasse
1926 4338 2108 4374 mona-

2219 3130 2411 3183 iterum
2434 3131 2739 3184 convocatis
2766 3128 3013 3197 gentibus
3045 3130 3148 3184 illis
3169 3172 3183 3191 ,
3224 3148 3447 3198 quarum
3491 3146 3654 3200 supra
3686 3148 3799 3185 me-

2218 3218 2350 3271 mori
2371 3234 2439 3271 tm
2470 3219 2689 3272 fecimus
2715 3260 2729 3281 ,
2776 3218 3005 3271 Parisios
3051 3219 3236 3288 venit,
3283 3230 3336 3272 et
3363 3232 3549 3273 contra
3576 3218 3797 3276 fratrem

2218 3324 2367 3361 suun
2400 3310 2473 3361 ire
2514 3309 2787 3376 diSpouit,
2820 3309 3034 3362 mittens
3080 3310 3297 3362 nuntios
3350 3310 3695 3365 Dunensibus
3746 3319 3802 3364 et

2217 3399 2541 3467 Turonicis,
2594 3410 2650 3452 ut
2698 3407 2880 3453 contra
2912 3399 3343 3453 Theodobcrtum
3382 3402 3459 3455 ire
3504 3401 3801 3456 deberent.

2217 3492 2373 3558 Quod
2423 3492 2497 3545 illi
2547 3492 2942 3545 dissimulantes
2968 3531 2983 3554 ,
3013 3507 3105 3543 rex
3136 3489 3506 3561 Godegiselum
3537 3502 3596 3546 et
3624 3493 3797 3547 Gunt-

2216 3584 2528 3637 cltramnum
2581 3582 2737 3654 194
2781 3583 2943 3637 duces
2982 3583 3033 3635 in
3071 3581 3245 3651 capite
3272 3582 3473 3651 dirigit.
3518 3583 3623 3650 Qui
3655 3599 3797 3639 com-

2219 3685 2490 3727 moventes
2521 3676 2845 3737 exercitum,
2892 3673 3147 3727 adversus
3174 3687 3293 3725 eum
3320 3681 3568 3741 pergunt.
3613 3676 3685 3727 At
3711 3673 3807 3727 ille-

2217 3762 2503 3816 derelictus
2532 3779 2559 3815 a
2592 3762 2705 3815 suis
2725 3807 2740 3830 ,
2772 3777 2892 3815 cum
2938 3763 3117 3828 paucis
3158 3761 3413 3815 remansit
3439 3779 3453 3814 :
3485 3762 3583 3816 sed
3614 3771 3795 3817 tamen

2216 3852 2280 3903 ad
2310 3852 2505 3904 betlum
2557 3853 2703 3905 exire
2754 3868 2856 3905 non
2902 3851 3131 3905 dubitat.
3171 3852 3414 3904 lueuutes
3441 3862 3622 3905 autem
3658 3869 3797 3921 pra:-

2218 3938 2367 4003 littm,
2402 3939 2808 3992 Tltcotlobertus
2854 3942 3057 3993 evictus
3104 3940 3153 3992 in
3190 3953 3378 4006 campo
3406 3944 3801 4006 prosternitur,

2215 4038 2269 4082 et
2297 4028 2363 4081 ab
2393 4027 2632 4081 hostibus
2662 4028 2904 4082 exanime
2934 4043 3128 4096 corpus
3150 4071 3164 4090 ,
3200 4030 3338 4096 quod
3366 4029 3470 4082 dici
3497 4030 3657 4084 dolor
3687 4041 3790 4093 est,

2215 4121 2494 4186 spoliatur.
2534 4119 2685 4173 Tunc
2713 4119 2779 4172 ab
2808 4118 3027 4171 Arnulfo
3061 4128 3085 4163 κ
3116 4119 3342 4187 quodam
3367 4119 3659 4187 collectus,
3694 4124 3788 4175 ab-

2221 4212 2471 4278 lutusque
2493 4249 2508 4274 ,
2554 4223 2614 4263 ac
2644 4208 2816 4277 dignis
2837 4209 3073 4261 vestibus
3098 4220 3179 4261 cs1
3208 4208 3419 4260 indutus
3444 4248 3458 4270 ,
3488 4217 3542 4261 et
3569 4210 3636 4263 ad
3668 4210 3796 4265 Eco-

2214 4323 2469 4387 Superest
2500 4322 2611 4375 haec
2634 4320 2855 4389 epistola
2880 4330 3026 4374 tanto
3058 4322 3303 4387 pontifice
3331 4324 3393 4374 ad
3426 4338 3612 4388 pacem
3641 4329 3793 4391 priu-

543 4390 890 4462 steriutn_hic
921 4402 1268 4444 memoratum
1314 4394 1363 4443 in
1391 4389 1526 4462 vico,
1553 4390 1639 4453 qui
1671 4392 1998 4462 etiamnunc
2023 4393 2108 4446 Si-
2144 4407 2185 4461 υ
2215 4395 2355 4458 cipes
2384 4391 2709 4445 Christianos
2739 4391 3051 4444 adhortante
3078 4392 3264 4459 digna,
3298 4410 3455 4461 quam
3490 4395 3539 4444 itt
3572 4389 3793 4462 Αιιμειι-

544 4474 634 4509 ran
674 4461 723 4509 tu
768 4458 909 4515 Late.
936 4476 1026 4514 seu
1076 4464 1126 4513 ta
1174 4462 1318 4513 Laue
1359 4461 1671 4526 appellatur,
1707 4460 1841 4511 haud
1877 4463 2109 4523 procula

540 4527 844 4590 Severiacn,
864 4530 1048 4595 ’δίιηὼ
1078 4533 1115 4582 ll
1140 4531 1327 4583 «Ιιίδιιιιι
1351 4542 1403 4581 et
1428 4528 1715 4593 Noviliaco,
1745 4530 1958 4594 Neuilli,
1986 4532 2109 4585 sito.

610 4597 635 4635 δ
666 4596 842 4659 Cltol.,
873 4600 1154 4667 Sigiftertus
1181 4610 1280 4653 (res
1302 4608 1491 4666 gentes.
1514 4608 1616 4667 etc.

611 4678 635 4704 ε
667 4668 756 4721 Sic
799 4666 1165 4730 mss.onmes,
1199 4678 1390 4729 pneter
1414 4666 1567 4721 Culb.
1594 4678 1645 4719 et
1673 4668 1871 4723 Chesn.
1903 4668 1987 4732 qui
2021 4670 2110 4720 ha-

538 4738 666 4791 bent
697 4738 977 4806 Segonam,
1009 4740 1160 4805 quasi
1197 4739 1279 4790 hic
1310 4741 1516 4806 Sagona
1545 4738 1657 4807 sive
1687 4738 1841 4799 Arar,
1875 4740 2030 4807 vulgo
2060 4740 2109 4792 la

535 4808 726 4869 Satine,
766 4808 1160 4876 designaretttr.
1200 4808 1340 4860 Editi
1385 4817 1491 4861 vet.
1542 4806 1735 4860 habent
1778 4806 1987 4876 quoque
2018 4810 2107 4864 Se-

532 4896 773 4936 quanam.
828 4880 891 4931 Et
938 4877 1149 4944 quidem
1179 4892 1241 4931 ex
1294 4877 1536 4945 Gregorii
1588 4876 1679 4929 lib.
1732 4893 1762 4930 ll
1816 4879 1880 4931 de.
1921 4879 2101 4935 Mirac.

531 4949 590 5002 S.
619 4948 849 5009 Martini,
883 4965 1001 5015 cap.
1038 4948 1091 5010 7,
1132 4955 1275 5015 patet
1308 4949 1389 4999 hic
1423 4947 1699 5013 legendum
1744 4963 1862 5001 esse
1908 4948 2106 5015 Sequa-

534 5034 668 5073 nam.
702 5020 772 5073 De
804 5024 900 5073 hac
927 5034 986 5074 re
1017 5020 1135 5072 \‘ide
1163 5018 1321 5072 etiam
1371 5019 1463 5072 lib.
1500 5033 1515 5071 t
1542 5018 1607 5071 de
1636 5016 1817 5071 Gloria
1856 5029 2102 5088 ntartyr.,

530 5103 649 5142 can.
679 5089 767 5142 7‘2.

636 5129 649 5142 .
679 5104 767 5142 'I'z.

596 5104 630 5193 Β
664 5160 760 5212 llic
806 5159 951 5212 vicus
981 5170 1061 5211 est
1091 5158 1153 5210 ad
1187 5157 1379 5212 flumen
1426 5157 1755 5218 Litlericum,
1786 5158 1871 5225 qui
1923 5167 2102 5222 postea

533 5226 790 5296 Allocium
822 5245 915 5281 seu
950 5230 1195 5296 Alogium
1225 5270 1239 5292 ,
1279 5231 1435 5295 vulgo
1464 5230 1662 5294 Alluye,
1691 5228 1869 5280 dictus
1916 5237 2017 5281 est.
2050 5228 2101 5280 Iit

535 5295 800 5359 plerisque
827 5314 956 5352 mss.
990 5309 1042 5351 et
1065 5295 1244 5353 editis
1275 5300 1525 5354 scribitur
1557 5298 1805 5351 Alacium.
1853 5297 2002 5361 Bec.,
2034 5298 2103 5349 ad

540 5363 823 5415 Valerium.

604 5444 626 5468 ο
661 5434 802 5484 Tunc
822 5438 1072 5501 temporis
1093 5440 1300 5499 st-ripsil
1327 5440 1389 5490 ad
1423 5437 1821 5490 Drunccltiltletn
1846 5434 2093 5501 Sigiherli

529 5519 749 5555 Iwrt‘llt
804 5503 987 5554 beatus
1033 5509 1327 5559 Gertnanu.
1373 5509 1687 5559 Parisiorum
1731 5508 1989 5566 antistes,
2040 5518 2096 5558 ttt

528 5574 789 5627 excidium
823 5612 845 5634 ,,
870 5575 1006 5641 quod
1054 5578 1144 5629 toti
1196 5577 1395 5644 regioni
1444 5574 2098 5638 imminebat,averteret.

2214 4465 2329 4517 dice
2363 4463 2670 4513 referemus.

2290 4531 2308 4569 τ
2355 4532 2549 4584 llorum
2596 4530 2751 4582 trium
2800 4529 3205 4599 paralyticorum
3245 4530 3575 4585 curationem
3622 4534 3793 4588 refert

2213 4602 2444 4669 Grcgor.
2479 4600 2575 4653 lib.
2607 4616 2638 4652 ιι
2678 4600 2859 4653 Mirac.
2885 4600 2939 4653 S.
2972 4599 3198 4669 Martini,
3228 4614 3348 4666 cap.
3380 4601 3434 4664 fi,
3469 4599 3501 4652 6
3530 4611 3584 4654 et
3609 4602 3669 4655 '7.

2284 4680 2307 4718 ε
2335 4666 2498 4725 12011).
2528 4680 2583 4722 et
2621 4670 2745 4723 Dec.
2795 4684 2913 4723 cum
2960 4666 3157 4722 Chesn.
3184 4709 3198 4731 ,
3229 4670 3474 4738 Aunulfo.
3528 4671 3601 4724 De
3635 4685 3789 4724 more

2211 4740 2599 4795 ablurndorum
2630 4740 2998 4792 defunctorum
3025 4739 3163 4805 apud
3192 4740 3411 4801 gentiles
3437 4748 3492 4792 et
3516 4738 3785 4793 Christia—

2212 4826 2309 4864 nos
2339 4811 2485 4878 plura
2534 4810 2691 4861 habet
2741 4807 2804 4862 V.
2851 4808 2935 4862 Cl.
2984 4810 3110 4878 Ant.
3166 4808 3703 4863 Dadiuus'Alteserra
3732 4813 3787 4863 in

2209 4877 2393 4946 ειη)ζῦ
2416 4880 2506 4933 lib.
2538 4894 2573 4931 ll
2617 4878 2750 4932 llist.
2782 4877 3019 4947 Gregorii
3052 4878 3217 4947 nostri
3244 4918 3259 4941 ,
3314 4880 3399 4930 ulti
3431 4894 3494 4931 ex
3526 4880 3781 4933 Aitnoino

2210 4951 2262 5002 in
2291 4950 2404 5002 Vita
2427 4949 2484 5003 S.
2512 4948 2768 5011 Abhouis,
2800 4945 2918 5015 cap'.
2941 4946 3029 5008 20,
3056 4945 3302 5016 observat
3336 4948 3784 5016 interemptorum

2206 5034 2428 5087 corpora
2461 5018 2605 5070 illota
2636 5018 2845 5082 sepeliri
2872 5014 3024 5069 Solita
3045 5014 3242 5087 rfuiSse.
3277 5017 3427 5070 Abbo
3452 5014 3651 5083 quippe
3670 5034 3789 5070 cum

2207 5086 2329 5156 ipsis
2357 5087 2533 5156 quibus
2561 5087 2767 5137 indutus
2796 5096 2902 5139 erat
2932 5086 3231 5156 vestimentis
3250 5127 3264 5149 ,
3298 5088 3371 5137 uti
3398 5102 3505 5138 mos
3538 5096 3610 5138 est
3638 5104 3782 5155 sepe-

2207 5155 2291 5210 liri
2321 5160 2665 5218 interemptos,
2697 5156 2869 5207 illotus
2907 5157 3057 5207 etiam
3084 5155 3285 5223 lapideo
3305 5156 3587 5207 tumulatus
3608 5172 3783 5208 sarco-

2209 5230 2327 5295 fago
2361 5228 2471 5277 fuit.
2510 5225 2665 5277 Forte
2696 5224 3092 5295 Theodeliertus
3122 5226 3260 5295 lotus
3306 5225 3401 5277 fttit
3440 5240 3501 5278 ac
3538 5224 3661 5277 aliis
3691 5242 3781 5279 ve-

2209 5294 2379 5349 Stilius
2411 5297 2532 5347 indu
2565 5309 2625 5346 us
2655 5294 2722 5345 ob
2773 5297 2966 5360 regiam
2991 5294 3330 5360 dignitatem,
3361 5295 3441 5347 vel
3473 5296 3615 5361 quod
3646 5311 3782 5349 non-

2204 5366 2332 5418 ‘dutn
2365 5381 2479 5417 mos
2505 5364 2591 5416 ille
2619 5363 2941 5416 inolevisset.
2996 5365 3162 5429 lleges
3188 5372 3382 5424 autem,
3412 5365 3703 5430 episcopos
3728 5377 3781 5419 et

2205 5437 2423 5487 abhates
2449 5476 2462 5497 ,
2510 5434 2702 5500 (lignis,
2738 5434 2787 5485 id
2817 5441 2929 5495 est,
2958 5441 3015 5483 ttt
3045 5442 3190 5499 puto,
3224 5446 3332 5485 Sua:
3361 5433 3607 5499 dignitati
3631 5449 3782 5488 com-

2205 5504 2510 5572 petentibus
2558 5502 2766 5556 iudutos
2813 5503 3086 5572 VUSllb‘JS,
3136 5502 3347 5571 sepeliri
3387 5504 3577 5558 solitos
3609 5503 3783 5561 fuisse

2207 5571 2427 5642 probant
2457 5574 2755 5640 complures
2786 5571 3027 5641 Gregorii
3053 5572 3173 5625 loci.
