  <div class='ocr_page' id='page_1' title='image "/cluster/home/n/w/nwhite01/storage/ocr_20150623/71/uva.x000827083/164.png"; bbox 0 0 3994 6194; ppageno 0'>
   <div class='ocr_carea' id='block_1_1' title="bbox 208 220 2505 283">
    <p class='ocr_par' dir='ltr' id='par_1_1' title="bbox 208 220 2505 283">
     <span class='ocr_line' id='line_1_1' title="bbox 208 220 2505 283; baseline 0.001 -10"><span class='ocrx_word' id='word_1_1' title='bbox 208 221 294 274; x_wconf 73' lang='grc'><strong>515</strong></span> <span class='ocrx_word' id='word_1_2' title='bbox 1082 224 1394 279; x_wconf 71' lang='lat' dir='ltr'><strong>HISTORIA</strong></span> <span class='ocrx_word' id='word_1_3' title='bbox 1439 220 1880 276; x_wconf 71' lang='lat' dir='ltr'><strong>FIlANCOIIUM.</strong></span> <span class='ocrx_word' id='word_1_4' title='bbox 1926 220 2124 274; x_wconf 76' lang='lat' dir='ltr'><strong>LIBER</strong></span> <span class='ocrx_word' id='word_1_5' title='bbox 2164 220 2505 283; x_wconf 60' lang='lat' dir='ltr'><strong>QUARTUS.</strong></span> 
     </span>
    </p>
   </div>
   <div class='ocr_carea' id='block_1_2' title="bbox 3311 236 3412 292">
    <p class='ocr_par' dir='ltr' id='par_1_2' title="bbox 3311 236 3412 292">
     <span class='ocr_line' id='line_1_2' title="bbox 3311 236 3412 292; baseline 0.04 -3"><span class='ocrx_word' id='word_1_6' title='bbox 3311 236 3412 292; x_wconf 77' lang='lat' dir='ltr'><strong>3H</strong></span> 
     </span>
    </p>
   </div>
   <div class='ocr_carea' id='block_1_3' title="bbox 210 336 3403 415">
    <p class='ocr_par' dir='ltr' id='par_1_3' title="bbox 210 336 3403 415">
     <span class='ocr_line' id='line_1_3' title="bbox 210 336 3403 415; baseline 0.004 -27"><span class='ocrx_word' id='word_1_7' title='bbox 210 338 470 389; x_wconf 72' lang='lat' dir='ltr'><strong>li~menseiu</strong></span> <span class='ocrx_word' id='word_1_8' title='bbox 518 344 538 370; x_wconf 66' lang='grc' dir='ltr'><strong>τ’</strong></span> <span class='ocrx_word' id='word_1_9' title='bbox 586 336 855 390; x_wconf 82' lang='lat' dir='ltr'><strong>civitatem</strong></span> <span class='ocrx_word' id='word_1_10' title='bbox 902 340 1159 405; x_wconf 73' lang='lat' dir='ltr'><strong>sepultus.</strong></span> <span class='ocrx_word' id='word_1_11' title='bbox 1235 339 1562 407; x_wconf 81' lang='lat' dir='ltr'><strong>Chi-Ipcrieus</strong></span> <span class='ocrx_word' id='word_1_12' title='bbox 1610 354 1735 391; x_wconf 82' lang='lat' dir='ltr'><strong>vero</strong></span> <span class='ocrx_word' id='word_1_13' title='bbox 1768 345 1806 395; x_wconf 60' lang='grc' dir='ltr'><strong>Α</strong></span> <span class='ocrx_word' id='word_1_14' title='bbox 1840 350 1994 403; x_wconf 68' lang='grc' dir='ltr'><strong>ευιιδ,</strong></span> <span class='ocrx_word' id='word_1_15' title='bbox 2027 351 2240 405; x_wconf 81' lang='lat' dir='ltr'><strong>tnagnu-</strong></span> <span class='ocrx_word' id='word_1_16' title='bbox 2273 353 2365 405; x_wconf 85' lang='lat' dir='ltr'><strong>per</strong></span> <span class='ocrx_word' id='word_1_17' title='bbox 2393 338 2724 394; x_wconf 81' lang='lat' dir='ltr'><strong>adulationes</strong></span> <span class='ocrx_word' id='word_1_18' title='bbox 2751 355 2871 395; x_wconf 90' lang='lat' dir='ltr'><strong>cum</strong></span> <span class='ocrx_word' id='word_1_19' title='bbox 2902 357 3023 410; x_wconf 87' lang='lat' dir='ltr'><strong>rege</strong></span> <span class='ocrx_word' id='word_1_20' title='bbox 3048 345 3270 401; x_wconf 72' lang='lat' dir='ltr'><strong>effectus</strong></span> <span class='ocrx_word' id='word_1_21' title='bbox 3298 362 3403 415; x_wconf 85' lang='lat' dir='ltr'><strong>est;</strong></span> 
     </span>
    </p>
   </div>
   <div class='ocr_carea' id='block_1_4' title="bbox 207 427 1737 495">
    <p class='ocr_par' dir='ltr' id='par_1_4' title="bbox 207 427 1737 495">
     <span class='ocr_line' id='line_1_4' title="bbox 207 427 1737 495; baseline 0.004 -17"><span class='ocrx_word' id='word_1_22' title='bbox 207 441 491 493; x_wconf 69' lang='lat' dir='ltr'><strong>cognoscens</strong></span> <span class='ocrx_word' id='word_1_23' title='bbox 525 427 667 495; x_wconf 82' lang='lat' dir='ltr'><strong>quod</strong></span> <span class='ocrx_word' id='word_1_24' title='bbox 700 430 893 479; x_wconf 87' lang='lat' dir='ltr'><strong>iterum</strong></span> <span class='ocrx_word' id='word_1_25' title='bbox 942 443 1000 481; x_wconf 82' lang='lat' dir='ltr'><strong>se</strong></span> <span class='ocrx_word' id='word_1_26' title='bbox 1048 430 1475 483; x_wconf 82' lang='lat' dir='ltr'><strong>Guntcltratunus</strong></span> <span class='ocrx_word' id='word_1_27' title='bbox 1500 446 1619 484; x_wconf 87' lang='lat' dir='ltr'><strong>cum</strong></span> <span class='ocrx_word' id='word_1_28' title='bbox 1652 430 1737 484; x_wconf 88' lang='lat' dir='ltr'><strong>Si-</strong></span> 
     </span>
    </p>
   </div>
   <div class='ocr_carea' id='block_1_5' title="bbox 208 516 1735 583">
    <p class='ocr_par' dir='ltr' id='par_1_5' title="bbox 208 516 1735 583">
     <span class='ocr_line' id='line_1_5' title="bbox 208 516 1735 583; baseline 0.005 -17"><span class='ocrx_word' id='word_1_29' title='bbox 208 516 378 581; x_wconf 72' lang='lat' dir='ltr'><strong>giberto</strong></span> <span class='ocrx_word' id='word_1_30' title='bbox 403 516 741 583; x_wconf 75' lang='lat' dir='ltr'><strong>paciﬁcasset,</strong></span> <span class='ocrx_word' id='word_1_31' title='bbox 767 533 825 571; x_wconf 70' lang='lat' dir='ltr'><strong>se</strong></span> <span class='ocrx_word' id='word_1_32' title='bbox 858 517 988 569; x_wconf 75' lang='lat' dir='ltr'><strong>infra</strong></span> <span class='ocrx_word' id='word_1_33' title='bbox 1015 517 1351 572; x_wconf 83' lang='lat' dir='ltr'><strong>&#39;l‘uruaccttse</strong></span> <span class='ocrx_word' id='word_1_34' title='bbox 1368 551 1379 565; x_wconf 60' lang='grc' dir='ltr'><strong>ν</strong></span> <span class='ocrx_word' id='word_1_35' title='bbox 1410 534 1589 573; x_wconf 64' lang='grc' dir='ltr'>ιιιιιτοδ</span> <span class='ocrx_word' id='word_1_36' title='bbox 1613 534 1735 573; x_wconf 83' lang='lat' dir='ltr'><strong>eum</strong></span> 
     </span>
    </p>
   </div>
   <div class='ocr_carea' id='block_1_6' title="bbox 210 608 1080 664">
    <p class='ocr_par' dir='ltr' id='par_1_6' title="bbox 210 608 1080 664">
     <span class='ocr_line' id='line_1_6' title="bbox 210 608 1080 664; baseline 0.011 -10"><span class='ocrx_word' id='word_1_37' title='bbox 210 624 342 660; x_wconf 66' lang='lat' dir='ltr'><strong>more</strong></span> <span class='ocrx_word' id='word_1_38' title='bbox 365 620 409 658; x_wconf 83' lang='lat' dir='ltr'><strong>et</strong></span> <span class='ocrx_word' id='word_1_39' title='bbox 435 608 547 660; x_wconf 87' lang='lat' dir='ltr'><strong>ﬁliis</strong></span> <span class='ocrx_word' id='word_1_40' title='bbox 573 610 684 661; x_wconf 84' lang='lat' dir='ltr'><strong>suis</strong></span> <span class='ocrx_word' id='word_1_41' title='bbox 716 611 1080 664; x_wconf 83' lang='lat' dir='ltr'><strong>communivit.</strong></span> 
     </span>
    </p>
   </div>
   <div class='ocr_carea' id='block_1_7' title="bbox 263 676 1731 748">
    <p class='ocr_par' dir='ltr' id='par_1_7' title="bbox 263 676 1731 748">
     <span class='ocr_line' id='line_1_7' title="bbox 263 676 1731 748; baseline 0.003 -18"><span class='ocrx_word' id='word_1_42' title='bbox 263 677 333 730; x_wconf 83' lang='lat' dir='ltr'><strong>LII</strong></span> <span class='ocrx_word' id='word_1_43' title='bbox 359 676 459 747; x_wconf 79' lang='grc' dir='ltr'><strong>[ΑΙ.</strong></span> <span class='ocrx_word' id='word_1_44' title='bbox 493 677 652 747; x_wconf 60' lang='lat' dir='ltr'><strong>XLVI].</strong></span> <span class='ocrx_word' id='word_1_45' title='bbox 704 679 756 731; x_wconf 90' lang='lat' dir='ltr'><strong>Itt</strong></span> <span class='ocrx_word' id='word_1_46' title='bbox 803 695 865 732; x_wconf 86' lang='lat' dir='ltr'><strong>eo</strong></span> <span class='ocrx_word' id='word_1_47' title='bbox 908 695 1047 731; x_wconf 91' lang='lat' dir='ltr'><strong>anno</strong></span> <span class='ocrx_word' id='word_1_48' title='bbox 1078 680 1250 748; x_wconf 77' lang='lat' dir='ltr'><strong>fulgor</strong></span> <span class='ocrx_word' id='word_1_49' title='bbox 1280 696 1371 748; x_wconf 81' lang='lat' dir='ltr'><strong>per</strong></span> <span class='ocrx_word' id='word_1_50' title='bbox 1398 683 1592 734; x_wconf 84' lang='lat' dir='ltr'><strong>ceelum</strong></span> <span class='ocrx_word' id='word_1_51' title='bbox 1622 682 1731 735; x_wconf 83' lang='lat' dir='ltr'><strong>dis-</strong></span> 
     </span>
    </p>
   </div>
   <div class='ocr_carea' id='block_1_8' title="bbox 208 769 1732 840">
    <p class='ocr_par' dir='ltr' id='par_1_8' title="bbox 208 769 1732 840">
     <span class='ocr_line' id='line_1_8' title="bbox 208 769 1732 840; baseline 0.005 -21"><span class='ocrx_word' id='word_1_52' title='bbox 208 772 400 822; x_wconf 77' lang='lat' dir='ltr'><strong>currisse</strong></span> <span class='ocrx_word' id='word_1_53' title='bbox 433 772 569 823; x_wconf 88' lang='lat' dir='ltr'><strong>visus</strong></span> <span class='ocrx_word' id='word_1_54' title='bbox 619 780 701 825; x_wconf 89' lang='lat' dir='ltr'><strong>est</strong></span> <span class='ocrx_word' id='word_1_55' title='bbox 744 769 792 835; x_wconf 73' lang='grc' dir='ltr'><strong>δ,</strong></span> <span class='ocrx_word' id='word_1_56' title='bbox 844 772 981 823; x_wconf 87' lang='lat' dir='ltr'><strong>sicut</strong></span> <span class='ocrx_word' id='word_1_57' title='bbox 1036 774 1302 840; x_wconf 81' lang='lat' dir='ltr'><strong>quondam</strong></span> <span class='ocrx_word' id='word_1_58' title='bbox 1343 782 1467 826; x_wconf 89' lang='lat' dir='ltr'><strong>ante</strong></span> <span class='ocrx_word' id='word_1_59' title='bbox 1510 787 1732 827; x_wconf 83' lang='lat' dir='ltr'><strong>mortem</strong></span> 
     </span>
    </p>
   </div>
   <div class='ocr_carea' id='block_1_9' title="bbox 205 862 1738 934">
    <p class='ocr_par' dir='ltr' id='par_1_9' title="bbox 205 862 1738 934">
     <span class='ocr_line' id='line_1_9' title="bbox 205 862 1738 934; baseline 0.005 -22"><span class='ocrx_word' id='word_1_60' title='bbox 205 862 557 914; x_wconf 75' lang='lat' dir='ltr'><strong>Clilotltacharii</strong></span> <span class='ocrx_word' id='word_1_61' title='bbox 612 864 807 917; x_wconf 57' lang='lat' dir='ltr'><strong>factum</strong></span> <span class='ocrx_word' id='word_1_62' title='bbox 859 865 1106 917; x_wconf 84' lang='lat' dir='ltr'><strong>vidimus.</strong></span> <span class='ocrx_word' id='word_1_63' title='bbox 1159 866 1452 934; x_wconf 83' lang='lat' dir='ltr'><strong>Sigibertus</strong></span> <span class='ocrx_word' id='word_1_64' title='bbox 1491 882 1615 920; x_wconf 85' lang='lat' dir='ltr'><strong>vero</strong></span> <span class='ocrx_word' id='word_1_65' title='bbox 1644 867 1738 919; x_wconf 90' lang='lat' dir='ltr'><strong>ob-</strong></span> 
     </span>
    </p>
   </div>
   <div class='ocr_carea' id='block_1_10' title="bbox 208 953 1739 1023">
    <p class='ocr_par' dir='ltr' id='par_1_10' title="bbox 208 953 1739 1023">
     <span class='ocr_line' id='line_1_10' title="bbox 208 953 1739 1023; baseline 0.007 -22"><span class='ocrx_word' id='word_1_66' title='bbox 208 953 338 1004; x_wconf 65' lang='lat' dir='ltr'><strong>tentis</strong></span> <span class='ocrx_word' id='word_1_67' title='bbox 360 953 651 1006; x_wconf 82' lang='lat' dir='ltr'><strong>civitatibus</strong></span> <span class='ocrx_word' id='word_1_68' title='bbox 680 954 782 1007; x_wconf 84' lang='lat' dir='ltr'><strong>illis</strong></span> <span class='ocrx_word' id='word_1_69' title='bbox 802 996 817 1019; x_wconf 91' lang='lat'><strong>,</strong></span> <span class='ocrx_word' id='word_1_70' title='bbox 861 971 980 1022; x_wconf 70' lang='lat' dir='ltr'><strong>qua:</strong></span> <span class='ocrx_word' id='word_1_71' title='bbox 1025 956 1153 1009; x_wconf 88' lang='lat' dir='ltr'><strong>citra</strong></span> <span class='ocrx_word' id='word_1_72' title='bbox 1187 956 1416 1010; x_wconf 61' lang='lat' dir='ltr'><strong>I&#39;arisivis</strong></span> <span class='ocrx_word' id='word_1_73' title='bbox 1444 968 1567 1010; x_wconf 87' lang='lat' dir='ltr'><strong>sunt</strong></span> <span class='ocrx_word' id='word_1_74' title='bbox 1596 958 1739 1023; x_wconf 84' lang='lat' dir='ltr'><strong>posi-</strong></span> 
     </span>
    </p>
   </div>
   <div class='ocr_carea' id='block_1_11' title="bbox 206 1044 1737 1111">
    <p class='ocr_par' dir='ltr' id='par_1_11' title="bbox 206 1044 1737 1111">
     <span class='ocr_line' id='line_1_11' title="bbox 206 1044 1737 1111; baseline 0.006 -19"><span class='ocrx_word' id='word_1_75' title='bbox 206 1053 289 1105; x_wconf 74' lang='lat' dir='ltr'><strong>Le,</strong></span> <span class='ocrx_word' id='word_1_76' title='bbox 332 1059 486 1110; x_wconf 77' lang='lat' dir='ltr'><strong>usqu--</strong></span> <span class='ocrx_word' id='word_1_77' title='bbox 519 1044 999 1111; x_wconf 72' lang='lat' dir='ltr'><strong>liotltomageusem</strong></span> <span class='ocrx_word' id='word_1_78' title='bbox 1028 1046 1210 1099; x_wconf 82' lang='lat' dir='ltr'>urbem</span> <span class='ocrx_word' id='word_1_79' title='bbox 1239 1048 1461 1100; x_wconf 83' lang='lat' dir='ltr'><strong>accessit</strong></span> <span class='ocrx_word' id='word_1_80' title='bbox 1487 1087 1501 1106; x_wconf 88' lang='lat'><strong>,</strong></span> <span class='ocrx_word' id='word_1_81' title='bbox 1554 1048 1737 1101; x_wconf 70' lang='lat' dir='ltr'><strong>volens</strong></span> 
     </span>
    </p>
   </div>
   <div class='ocr_carea' id='block_1_12' title="bbox 205 1134 1735 1203">
    <p class='ocr_par' dir='ltr' id='par_1_12' title="bbox 205 1134 1735 1203">
     <span class='ocr_line' id='line_1_12' title="bbox 205 1134 1735 1203; baseline 0.007 -21"><span class='ocrx_word' id='word_1_82' title='bbox 205 1134 385 1187; x_wconf 55' lang='lat' dir='ltr'><strong>iazisdetn</strong></span> <span class='ocrx_word' id='word_1_83' title='bbox 429 1135 577 1188; x_wconf 88' lang='lat' dir='ltr'><strong>urbes</strong></span> <span class='ocrx_word' id='word_1_84' title='bbox 632 1135 874 1188; x_wconf 80' lang='lat' dir='ltr'><strong>boatibus</strong></span> <span class='ocrx_word' id='word_1_85' title='bbox 908 1136 1004 1190; x_wconf 86' lang='lat' dir='ltr'><strong>eed</strong></span> <span class='ocrx_word' id='word_1_86' title='bbox 1042 1152 1118 1190; x_wconf 87' lang='lat' dir='ltr'><strong>re.</strong></span> <span class='ocrx_word' id='word_1_87' title='bbox 1166 1136 1314 1203; x_wconf 89' lang='lat' dir='ltr'><strong>Quod</strong></span> <span class='ocrx_word' id='word_1_88' title='bbox 1364 1152 1430 1190; x_wconf 90' lang='lat' dir='ltr'><strong>ne</strong></span> <span class='ocrx_word' id='word_1_89' title='bbox 1458 1138 1672 1202; x_wconf 82' lang='lat' dir='ltr'><strong>laceret,</strong></span> <span class='ocrx_word' id='word_1_90' title='bbox 1706 1154 1735 1192; x_wconf 90' lang='lat' dir='ltr'><strong>a</strong></span> 
     </span>
    </p>
   </div>
   <div class='ocr_carea' id='block_1_13' title="bbox 205 1228 1737 1296">
    <p class='ocr_par' dir='ltr' id='par_1_13' title="bbox 205 1228 1737 1296">
     <span class='ocr_line' id='line_1_13' title="bbox 205 1228 1737 1296; baseline 0.003 -20"><span class='ocrx_word' id='word_1_91' title='bbox 205 1228 295 1279; x_wconf 80' lang='lat' dir='ltr'><strong>sitis</strong></span> <span class='ocrx_word' id='word_1_92' title='bbox 318 1228 597 1291; x_wconf 74' lang='lat' dir='ltr'><strong>prohibitus</strong></span> <span class='ocrx_word' id='word_1_93' title='bbox 630 1240 729 1281; x_wconf 89' lang='lat' dir='ltr'><strong>est.</strong></span> <span class='ocrx_word' id='word_1_94' title='bbox 777 1228 1067 1296; x_wconf 76' lang='lat' dir='ltr'><strong>Regressus</strong></span> <span class='ocrx_word' id='word_1_95' title='bbox 1100 1229 1251 1292; x_wconf 90' lang='lat' dir='ltr'><strong>inde,</strong></span> <span class='ocrx_word' id='word_1_96' title='bbox 1287 1229 1516 1283; x_wconf 86' lang='lat' dir='ltr'><strong>Parisios</strong></span> <span class='ocrx_word' id='word_1_97' title='bbox 1544 1238 1628 1283; x_wconf 91' lang='lat' dir='ltr'><strong>e-t</strong></span> <span class='ocrx_word' id='word_1_98' title='bbox 1659 1232 1737 1282; x_wconf 87' lang='lat' dir='ltr'><strong>itt-</strong></span> 
     </span>
    </p>
   </div>
   <div class='ocr_carea' id='block_1_14' title="bbox 204 1318 1731 1385">
    <p class='ocr_par' dir='ltr' id='par_1_14' title="bbox 204 1318 1731 1385">
     <span class='ocr_line' id='line_1_14' title="bbox 204 1318 1731 1385; baseline 0.003 -19"><span class='ocrx_word' id='word_1_99' title='bbox 204 1332 264 1383; x_wconf 54' lang='grc' dir='ltr'>ξιτ.</span> <span class='ocrx_word' id='word_1_100' title='bbox 283 1332 421 1369; x_wconf 62' lang='lat' dir='ltr'><strong>ssus:</strong></span> <span class='ocrx_word' id='word_1_101' title='bbox 456 1318 626 1385; x_wconf 88' lang='lat' dir='ltr'><strong>ibique</strong></span> <span class='ocrx_word' id='word_1_102' title='bbox 653 1320 717 1373; x_wconf 88' lang='lat' dir='ltr'><strong>ad</strong></span> <span class='ocrx_word' id='word_1_103' title='bbox 740 1334 859 1371; x_wconf 89' lang='lat' dir='ltr'><strong>eum</strong></span> <span class='ocrx_word' id='word_1_104' title='bbox 896 1319 1252 1372; x_wconf 85' lang='lat' dir='ltr'><strong>Bruuicltildis</strong></span> <span class='ocrx_word' id='word_1_105' title='bbox 1272 1335 1391 1373; x_wconf 93' lang='lat' dir='ltr'><strong>cum</strong></span> <span class='ocrx_word' id='word_1_106' title='bbox 1422 1319 1544 1373; x_wconf 83' lang='lat' dir='ltr'><strong>ﬁliis</strong></span> <span class='ocrx_word' id='word_1_107' title='bbox 1571 1321 1731 1373; x_wconf 77' lang='lat' dir='ltr'><strong>venit.</strong></span> 
     </span>
    </p>
   </div>
   <div class='ocr_carea' id='block_1_15' title="bbox 202 1406 1737 1477">
    <p class='ocr_par' dir='ltr' id='par_1_15' title="bbox 202 1406 1737 1477">
     <span class='ocr_line' id='line_1_15' title="bbox 202 1406 1737 1477; baseline 0.005 -20"><span class='ocrx_word' id='word_1_108' title='bbox 202 1406 327 1459; x_wconf 80' lang='lat' dir='ltr'><strong>Tunc</strong></span> <span class='ocrx_word' id='word_1_109' title='bbox 356 1407 569 1473; x_wconf 84' lang='lat' dir='ltr'><strong>Franci,</strong></span> <span class='ocrx_word' id='word_1_110' title='bbox 603 1410 692 1476; x_wconf 87' lang='lat' dir='ltr'><strong>qui</strong></span> <span class='ocrx_word' id='word_1_111' title='bbox 734 1409 998 1476; x_wconf 87' lang='lat' dir='ltr'><strong>quondam</strong></span> <span class='ocrx_word' id='word_1_112' title='bbox 1048 1410 1110 1460; x_wconf 86' lang='lat' dir='ltr'><strong>ad</strong></span> <span class='ocrx_word' id='word_1_113' title='bbox 1161 1408 1554 1463; x_wconf 83' lang='lat' dir='ltr'><strong>Cltildebertutn</strong></span> <span class='ocrx_word' id='word_1_114' title='bbox 1586 1425 1737 1477; x_wconf 68' lang='lat' dir='ltr'><strong>aspe-</strong></span> 
     </span>
    </p>
   </div>
   <div class='ocr_carea' id='block_1_16' title="bbox 205 1500 1734 1568">
    <p class='ocr_par' dir='ltr' id='par_1_16' title="bbox 205 1500 1734 1568">
     <span class='ocr_line' id='line_1_16' title="bbox 205 1500 1734 1568; baseline 0.005 -23"><span class='ocrx_word' id='word_1_115' title='bbox 205 1508 359 1547; x_wconf 76' lang='lat' dir='ltr'><strong>xerant</strong></span> <span class='ocrx_word' id='word_1_116' title='bbox 380 1501 638 1552; x_wconf 82' lang='lat' dir='ltr'><strong>seniorem</strong></span> <span class='ocrx_word' id='word_1_117' title='bbox 659 1542 673 1563; x_wconf 90' lang='lat'><strong>,</strong></span> <span class='ocrx_word' id='word_1_118' title='bbox 706 1501 769 1552; x_wconf 87' lang='lat' dir='ltr'><strong>ad</strong></span> <span class='ocrx_word' id='word_1_119' title='bbox 803 1500 1126 1568; x_wconf 81' lang='lat' dir='ltr'><strong>Sigibertum</strong></span> <span class='ocrx_word' id='word_1_120' title='bbox 1157 1500 1472 1568; x_wconf 90' lang='lat' dir='ltr'><strong>legationem</strong></span> <span class='ocrx_word' id='word_1_121' title='bbox 1498 1501 1734 1566; x_wconf 88' lang='lat' dir='ltr'><strong>tnittunt,</strong></span> 
     </span>
    </p>
   </div>
   <div class='ocr_carea' id='block_1_17' title="bbox 202 1590 1734 1660">
    <p class='ocr_par' dir='ltr' id='par_1_17' title="bbox 202 1590 1734 1660">
     <span class='ocr_line' id='line_1_17' title="bbox 202 1590 1734 1660; baseline 0.001 -20"><span class='ocrx_word' id='word_1_122' title='bbox 202 1599 246 1640; x_wconf 65' lang='lat' dir='ltr'><strong>et</strong></span> <span class='ocrx_word' id='word_1_123' title='bbox 270 1590 324 1641; x_wconf 87' lang='lat' dir='ltr'><strong>ad</strong></span> <span class='ocrx_word' id='word_1_124' title='bbox 352 1605 437 1644; x_wconf 86' lang='lat' dir='ltr'><strong>eos</strong></span> <span class='ocrx_word' id='word_1_125' title='bbox 465 1592 684 1645; x_wconf 83' lang='lat' dir='ltr'><strong>veniens</strong></span> <span class='ocrx_word' id='word_1_126' title='bbox 707 1637 721 1653; x_wconf 87' lang='lat'><strong>,</strong></span> <span class='ocrx_word' id='word_1_127' title='bbox 756 1592 1013 1645; x_wconf 83' lang='lat' dir='ltr'><strong>derelicto</strong></span> <span class='ocrx_word' id='word_1_128' title='bbox 1045 1591 1369 1659; x_wconf 81' lang='lat' dir='ltr'><strong>Chilperico.</strong></span> <span class='ocrx_word' id='word_1_129' title='bbox 1403 1608 1562 1659; x_wconf 81' lang='lat' dir='ltr'><strong>super</strong></span> <span class='ocrx_word' id='word_1_130' title='bbox 1592 1595 1734 1660; x_wconf 72' lang='lat' dir='ltr'><strong>seip-</strong></span> 
     </span>
    </p>
   </div>
   <div class='ocr_carea' id='block_1_18' title="bbox 1839 431 3404 505">
    <p class='ocr_par' dir='ltr' id='par_1_18' title="bbox 1839 431 3404 505">
     <span class='ocr_line' id='line_1_18' title="bbox 1839 431 3404 505; baseline 0.011 -28"><span class='ocrx_word' id='word_1_131' title='bbox 1839 436 2153 493; x_wconf 86' lang='lat' dir='ltr'><strong>competitor</strong></span> <span class='ocrx_word' id='word_1_132' title='bbox 2203 444 2376 479; x_wconf 70' lang='lat' dir='ltr'><strong>renum</strong></span> <span class='ocrx_word' id='word_1_133' title='bbox 2410 431 2724 495; x_wconf 87' lang='lat' dir='ltr'><strong>alienarum,</strong></span> <span class='ocrx_word' id='word_1_134' title='bbox 2758 442 3301 505; x_wconf 84' lang='lat' dir='ltr'><strong>testatnetttorutnque</strong></span> <span class='ocrx_word' id='word_1_135' title='bbox 3327 440 3404 494; x_wconf 80' lang='lat' dir='ltr'><strong>ef-</strong></span> 
     </span>
    </p>
   </div>
   <div class='ocr_carea' id='block_1_19' title="bbox 1841 517 3410 589">
    <p class='ocr_par' dir='ltr' id='par_1_19' title="bbox 1841 517 3410 589">
     <span class='ocr_line' id='line_1_19' title="bbox 1841 517 3410 589; baseline 0.012 -23"><span class='ocrx_word' id='word_1_136' title='bbox 1841 517 2061 581; x_wconf 76' lang='lat' dir='ltr'><strong>fractur;</strong></span> <span class='ocrx_word' id='word_1_137' title='bbox 2108 521 2189 571; x_wconf 86' lang='lat' dir='ltr'><strong>cui</strong></span> <span class='ocrx_word' id='word_1_138' title='bbox 2218 519 2333 570; x_wconf 86' lang='lat' dir='ltr'><strong>talis</strong></span> <span class='ocrx_word' id='word_1_139' title='bbox 2362 521 2454 571; x_wconf 79' lang='lat' dir='ltr'><strong>fuit</strong></span> <span class='ocrx_word' id='word_1_140' title='bbox 2487 523 2606 574; x_wconf 56' lang='lat' dir='ltr'><strong>vita}</strong></span> <span class='ocrx_word' id='word_1_141' title='bbox 2648 524 2821 576; x_wconf 77' lang='lat' dir='ltr'><strong>cxizus</strong></span> <span class='ocrx_word' id='word_1_142' title='bbox 2845 563 2861 589; x_wconf 89' lang='lat'><strong>,</strong></span> <span class='ocrx_word' id='word_1_143' title='bbox 2896 535 3079 579; x_wconf 87' lang='lat' dir='ltr'><strong>utnon</strong></span> <span class='ocrx_word' id='word_1_144' title='bbox 3112 540 3410 585; x_wconf 85' lang='lat' dir='ltr'><strong>mereretur</strong></span> 
     </span>
    </p>
   </div>
   <div class='ocr_carea' id='block_1_20' title="bbox 1840 609 3407 687">
    <p class='ocr_par' dir='ltr' id='par_1_20' title="bbox 1840 609 3407 687">
     <span class='ocr_line' id='line_1_20' title="bbox 1840 609 3407 687; baseline 0.01 -29"><span class='ocrx_word' id='word_1_145' title='bbox 1840 609 2163 661; x_wconf 70' lang='lat' dir='ltr'><strong>voluntatem</strong></span> <span class='ocrx_word' id='word_1_146' title='bbox 2217 611 2481 677; x_wconf 87' lang='lat' dir='ltr'><strong>propriam</strong></span> <span class='ocrx_word' id='word_1_147' title='bbox 2529 621 2702 667; x_wconf 87' lang='lat' dir='ltr'><strong>morte</strong></span> <span class='ocrx_word' id='word_1_148' title='bbox 2757 615 3065 669; x_wconf 87' lang='lat' dir='ltr'><strong>imminente</strong></span> <span class='ocrx_word' id='word_1_149' title='bbox 3114 621 3407 687; x_wconf 84' lang='lat' dir='ltr'><strong>complere,</strong></span> 
     </span>
    </p>
   </div>
   <div class='ocr_carea' id='block_1_21' title="bbox 1839 700 3410 779">
    <p class='ocr_par' dir='ltr' id='par_1_21' title="bbox 1839 700 3410 779">
     <span class='ocr_line' id='line_1_21' title="bbox 1839 700 3410 779; baseline 0.011 -30"><span class='ocrx_word' id='word_1_150' title='bbox 1839 700 1927 765; x_wconf 88' lang='lat' dir='ltr'><strong>qui</strong></span> <span class='ocrx_word' id='word_1_151' title='bbox 1977 700 2201 752; x_wconf 86' lang='lat' dir='ltr'><strong>aliorum</strong></span> <span class='ocrx_word' id='word_1_152' title='bbox 2249 701 2545 756; x_wconf 69' lang='lat' dir='ltr'><strong>voluntates</strong></span> <span class='ocrx_word' id='word_1_153' title='bbox 2577 719 2715 769; x_wconf 69' lang='lat' dir='ltr'><strong>same</strong></span> <span class='ocrx_word' id='word_1_154' title='bbox 2747 706 3105 761; x_wconf 82' lang='lat' dir='ltr'><strong>destruxerat.</strong></span> <span class='ocrx_word' id='word_1_155' title='bbox 3150 710 3410 779; x_wconf 83' lang='lat' dir='ltr'><strong>Chilperi-</strong></span> 
     </span>
    </p>
   </div>
   <div class='ocr_carea' id='block_1_22' title="bbox 1838 790 3409 858">
    <p class='ocr_par' dir='ltr' id='par_1_22' title="bbox 1838 790 3409 858">
     <span class='ocr_line' id='line_1_22' title="bbox 1838 790 3409 858; baseline 0.011 -20"><span class='ocrx_word' id='word_1_156' title='bbox 1838 804 1934 840; x_wconf 83' lang='lat' dir='ltr'><strong>cus</strong></span> <span class='ocrx_word' id='word_1_157' title='bbox 1961 798 2134 840; x_wconf 74' lang='lat' dir='ltr'><strong>autem</strong></span> <span class='ocrx_word' id='word_1_158' title='bbox 2161 790 2209 841; x_wconf 91' lang='lat' dir='ltr'><strong>in</strong></span> <span class='ocrx_word' id='word_1_159' title='bbox 2235 792 2447 858; x_wconf 84' lang='lat' dir='ltr'><strong>ancipiti</strong></span> <span class='ocrx_word' id='word_1_160' title='bbox 2474 807 2597 846; x_wconf 81' lang='lat' dir='ltr'><strong>casu</strong></span> <span class='ocrx_word' id='word_1_161' title='bbox 2626 794 2834 848; x_wconf 73' lang='lat' dir='ltr'><strong>delixus</strong></span> <span class='ocrx_word' id='word_1_162' title='bbox 2859 836 2874 857; x_wconf 87' lang='lat'><strong>,</strong></span> <span class='ocrx_word' id='word_1_163' title='bbox 2923 796 2973 850; x_wconf 90' lang='lat' dir='ltr'><strong>in</strong></span> <span class='ocrx_word' id='word_1_164' title='bbox 2998 797 3210 852; x_wconf 88' lang='lat' dir='ltr'><strong>dubium</strong></span> <span class='ocrx_word' id='word_1_165' title='bbox 3246 802 3409 855; x_wconf 84' lang='lat' dir='ltr'><strong>babe-</strong></span> 
     </span>
    </p>
   </div>
   <div class='ocr_carea' id='block_1_23' title="bbox 1840 879 3409 952">
    <p class='ocr_par' dir='ltr' id='par_1_23' title="bbox 1840 879 3409 952">
     <span class='ocr_line' id='line_1_23' title="bbox 1840 879 3409 952; baseline 0.008 -19"><span class='ocrx_word' id='word_1_166' title='bbox 1840 879 1929 933; x_wconf 75' lang='lat' dir='ltr'><strong>bat</strong></span> <span class='ocrx_word' id='word_1_167' title='bbox 1957 922 1969 939; x_wconf 88' lang='lat'><strong>,</strong></span> <span class='ocrx_word' id='word_1_168' title='bbox 2003 895 2067 932; x_wconf 87' lang='lat' dir='ltr'><strong>au</strong></span> <span class='ocrx_word' id='word_1_169' title='bbox 2112 881 2363 936; x_wconf 68' lang='lat' dir='ltr'><strong>evaderet</strong></span> <span class='ocrx_word' id='word_1_170' title='bbox 2386 923 2402 949; x_wconf 94' lang='lat'><strong>,</strong></span> <span class='ocrx_word' id='word_1_171' title='bbox 2450 900 2515 935; x_wconf 90' lang='lat' dir='ltr'><strong>an</strong></span> <span class='ocrx_word' id='word_1_172' title='bbox 2549 888 2781 952; x_wconf 82' lang='lat' dir='ltr'><strong>periret,</strong></span> <span class='ocrx_word' id='word_1_173' title='bbox 2813 888 2983 941; x_wconf 82' lang='lat' dir='ltr'><strong>donec</strong></span> <span class='ocrx_word' id='word_1_174' title='bbox 3011 892 3073 942; x_wconf 87' lang='lat' dir='ltr'><strong>ad</strong></span> <span class='ocrx_word' id='word_1_175' title='bbox 3105 904 3227 945; x_wconf 89' lang='lat' dir='ltr'><strong>eum</strong></span> <span class='ocrx_word' id='word_1_176' title='bbox 3258 892 3409 946; x_wconf 85' lang='lat' dir='ltr'><strong>missi</strong></span> 
     </span>
    </p>
   </div>
   <div class='ocr_carea' id='block_1_24' title="bbox 1840 970 3401 1046">
    <p class='ocr_par' dir='ltr' id='par_1_24' title="bbox 1840 970 3401 1046">
     <span class='ocr_line' id='line_1_24' title="bbox 1840 970 3401 1046; baseline 0.009 -26"><span class='ocrx_word' id='word_1_177' title='bbox 1840 970 2061 1022; x_wconf 90' lang='lat' dir='ltr'><strong>veniunt</strong></span> <span class='ocrx_word' id='word_1_178' title='bbox 2082 971 2148 1023; x_wconf 89' lang='lat' dir='ltr'><strong>de</strong></span> <span class='ocrx_word' id='word_1_179' title='bbox 2180 970 2360 1025; x_wconf 77' lang='lat' dir='ltr'><strong>fratris</strong></span> <span class='ocrx_word' id='word_1_180' title='bbox 2390 972 2536 1027; x_wconf 90' lang='lat' dir='ltr'><strong>obitu</strong></span> <span class='ocrx_word' id='word_1_181' title='bbox 2568 977 2891 1033; x_wconf 71' lang='lat' dir='ltr'><strong>nuntiantes.</strong></span> <span class='ocrx_word' id='word_1_182' title='bbox 2922 978 3070 1032; x_wconf 90' lang='lat' dir='ltr'><strong>Tune</strong></span> <span class='ocrx_word' id='word_1_183' title='bbox 3099 995 3347 1046; x_wconf 83' lang='lat' dir='ltr'><strong>egressus</strong></span> <span class='ocrx_word' id='word_1_184' title='bbox 3370 997 3401 1033; x_wconf 92' lang='lat' dir='ltr'><strong>a</strong></span> 
     </span>
    </p>
   </div>
   <div class='ocr_carea' id='block_1_25' title="bbox 1839 1061 3405 1137">
    <p class='ocr_par' dir='ltr' id='par_1_25' title="bbox 1839 1061 3405 1137">
     <span class='ocr_line' id='line_1_25' title="bbox 1839 1061 3405 1137; baseline 0.008 -24"><span class='ocrx_word' id='word_1_185' title='bbox 1839 1061 2081 1116; x_wconf 88' lang='lat' dir='ltr'><strong>Turuaco</strong></span> <span class='ocrx_word' id='word_1_186' title='bbox 2132 1080 2251 1117; x_wconf 88' lang='lat' dir='ltr'><strong>eum</strong></span> <span class='ocrx_word' id='word_1_187' title='bbox 2301 1080 2465 1119; x_wconf 77' lang='lat' dir='ltr'><strong>uxore</strong></span> <span class='ocrx_word' id='word_1_188' title='bbox 2508 1078 2562 1119; x_wconf 91' lang='lat' dir='ltr'><strong>et</strong></span> <span class='ocrx_word' id='word_1_189' title='bbox 2613 1067 2765 1134; x_wconf 91' lang='lat' dir='ltr'><strong>ﬁliis,</strong></span> <span class='ocrx_word' id='word_1_190' title='bbox 2818 1085 2937 1123; x_wconf 91' lang='lat' dir='ltr'><strong>eum</strong></span> <span class='ocrx_word' id='word_1_191' title='bbox 2981 1070 3228 1123; x_wconf 89' lang='lat' dir='ltr'><strong>vestitum</strong></span> <span class='ocrx_word' id='word_1_192' title='bbox 3266 1072 3405 1137; x_wconf 88' lang='lat' dir='ltr'><strong>apud</strong></span> 
     </span>
    </p>
   </div>
   <div class='ocr_carea' id='block_1_26' title="bbox 1843 1150 3406 1228">
    <p class='ocr_par' dir='ltr' id='par_1_26' title="bbox 1843 1150 3406 1228">
     <span class='ocr_line' id='line_1_26' title="bbox 1843 1150 3406 1228; baseline 0.006 -23"><span class='ocrx_word' id='word_1_193' title='bbox 1843 1153 2095 1206; x_wconf 84' lang='lat' dir='ltr'><strong>Lambros</strong></span> <span class='ocrx_word' id='word_1_194' title='bbox 2120 1150 2145 1188; x_wconf 74' lang='grc' dir='ltr'><strong>ιι</strong></span> <span class='ocrx_word' id='word_1_195' title='bbox 2178 1156 2351 1208; x_wconf 87' lang='lat' dir='ltr'><strong>vicum</strong></span> <span class='ocrx_word' id='word_1_196' title='bbox 2384 1157 2644 1224; x_wconf 84' lang='lat' dir='ltr'><strong>sepelivit.</strong></span> <span class='ocrx_word' id='word_1_197' title='bbox 2704 1158 2852 1213; x_wconf 72' lang='lat' dir='ltr'><strong>Unde</strong></span> <span class='ocrx_word' id='word_1_198' title='bbox 2880 1170 3061 1228; x_wconf 87' lang='lat' dir='ltr'><strong>postea</strong></span> <span class='ocrx_word' id='word_1_199' title='bbox 3087 1163 3406 1215; x_wconf 76' lang='lat' dir='ltr'><strong>Suessionas</strong></span> 
     </span>
    </p>
   </div>
   <div class='ocr_carea' id='block_1_27' title="bbox 1840 1241 3408 1318">
    <p class='ocr_par' dir='ltr' id='par_1_27' title="bbox 1840 1241 3408 1318">
     <span class='ocr_line' id='line_1_27' title="bbox 1840 1241 3408 1318; baseline 0.005 -23"><span class='ocrx_word' id='word_1_200' title='bbox 1840 1242 1891 1295; x_wconf 90' lang='lat' dir='ltr'><strong>itt</strong></span> <span class='ocrx_word' id='word_1_201' title='bbox 1923 1241 2136 1297; x_wconf 90' lang='lat' dir='ltr'><strong>basilica</strong></span> <span class='ocrx_word' id='word_1_202' title='bbox 2185 1245 2355 1298; x_wconf 83' lang='lat' dir='ltr'><strong>sancti</strong></span> <span class='ocrx_word' id='word_1_203' title='bbox 2398 1246 2630 1301; x_wconf 79' lang='lat' dir='ltr'><strong>Medardi</strong></span> <span class='ocrx_word' id='word_1_204' title='bbox 2657 1288 2670 1311; x_wconf 91' lang='lat'><strong>,</strong></span> <span class='ocrx_word' id='word_1_205' title='bbox 2699 1264 2855 1316; x_wconf 89' lang='lat' dir='ltr'><strong>quam</strong></span> <span class='ocrx_word' id='word_1_206' title='bbox 2884 1251 3000 1317; x_wconf 88' lang='lat' dir='ltr'><strong>ipse</strong></span> <span class='ocrx_word' id='word_1_207' title='bbox 3028 1250 3408 1318; x_wconf 76' lang='lat' dir='ltr'><strong>:ediﬁcaverat,</strong></span> 
     </span>
    </p>
   </div>
   <div class='ocr_carea' id='block_1_28' title="bbox 1840 1334 3411 1405">
    <p class='ocr_par' dir='ltr' id='par_1_28' title="bbox 1840 1334 3411 1405">
     <span class='ocr_line' id='line_1_28' title="bbox 1840 1334 3411 1405; baseline 0.006 -19"><span class='ocrx_word' id='word_1_208' title='bbox 1840 1334 2124 1387; x_wconf 85' lang='lat' dir='ltr'><strong>translatus</strong></span> <span class='ocrx_word' id='word_1_209' title='bbox 2152 1376 2166 1395; x_wconf 86' lang='lat'><strong>,</strong></span> <span class='ocrx_word' id='word_1_210' title='bbox 2219 1350 2372 1388; x_wconf 87' lang='lat' dir='ltr'><strong>secus</strong></span> <span class='ocrx_word' id='word_1_211' title='bbox 2417 1335 2883 1391; x_wconf 88' lang='lat' dir='ltr'><strong>Cldothacltariutn</strong></span> <span class='ocrx_word' id='word_1_212' title='bbox 2912 1347 3114 1405; x_wconf 88' lang='lat' dir='ltr'><strong>patrem</strong></span> <span class='ocrx_word' id='word_1_213' title='bbox 3142 1353 3294 1392; x_wconf 92' lang='lat' dir='ltr'><strong>suum</strong></span> <span class='ocrx_word' id='word_1_214' title='bbox 3322 1354 3411 1395; x_wconf 73' lang='lat' dir='ltr'><strong>so~</strong></span> 
     </span>
    </p>
   </div>
   <div class='ocr_carea' id='block_1_29' title="bbox 1840 1425 3407 1497">
    <p class='ocr_par' dir='ltr' id='par_1_29' title="bbox 1840 1425 3407 1497">
     <span class='ocr_line' id='line_1_29' title="bbox 1840 1425 3407 1497; baseline 0.005 -24"><span class='ocrx_word' id='word_1_215' title='bbox 1840 1425 2017 1490; x_wconf 85' lang='lat' dir='ltr'><strong>pulttts</strong></span> <span class='ocrx_word' id='word_1_216' title='bbox 2039 1433 2138 1477; x_wconf 88' lang='lat' dir='ltr'><strong>est.</strong></span> <span class='ocrx_word' id='word_1_217' title='bbox 2171 1427 2502 1480; x_wconf 89' lang='lat' dir='ltr'><strong>Obiitautem</strong></span> <span class='ocrx_word' id='word_1_218' title='bbox 2527 1445 2595 1495; x_wconf 89' lang='lat' dir='ltr'><strong>qu</strong></span> <span class='ocrx_word' id='word_1_219' title='bbox 2617 1440 2716 1481; x_wconf 77' lang='lat' dir='ltr'><strong>irto</strong></span> <span class='ocrx_word' id='word_1_220' title='bbox 2737 1430 2943 1483; x_wconf 82' lang='lat' dir='ltr'><strong>decimo</strong></span> <span class='ocrx_word' id='word_1_221' title='bbox 2970 1431 3112 1497; x_wconf 83' lang='lat' dir='ltr'><strong>regni</strong></span> <span class='ocrx_word' id='word_1_222' title='bbox 3139 1431 3218 1483; x_wconf 79' lang='lat' dir='ltr'><strong>sui</strong></span> <span class='ocrx_word' id='word_1_223' title='bbox 3245 1445 3407 1496; x_wconf 86' lang='lat' dir='ltr'><strong>anno,</strong></span> 
     </span>
    </p>
   </div>
   <div class='ocr_carea' id='block_1_30' title="bbox 1839 1512 3408 1587">
    <p class='ocr_par' dir='ltr' id='par_1_30' title="bbox 1839 1512 3408 1587">
     <span class='ocr_line' id='line_1_30' title="bbox 1839 1512 3408 1587; baseline 0.006 -26"><span class='ocrx_word' id='word_1_224' title='bbox 1839 1520 1996 1563; x_wconf 60' lang='lat' dir='ltr'><strong>atate</strong></span> <span class='ocrx_word' id='word_1_225' title='bbox 2025 1512 2461 1581; x_wconf 86' lang='lat' dir='ltr'><strong>quadragenaria.</strong></span> <span class='ocrx_word' id='word_1_226' title='bbox 2498 1518 2653 1585; x_wconf 77' lang='lat'><strong>196</strong></span> <span class='ocrx_word' id='word_1_227' title='bbox 2683 1520 2719 1568; x_wconf 80' lang='grc' dir='ltr'><strong>Λ</strong></span> <span class='ocrx_word' id='word_1_228' title='bbox 2755 1519 2976 1571; x_wconf 82' lang='lat' dir='ltr'><strong>transitu</strong></span> <span class='ocrx_word' id='word_1_229' title='bbox 3018 1533 3143 1587; x_wconf 83' lang='lat' dir='ltr'><strong>ergo</strong></span> <span class='ocrx_word' id='word_1_230' title='bbox 3164 1518 3408 1571; x_wconf 81' lang='lat' dir='ltr'><strong>Thetide-</strong></span> 
     </span>
    </p>
   </div>
   <div class='ocr_carea' id='block_1_31' title="bbox 1842 1603 3408 1678">
    <p class='ocr_par' dir='ltr' id='par_1_31' title="bbox 1842 1603 3408 1678">
     <span class='ocr_line' id='line_1_31' title="bbox 1842 1603 3408 1678; baseline 0.006 -23"><span class='ocrx_word' id='word_1_231' title='bbox 1842 1603 1975 1656; x_wconf 90' lang='lat' dir='ltr'><strong>berti</strong></span> <span class='ocrx_word' id='word_1_232' title='bbox 2007 1605 2233 1659; x_wconf 88' lang='lat' dir='ltr'><strong>senioris</strong></span> <span class='ocrx_word' id='word_1_233' title='bbox 2266 1622 2432 1675; x_wconf 87' lang='lat' dir='ltr'><strong>usque</strong></span> <span class='ocrx_word' id='word_1_234' title='bbox 2480 1610 2543 1659; x_wconf 89' lang='lat' dir='ltr'><strong>ad</strong></span> <span class='ocrx_word' id='word_1_235' title='bbox 2576 1611 2776 1660; x_wconf 77' lang='lat' dir='ltr'><strong>exitum</strong></span> <span class='ocrx_word' id='word_1_236' title='bbox 2810 1610 3088 1678; x_wconf 80' lang='lat' dir='ltr'><strong>Sigiberti,</strong></span> <span class='ocrx_word' id='word_1_237' title='bbox 3120 1620 3408 1678; x_wconf 84' lang='lat' dir='ltr'><strong>supputati-</strong></span> 
     </span>
    </p>
   </div>
   <div class='ocr_carea' id='block_1_32' title="bbox 202 1680 1739 1769">
    <p class='ocr_par' dir='ltr' id='par_1_32' title="bbox 202 1680 1737 1748">
     <span class='ocr_line' id='line_1_32' title="bbox 202 1680 1737 1748; baseline 0.004 -20"><span class='ocrx_word' id='word_1_238' title='bbox 202 1693 297 1729; x_wconf 87' lang='lat' dir='ltr'><strong>sutu</strong></span> <span class='ocrx_word' id='word_1_239' title='bbox 324 1694 487 1748; x_wconf 91' lang='lat' dir='ltr'><strong>regem</strong></span> <span class='ocrx_word' id='word_1_240' title='bbox 518 1680 839 1734; x_wconf 87' lang='lat' dir='ltr'><strong>stabilircnt.</strong></span> <span class='ocrx_word' id='word_1_241' title='bbox 888 1682 979 1734; x_wconf 90' lang='lat' dir='ltr'><strong>Ille</strong></span> <span class='ocrx_word' id='word_1_242' title='bbox 1010 1697 1136 1737; x_wconf 82' lang='lat' dir='ltr'><strong>\‘t‘l‘u</strong></span> <span class='ocrx_word' id='word_1_243' title='bbox 1169 1683 1279 1735; x_wconf 75' lang='lat' dir='ltr'><strong>Inec</strong></span> <span class='ocrx_word' id='word_1_244' title='bbox 1306 1681 1525 1735; x_wconf 80' lang='lat' dir='ltr'><strong>audiens</strong></span> <span class='ocrx_word' id='word_1_245' title='bbox 1547 1724 1562 1747; x_wconf 88' lang='lat'><strong>,</strong></span> <span class='ocrx_word' id='word_1_246' title='bbox 1597 1684 1664 1733; x_wconf 92' lang='lat' dir='ltr'><strong>mi</strong></span> <span class='ocrx_word' id='word_1_247' title='bbox 1702 1682 1737 1734; x_wconf 93' lang='lat' dir='ltr'><strong>it</strong></span> 
     </span>
    </p>
   </div>
   <div class='ocr_carea' id='block_1_33' title="bbox 1844 1680 3409 1769">
    <p class='ocr_par' dir='ltr' id='par_1_33' title="bbox 1845 1695 3409 1769">
     <span class='ocr_line' id='line_1_33' title="bbox 1845 1695 3409 1769; baseline 0.006 -25"><span class='ocrx_word' id='word_1_248' title='bbox 1845 1703 1928 1745; x_wconf 89' lang='lat' dir='ltr'><strong>tttr</strong></span> <span class='ocrx_word' id='word_1_249' title='bbox 1951 1695 2073 1747; x_wconf 88' lang='lat' dir='ltr'><strong>anni</strong></span> <span class='ocrx_word' id='word_1_250' title='bbox 2114 1697 2294 1764; x_wconf 78' lang='lat' dir='ltr'><strong>viginti</strong></span> <span class='ocrx_word' id='word_1_251' title='bbox 2324 1713 2513 1751; x_wconf 87' lang='lat' dir='ltr'><strong>novem</strong></span> <span class='ocrx_word' id='word_1_252' title='bbox 2550 1696 2589 1750; x_wconf 81' lang='grc' dir='ltr'><strong>ί.</strong></span> <span class='ocrx_word' id='word_1_253' title='bbox 2620 1697 2757 1751; x_wconf 81' lang='lat' dir='ltr'><strong>Inter</strong></span> <span class='ocrx_word' id='word_1_254' title='bbox 2787 1706 2983 1753; x_wconf 81' lang='lat' dir='ltr'><strong>exitum</strong></span> <span class='ocrx_word' id='word_1_255' title='bbox 3016 1715 3143 1754; x_wconf 79' lang='lat' dir='ltr'><strong>vero</strong></span> <span class='ocrx_word' id='word_1_256' title='bbox 3163 1701 3409 1769; x_wconf 73' lang='lat' dir='ltr'><strong>Sigiberti</strong></span> 
     </span>
    </p>
   </div>
   <div class='ocr_carea' id='block_1_34' title="bbox 199 1770 1738 1841">
    <p class='ocr_par' dir='ltr' id='par_1_34' title="bbox 199 1770 1738 1841">
     <span class='ocr_line' id='line_1_34' title="bbox 199 1770 1738 1841; baseline 0.004 -21"><span class='ocrx_word' id='word_1_257' title='bbox 199 1772 270 1836; x_wconf 87' lang='lat' dir='ltr'><strong>qui</strong></span> <span class='ocrx_word' id='word_1_258' title='bbox 297 1770 495 1826; x_wconf 80' lang='lat' dir='ltr'><strong>ﬁatrem</strong></span> <span class='ocrx_word' id='word_1_259' title='bbox 525 1788 679 1827; x_wconf 90' lang='lat' dir='ltr'><strong>suum</strong></span> <span class='ocrx_word' id='word_1_260' title='bbox 712 1774 762 1825; x_wconf 91' lang='lat' dir='ltr'><strong>in</strong></span> <span class='ocrx_word' id='word_1_261' title='bbox 794 1787 951 1841; x_wconf 85' lang='lat' dir='ltr'><strong>supra</strong></span> <span class='ocrx_word' id='word_1_262' title='bbox 981 1782 1269 1825; x_wconf 80' lang='lat' dir='ltr'><strong>memorata</strong></span> <span class='ocrx_word' id='word_1_263' title='bbox 1302 1774 1514 1826; x_wconf 75' lang='lat' dir='ltr'><strong>civitate</strong></span> <span class='ocrx_word' id='word_1_264' title='bbox 1545 1784 1566 1811; x_wconf 78' lang='grc' dir='ltr'><strong>ο</strong></span> <span class='ocrx_word' id='word_1_265' title='bbox 1594 1773 1738 1827; x_wconf 89' lang='lat' dir='ltr'><strong>obsi-</strong></span> 
     </span>
    </p>
   </div>
   <div class='ocr_carea' id='block_1_35' title="bbox 200 1859 1738 1930">
    <p class='ocr_par' dir='ltr' id='par_1_35' title="bbox 200 1859 1738 1930">
     <span class='ocr_line' id='line_1_35' title="bbox 200 1859 1738 1930; baseline 0.005 -20"><span class='ocrx_word' id='word_1_266' title='bbox 200 1859 388 1926; x_wconf 72' lang='lat' dir='ltr'><strong>dCI’l&#39;lIl,</strong></span> <span class='ocrx_word' id='word_1_267' title='bbox 417 1862 526 1930; x_wconf 89' lang='lat' dir='ltr'><strong>ipse</strong></span> <span class='ocrx_word' id='word_1_268' title='bbox 556 1862 680 1916; x_wconf 87' lang='lat' dir='ltr'><strong>illuc</strong></span> <span class='ocrx_word' id='word_1_269' title='bbox 710 1878 994 1930; x_wconf 81' lang='lat' dir='ltr'><strong>praperare</strong></span> <span class='ocrx_word' id='word_1_270' title='bbox 1026 1862 1347 1917; x_wconf 72' lang='lat' dir='ltr'><strong>deliberans.</strong></span> <span class='ocrx_word' id='word_1_271' title='bbox 1394 1862 1489 1917; x_wconf 89' lang='lat' dir='ltr'><strong>Cui</strong></span> <span class='ocrx_word' id='word_1_272' title='bbox 1524 1873 1738 1918; x_wconf 90' lang='lat' dir='ltr'><strong>sanctus</strong></span> 
     </span>
    </p>
   </div>
   <div class='ocr_carea' id='block_1_36' title="bbox 202 1948 1736 2020">
    <p class='ocr_par' dir='ltr' id='par_1_36' title="bbox 202 1948 1736 2020">
     <span class='ocr_line' id='line_1_36' title="bbox 202 1948 1736 2020; baseline 0.005 -21"><span class='ocrx_word' id='word_1_273' title='bbox 202 1948 463 2004; x_wconf 76' lang='lat' dir='ltr'><strong>Germanus</strong></span> <span class='ocrx_word' id='word_1_274' title='bbox 491 1954 773 2020; x_wconf 82' lang='lat' dir='ltr'><strong>cpiscopus</strong></span> <span class='ocrx_word' id='word_1_275' title='bbox 818 1952 994 2004; x_wconf 72' lang='lat' dir='ltr'><strong>dixit:</strong></span> <span class='ocrx_word' id='word_1_276' title='bbox 1042 1951 1097 2006; x_wconf 90' lang='lat' dir='ltr'><strong>Si</strong></span> <span class='ocrx_word' id='word_1_277' title='bbox 1143 1952 1381 2017; x_wconf 82' lang='lat' dir='ltr'><strong>abieris,</strong></span> <span class='ocrx_word' id='word_1_278' title='bbox 1432 1962 1485 2005; x_wconf 87' lang='lat' dir='ltr'><strong>et</strong></span> <span class='ocrx_word' id='word_1_279' title='bbox 1523 1952 1736 2006; x_wconf 81' lang='lat' dir='ltr'><strong>fratrem</strong></span> 
     </span>
    </p>
   </div>
   <div class='ocr_carea' id='block_1_37' title="bbox 200 2041 1736 2103">
    <p class='ocr_par' dir='ltr' id='par_1_37' title="bbox 200 2041 1736 2103">
     <span class='ocr_line' id='line_1_37' title="bbox 200 2041 1736 2103; baseline 0.004 -14"><span class='ocrx_word' id='word_1_280' title='bbox 200 2048 317 2090; x_wconf 84' lang='lat' dir='ltr'><strong>IlllIlIl</strong></span> <span class='ocrx_word' id='word_1_281' title='bbox 346 2043 642 2096; x_wconf 89' lang='lat' dir='ltr'><strong>interﬁcere</strong></span> <span class='ocrx_word' id='word_1_282' title='bbox 665 2041 919 2103; x_wconf 66' lang='lat' dir='ltr'><strong>nolueris,</strong></span> <span class='ocrx_word' id='word_1_283' title='bbox 946 2042 1093 2094; x_wconf 86' lang='lat' dir='ltr'><strong>vivus</strong></span> <span class='ocrx_word' id='word_1_284' title='bbox 1114 2048 1168 2095; x_wconf 90' lang='lat' dir='ltr'><strong>et</strong></span> <span class='ocrx_word' id='word_1_285' title='bbox 1194 2041 1361 2094; x_wconf 89' lang='lat' dir='ltr'><strong>victor</strong></span> <span class='ocrx_word' id='word_1_286' title='bbox 1393 2042 1591 2095; x_wconf 80' lang='lat' dir='ltr'><strong>redibis</strong></span> <span class='ocrx_word' id='word_1_287' title='bbox 1617 2058 1631 2094; x_wconf 89' lang='lat'>:</span> <span class='ocrx_word' id='word_1_288' title='bbox 1655 2042 1736 2095; x_wconf 63' lang='lat' dir='ltr'><strong>sia</strong></span> 
     </span>
    </p>
   </div>
   <div class='ocr_carea' id='block_1_38' title="bbox 182 2129 1740 2203">
    <p class='ocr_par' dir='ltr' id='par_1_38' title="bbox 182 2129 1740 2203">
     <span class='ocr_line' id='line_1_38' title="bbox 182 2129 1740 2203; baseline 0.006 -25"><span class='ocrx_word' id='word_1_289' title='bbox 182 2140 342 2197; x_wconf 27' lang='lat' dir='ltr'><strong>“autem</strong></span> <span class='ocrx_word' id='word_1_290' title='bbox 370 2132 505 2203; x_wconf 81' lang='lat' dir='ltr'><strong>aliud</strong></span> <span class='ocrx_word' id='word_1_291' title='bbox 533 2132 873 2202; x_wconf 78' lang='lat' dir='ltr'><strong>Cogituveris,</strong></span> <span class='ocrx_word' id='word_1_292' title='bbox 906 2131 1168 2185; x_wconf 79' lang='lat' dir='ltr'><strong>mulieris.</strong></span> <span class='ocrx_word' id='word_1_293' title='bbox 1200 2129 1238 2185; x_wconf 93' lang='lat' dir='ltr'><strong>S</strong></span> <span class='ocrx_word' id='word_1_294' title='bbox 1259 2148 1287 2183; x_wconf 90' lang='lat' dir='ltr'><strong>c</strong></span> <span class='ocrx_word' id='word_1_295' title='bbox 1310 2132 1451 2184; x_wconf 90' lang='lat' dir='ltr'><strong>enim</strong></span> <span class='ocrx_word' id='word_1_296' title='bbox 1486 2132 1740 2187; x_wconf 82' lang='lat' dir='ltr'><strong>Dominus</strong></span> 
     </span>
    </p>
   </div>
   <div class='ocr_carea' id='block_1_39' title="bbox 200 2223 1738 2295">
    <p class='ocr_par' dir='ltr' id='par_1_39' title="bbox 200 2223 1738 2295">
     <span class='ocr_line' id='line_1_39' title="bbox 200 2223 1738 2295; baseline -0.004 -11"><span class='ocrx_word' id='word_1_297' title='bbox 200 2236 274 2283; x_wconf 69' lang='lat' dir='ltr'><strong>lter</strong></span> <span class='ocrx_word' id='word_1_298' title='bbox 297 2224 621 2279; x_wconf 73' lang='lat' dir='ltr'><strong>Salomouezn</strong></span> <span class='ocrx_word' id='word_1_299' title='bbox 652 2225 785 2278; x_wconf 73' lang='lat' dir='ltr'><strong>dixit</strong></span> <span class='ocrx_word' id='word_1_300' title='bbox 813 2243 827 2278; x_wconf 88' lang='lat'><strong>:</strong></span> <span class='ocrx_word' id='word_1_301' title='bbox 866 2223 1085 2278; x_wconf 80' lang='lat' dir='ltr'><strong>Foveam</strong></span> <span class='ocrx_word' id='word_1_302' title='bbox 1114 2242 1263 2292; x_wconf 82' lang='lat' dir='ltr'><strong>quam</strong></span> <span class='ocrx_word' id='word_1_303' title='bbox 1292 2227 1441 2295; x_wconf 79' lang='lat' dir='ltr'><strong>fratri</strong></span> <span class='ocrx_word' id='word_1_304' title='bbox 1469 2236 1553 2277; x_wconf 82' lang='lat' dir='ltr'><strong>tuo</strong></span> <span class='ocrx_word' id='word_1_305' title='bbox 1588 2243 1738 2290; x_wconf 81' lang='lat' dir='ltr'><strong>para-</strong></span> 
     </span>
    </p>
   </div>
   <div class='ocr_carea' id='block_1_40' title="bbox 197 2312 1739 2388">
    <p class='ocr_par' dir='ltr' id='par_1_40' title="bbox 197 2312 1739 2388">
     <span class='ocr_line' id='line_1_40' title="bbox 197 2312 1739 2388; baseline 0.007 -26"><span class='ocrx_word' id='word_1_306' title='bbox 197 2312 273 2371; x_wconf 71' lang='lat' dir='ltr'><strong>bis,</strong></span> <span class='ocrx_word' id='word_1_307' title='bbox 298 2316 342 2367; x_wconf 83' lang='lat' dir='ltr'><strong>in</strong></span> <span class='ocrx_word' id='word_1_308' title='bbox 368 2333 471 2369; x_wconf 84' lang='lat' dir='ltr'><strong>eam</strong></span> <span class='ocrx_word' id='word_1_309' title='bbox 496 2334 701 2370; x_wconf 77' lang='lat' dir='ltr'><strong>corrues</strong></span> <span class='ocrx_word' id='word_1_310' title='bbox 729 2316 910 2385; x_wconf 82' lang='lat' dir='ltr'><strong>(Prov.</strong></span> <span class='ocrx_word' id='word_1_311' title='bbox 938 2333 1079 2381; x_wconf 77' lang='lat' dir='ltr'><strong>uvr,</strong></span> <span class='ocrx_word' id='word_1_312' title='bbox 1113 2316 1227 2388; x_wconf 66' lang='grc'>27).</span> <span class='ocrx_word' id='word_1_313' title='bbox 1282 2318 1430 2384; x_wconf 84' lang='lat' dir='ltr'><strong>Quod</strong></span> <span class='ocrx_word' id='word_1_314' title='bbox 1458 2317 1546 2372; x_wconf 90' lang='lat' dir='ltr'><strong>ille</strong></span> <span class='ocrx_word' id='word_1_315' title='bbox 1568 2361 1582 2383; x_wconf 95' lang='lat'><strong>,</strong></span> <span class='ocrx_word' id='word_1_316' title='bbox 1617 2334 1739 2388; x_wconf 82' lang='lat' dir='ltr'><strong>pec-</strong></span> 
     </span>
    </p>
   </div>
   <div class='ocr_carea' id='block_1_41' title="bbox 198 2407 1735 2477">
    <p class='ocr_par' dir='ltr' id='par_1_41' title="bbox 198 2407 1735 2477">
     <span class='ocr_line' id='line_1_41' title="bbox 198 2407 1735 2477; baseline 0.008 -26"><span class='ocrx_word' id='word_1_317' title='bbox 198 2407 682 2469; x_wconf 82' lang='lat' dir='ltr'><strong>t-atislacieutibus,</strong></span> <span class='ocrx_word' id='word_1_318' title='bbox 724 2410 909 2463; x_wconf 78' lang='lat' dir='ltr'><strong>audire</strong></span> <span class='ocrx_word' id='word_1_319' title='bbox 956 2410 1205 2477; x_wconf 64' lang='lat' dir='ltr'><strong>neglexit.</strong></span> <span class='ocrx_word' id='word_1_320' title='bbox 1264 2410 1518 2464; x_wconf 72' lang='lat' dir='ltr'><strong>Veniente</strong></span> <span class='ocrx_word' id='word_1_321' title='bbox 1560 2421 1735 2463; x_wconf 80' lang='lat' dir='ltr'><strong>autent</strong></span> 
     </span>
    </p>
   </div>
   <div class='ocr_carea' id='block_1_42' title="bbox 200 2492 1737 2563">
    <p class='ocr_par' dir='ltr' id='par_1_42' title="bbox 200 2492 1737 2563">
     <span class='ocr_line' id='line_1_42' title="bbox 200 2492 1737 2563; baseline 0.007 -20"><span class='ocrx_word' id='word_1_322' title='bbox 200 2492 270 2544; x_wconf 91' lang='lat' dir='ltr'><strong>illo</strong></span> <span class='ocrx_word' id='word_1_323' title='bbox 292 2496 347 2548; x_wconf 82' lang='lat' dir='ltr'><strong>ad</strong></span> <span class='ocrx_word' id='word_1_324' title='bbox 374 2498 577 2562; x_wconf 81' lang='lat' dir='ltr'><strong>villain,</strong></span> <span class='ocrx_word' id='word_1_325' title='bbox 606 2499 695 2551; x_wconf 90' lang='lat' dir='ltr'><strong>cui</strong></span> <span class='ocrx_word' id='word_1_326' title='bbox 726 2514 916 2552; x_wconf 88' lang='lat' dir='ltr'><strong>nomen</strong></span> <span class='ocrx_word' id='word_1_327' title='bbox 960 2509 1042 2553; x_wconf 89' lang='lat' dir='ltr'><strong>est</strong></span> <span class='ocrx_word' id='word_1_328' title='bbox 1076 2499 1428 2554; x_wconf 85' lang='lat' dir='ltr'><strong>Vietoriacntn</strong></span> <span class='ocrx_word' id='word_1_329' title='bbox 1455 2498 1510 2563; x_wconf 72' lang='grc' dir='ltr'><strong>ἀ,</strong></span> <span class='ocrx_word' id='word_1_330' title='bbox 1541 2502 1737 2554; x_wconf 75' lang='lat' dir='ltr'><strong>collec-</strong></span> 
     </span>
    </p>
   </div>
   <div class='ocr_carea' id='block_1_43' title="bbox 199 2588 1740 2658">
    <p class='ocr_par' dir='ltr' id='par_1_43' title="bbox 199 2588 1740 2658">
     <span class='ocr_line' id='line_1_43' title="bbox 199 2588 1740 2658; baseline 0.006 -25"><span class='ocrx_word' id='word_1_331' title='bbox 199 2591 265 2634; x_wconf 77' lang='lat' dir='ltr'><strong>tu~</strong></span> <span class='ocrx_word' id='word_1_332' title='bbox 291 2594 363 2637; x_wconf 86' lang='lat' dir='ltr'><strong>est</strong></span> <span class='ocrx_word' id='word_1_333' title='bbox 387 2588 448 2638; x_wconf 90' lang='lat' dir='ltr'><strong>ad</strong></span> <span class='ocrx_word' id='word_1_334' title='bbox 480 2603 603 2639; x_wconf 88' lang='lat' dir='ltr'><strong>eum</strong></span> <span class='ocrx_word' id='word_1_335' title='bbox 633 2589 809 2640; x_wconf 89' lang='lat' dir='ltr'><strong>omnis</strong></span> <span class='ocrx_word' id='word_1_336' title='bbox 836 2590 1123 2652; x_wconf 79' lang='lat' dir='ltr'><strong>exercitus,</strong></span> <span class='ocrx_word' id='word_1_337' title='bbox 1153 2590 1562 2658; x_wconf 88' lang='lat' dir='ltr'><strong>itnpositttmque</strong></span> <span class='ocrx_word' id='word_1_338' title='bbox 1582 2605 1740 2657; x_wconf 80' lang='lat' dir='ltr'><strong>super</strong></span> 
     </span>
    </p>
   </div>
   <div class='ocr_carea' id='block_1_44' title="bbox 197 2674 1739 2746">
    <p class='ocr_par' dir='ltr' id='par_1_44' title="bbox 197 2674 1739 2746">
     <span class='ocr_line' id='line_1_44' title="bbox 197 2674 1739 2746; baseline 0.006 -24"><span class='ocrx_word' id='word_1_339' title='bbox 197 2674 351 2740; x_wconf 69' lang='lat' dir='ltr'><strong>clypeo</strong></span> <span class='ocrx_word' id='word_1_340' title='bbox 385 2678 483 2730; x_wconf 87' lang='lat' dir='ltr'><strong>sibi</strong></span> <span class='ocrx_word' id='word_1_341' title='bbox 534 2693 715 2746; x_wconf 84' lang='lat' dir='ltr'><strong>regem</strong></span> <span class='ocrx_word' id='word_1_342' title='bbox 759 2686 1016 2730; x_wconf 86' lang='lat' dir='ltr'><strong>statuunt.</strong></span> <span class='ocrx_word' id='word_1_343' title='bbox 1081 2677 1230 2732; x_wconf 86' lang='lat' dir='ltr'><strong>Tune</strong></span> <span class='ocrx_word' id='word_1_344' title='bbox 1278 2679 1382 2733; x_wconf 92' lang='lat' dir='ltr'><strong>duo</strong></span> <span class='ocrx_word' id='word_1_345' title='bbox 1427 2680 1573 2746; x_wconf 90' lang='lat' dir='ltr'><strong>pueri</strong></span> <span class='ocrx_word' id='word_1_346' title='bbox 1615 2694 1739 2733; x_wconf 87' lang='lat' dir='ltr'><strong>cum</strong></span> 
     </span>
    </p>
   </div>
   <div class='ocr_carea' id='block_1_45' title="bbox 195 2768 1738 2842">
    <p class='ocr_par' dir='ltr' id='par_1_45' title="bbox 195 2768 1738 2842">
     <span class='ocr_line' id='line_1_45' title="bbox 195 2768 1738 2842; baseline 0.017 -37"><span class='ocrx_word' id='word_1_347' title='bbox 195 2768 348 2818; x_wconf 66' lang='lat' dir='ltr'><strong>cultris</strong></span> <span class='ocrx_word' id='word_1_348' title='bbox 375 2768 590 2832; x_wconf 60' lang='lat' dir='ltr'><strong>nudis,</strong></span> <span class='ocrx_word' id='word_1_349' title='bbox 624 2783 759 2837; x_wconf 83' lang='lat' dir='ltr'><strong>quos</strong></span> <span class='ocrx_word' id='word_1_350' title='bbox 793 2769 949 2838; x_wconf 85' lang='lat' dir='ltr'><strong>vulgo</strong></span> <span class='ocrx_word' id='word_1_351' title='bbox 990 2784 1359 2823; x_wconf 66' lang='lat' dir='ltr'><strong>scramasaxos</strong></span> <span class='ocrx_word' id='word_1_352' title='bbox 1389 2782 1410 2808; x_wconf 78' lang='grc' dir='ltr'><strong>ο</strong></span> <span class='ocrx_word' id='word_1_353' title='bbox 1449 2771 1600 2842; x_wconf 80' lang='lat'><strong>195</strong></span> <span class='ocrx_word' id='word_1_354' title='bbox 1641 2786 1738 2826; x_wconf 85' lang='lat' dir='ltr'><strong>V0-</strong></span> 
     </span>
    </p>
   </div>
   <div class='ocr_carea' id='block_1_46' title="bbox 195 2862 1741 2932">
    <p class='ocr_par' dir='ltr' id='par_1_46' title="bbox 195 2862 1741 2932">
     <span class='ocr_line' id='line_1_46' title="bbox 195 2862 1741 2932; baseline 0.006 -24"><span class='ocrx_word' id='word_1_355' title='bbox 195 2868 325 2923; x_wconf 73' lang='lat' dir='ltr'><strong>taut,</strong></span> <span class='ocrx_word' id='word_1_356' title='bbox 358 2862 563 2917; x_wconf 80' lang='lat' dir='ltr'><strong>infectis</strong></span> <span class='ocrx_word' id='word_1_357' title='bbox 593 2876 802 2916; x_wconf 80' lang='lat' dir='ltr'><strong>veneno</strong></span> <span class='ocrx_word' id='word_1_358' title='bbox 825 2901 839 2923; x_wconf 87' lang='lat'><strong>,</strong></span> <span class='ocrx_word' id='word_1_359' title='bbox 889 2863 1173 2916; x_wconf 82' lang='lat' dir='ltr'><strong>malelieati</strong></span> <span class='ocrx_word' id='word_1_360' title='bbox 1218 2879 1247 2915; x_wconf 89' lang='lat' dir='ltr'><strong>a</strong></span> <span class='ocrx_word' id='word_1_361' title='bbox 1278 2862 1625 2932; x_wconf 82' lang='lat' dir='ltr'><strong>Fredegunde</strong></span> <span class='ocrx_word' id='word_1_362' title='bbox 1655 2877 1741 2918; x_wconf 85' lang='lat' dir='ltr'><strong>re-</strong></span> 
     </span>
    </p>
   </div>
   <div class='ocr_carea' id='block_1_47' title="bbox 194 2950 1739 3019">
    <p class='ocr_par' dir='ltr' id='par_1_47' title="bbox 194 2950 1739 3019">
     <span class='ocr_line' id='line_1_47' title="bbox 194 2950 1739 3019; baseline 0.003 -19"><span class='ocrx_word' id='word_1_363' title='bbox 194 2950 288 3014; x_wconf 77' lang='lat' dir='ltr'><strong>gina</strong></span> <span class='ocrx_word' id='word_1_364' title='bbox 315 2966 424 3005; x_wconf 86' lang='lat' dir='ltr'><strong>cum</strong></span> <span class='ocrx_word' id='word_1_365' title='bbox 453 2952 618 3005; x_wconf 87' lang='lat' dir='ltr'><strong>aliam</strong></span> <span class='ocrx_word' id='word_1_366' title='bbox 644 2967 856 3005; x_wconf 81' lang='lat' dir='ltr'><strong>causam</strong></span> <span class='ocrx_word' id='word_1_367' title='bbox 888 2967 946 3005; x_wconf 89' lang='lat' dir='ltr'><strong>se</strong></span> <span class='ocrx_word' id='word_1_368' title='bbox 968 2966 1155 3019; x_wconf 79' lang='lat' dir='ltr'><strong>gerere</strong></span> <span class='ocrx_word' id='word_1_369' title='bbox 1186 2950 1204 2988; x_wconf 75' lang='grc' dir='ltr'><strong>ί</strong></span> <span class='ocrx_word' id='word_1_370' title='bbox 1231 2952 1564 3013; x_wconf 85' lang='lat' dir='ltr'><strong>simularent,</strong></span> <span class='ocrx_word' id='word_1_371' title='bbox 1596 2963 1739 3005; x_wconf 88' lang='lat' dir='ltr'><strong>utra-</strong></span> 
     </span>
    </p>
   </div>
   <div class='ocr_carea' id='block_1_48' title="bbox 194 3040 1735 3109">
    <p class='ocr_par' dir='ltr' id='par_1_48' title="bbox 194 3040 1735 3109">
     <span class='ocr_line' id='line_1_48' title="bbox 194 3040 1735 3109; baseline 0.001 -20"><span class='ocrx_word' id='word_1_372' title='bbox 194 3054 276 3101; x_wconf 83' lang='lat' dir='ltr'><strong>que</strong></span> <span class='ocrx_word' id='word_1_373' title='bbox 299 3040 345 3093; x_wconf 89' lang='lat' dir='ltr'><strong>ei</strong></span> <span class='ocrx_word' id='word_1_374' title='bbox 372 3042 537 3096; x_wconf 79' lang='lat' dir='ltr'><strong>latera</strong></span> <span class='ocrx_word' id='word_1_375' title='bbox 568 3040 791 3095; x_wconf 78' lang='lat' dir='ltr'><strong>feriunt.</strong></span> <span class='ocrx_word' id='word_1_376' title='bbox 847 3044 916 3094; x_wconf 86' lang='lat' dir='ltr'><strong>At</strong></span> <span class='ocrx_word' id='word_1_377' title='bbox 943 3040 1033 3094; x_wconf 88' lang='lat' dir='ltr'><strong>ille</strong></span> <span class='ocrx_word' id='word_1_378' title='bbox 1063 3040 1391 3107; x_wconf 58' lang='lat' dir='ltr'><strong>vociferans,</strong></span> <span class='ocrx_word' id='word_1_379' title='bbox 1432 3050 1586 3109; x_wconf 89' lang='lat' dir='ltr'><strong>atque</strong></span> <span class='ocrx_word' id='word_1_380' title='bbox 1615 3055 1735 3093; x_wconf 90' lang='lat' dir='ltr'><strong>cor-</strong></span> 
     </span>
    </p>
   </div>
   <div class='ocr_carea' id='block_1_49' title="bbox 194 3129 1739 3199">
    <p class='ocr_par' dir='ltr' id='par_1_49' title="bbox 194 3129 1739 3199">
     <span class='ocr_line' id='line_1_49' title="bbox 194 3129 1739 3199; baseline 0.004 -22"><span class='ocrx_word' id='word_1_381' title='bbox 194 3141 347 3195; x_wconf 82' lang='lat' dir='ltr'><strong>ruens,</strong></span> <span class='ocrx_word' id='word_1_382' title='bbox 370 3146 473 3185; x_wconf 92' lang='lat' dir='ltr'><strong>non</strong></span> <span class='ocrx_word' id='word_1_383' title='bbox 509 3141 634 3199; x_wconf 88' lang='lat' dir='ltr'><strong>post</strong></span> <span class='ocrx_word' id='word_1_384' title='bbox 660 3130 829 3184; x_wconf 90' lang='lat' dir='ltr'><strong>multo</strong></span> <span class='ocrx_word' id='word_1_385' title='bbox 851 3130 1021 3198; x_wconf 86' lang='lat' dir='ltr'><strong>spatio</strong></span> <span class='ocrx_word' id='word_1_386' title='bbox 1048 3129 1223 3183; x_wconf 88' lang='lat' dir='ltr'><strong>emisit</strong></span> <span class='ocrx_word' id='word_1_387' title='bbox 1241 3130 1485 3197; x_wconf 81' lang='lat' dir='ltr'><strong>spiritum</strong></span> <span class='ocrx_word' id='word_1_388' title='bbox 1512 3146 1525 3182; x_wconf 93' lang='lat'>:</span> <span class='ocrx_word' id='word_1_389' title='bbox 1557 3130 1739 3198; x_wconf 84' lang='lat' dir='ltr'><strong>ibique</strong></span> 
     </span>
    </p>
   </div>
   <div class='ocr_carea' id='block_1_50' title="bbox 193 3219 1737 3293">
    <p class='ocr_par' dir='ltr' id='par_1_50' title="bbox 193 3219 1737 3293">
     <span class='ocr_line' id='line_1_50' title="bbox 193 3219 1737 3293; baseline 0.002 -23"><span class='ocrx_word' id='word_1_390' title='bbox 193 3229 234 3271; x_wconf 91' lang='lat' dir='ltr'><strong>et</strong></span> <span class='ocrx_word' id='word_1_391' title='bbox 267 3219 617 3293; x_wconf 60' lang='lat' dir='ltr'><strong>Charegisilue</strong></span> <span class='ocrx_word' id='word_1_392' title='bbox 649 3223 1004 3278; x_wconf 85' lang='lat' dir='ltr'><strong>cubicularius</strong></span> <span class='ocrx_word' id='word_1_393' title='bbox 1049 3221 1165 3290; x_wconf 87' lang='lat' dir='ltr'><strong>ejus</strong></span> <span class='ocrx_word' id='word_1_394' title='bbox 1208 3223 1438 3287; x_wconf 88' lang='lat' dir='ltr'><strong>corruit;</strong></span> <span class='ocrx_word' id='word_1_395' title='bbox 1474 3223 1540 3275; x_wconf 93' lang='lat' dir='ltr'><strong>ibi</strong></span> <span class='ocrx_word' id='word_1_396' title='bbox 1571 3231 1626 3275; x_wconf 89' lang='lat' dir='ltr'><strong>et</strong></span> <span class='ocrx_word' id='word_1_397' title='bbox 1655 3222 1737 3276; x_wconf 84' lang='lat' dir='ltr'><strong>Si-</strong></span> 
     </span>
    </p>
   </div>
   <div class='ocr_carea' id='block_1_51' title="bbox 194 3310 1737 3383">
    <p class='ocr_par' dir='ltr' id='par_1_51' title="bbox 194 3310 1737 3383">
     <span class='ocr_line' id='line_1_51' title="bbox 194 3310 1737 3383; baseline 0.001 -21"><span class='ocrx_word' id='word_1_398' title='bbox 194 3310 297 3379; x_wconf 81' lang='lat' dir='ltr'><strong>gila,</strong></span> <span class='ocrx_word' id='word_1_399' title='bbox 326 3313 409 3381; x_wconf 91' lang='lat' dir='ltr'><strong>qui</strong></span> <span class='ocrx_word' id='word_1_400' title='bbox 434 3312 714 3383; x_wconf 88' lang='lat' dir='ltr'><strong>quondam</strong></span> <span class='ocrx_word' id='word_1_401' title='bbox 762 3328 826 3367; x_wconf 78' lang='lat' dir='ltr'><strong>ex</strong></span> <span class='ocrx_word' id='word_1_402' title='bbox 867 3312 1081 3367; x_wconf 84' lang='lat' dir='ltr'><strong>Gotthia</strong></span> <span class='ocrx_word' id='word_1_403' title='bbox 1118 3323 1378 3377; x_wconf 84' lang='lat' dir='ltr'><strong>venerat,</strong></span> <span class='ocrx_word' id='word_1_404' title='bbox 1410 3314 1627 3366; x_wconf 87' lang='lat' dir='ltr'><strong>multttm</strong></span> <span class='ocrx_word' id='word_1_405' title='bbox 1662 3316 1737 3364; x_wconf 93' lang='lat' dir='ltr'><strong>la-</strong></span> 
     </span>
    </p>
   </div>
   <div class='ocr_carea' id='block_1_52' title="bbox 193 3403 1735 3473">
    <p class='ocr_par' dir='ltr' id='par_1_52' title="bbox 193 3403 1735 3473">
     <span class='ocr_line' id='line_1_52' title="bbox 193 3403 1735 3473; baseline 0.003 -21"><span class='ocrx_word' id='word_1_406' title='bbox 193 3412 372 3457; x_wconf 83' lang='lat' dir='ltr'><strong>ceratus</strong></span> <span class='ocrx_word' id='word_1_407' title='bbox 399 3416 511 3470; x_wconf 86' lang='lat' dir='ltr'><strong>est,</strong></span> <span class='ocrx_word' id='word_1_408' title='bbox 538 3414 593 3457; x_wconf 90' lang='lat' dir='ltr'><strong>et</strong></span> <span class='ocrx_word' id='word_1_409' title='bbox 625 3412 805 3472; x_wconf 88' lang='lat' dir='ltr'><strong>postea</strong></span> <span class='ocrx_word' id='word_1_410' title='bbox 836 3404 904 3457; x_wconf 89' lang='lat' dir='ltr'><strong>ab</strong></span> <span class='ocrx_word' id='word_1_411' title='bbox 934 3403 1230 3472; x_wconf 78' lang='lat' dir='ltr'><strong>Chilperico</strong></span> <span class='ocrx_word' id='word_1_412' title='bbox 1252 3417 1375 3471; x_wconf 88' lang='lat' dir='ltr'><strong>rege</strong></span> <span class='ocrx_word' id='word_1_413' title='bbox 1396 3406 1735 3473; x_wconf 81' lang='lat' dir='ltr'><strong>comprehen-</strong></span> 
     </span>
    </p>
   </div>
   <div class='ocr_carea' id='block_1_53' title="bbox 195 3495 1735 3559">
    <p class='ocr_par' dir='ltr' id='par_1_53' title="bbox 195 3495 1735 3559">
     <span class='ocr_line' id='line_1_53' title="bbox 195 3495 1735 3559; baseline 0.003 -14"><span class='ocrx_word' id='word_1_414' title='bbox 195 3504 302 3559; x_wconf 80' lang='lat' dir='ltr'><strong>sus,</strong></span> <span class='ocrx_word' id='word_1_415' title='bbox 345 3497 580 3551; x_wconf 87' lang='lat' dir='ltr'><strong>incensis</strong></span> <span class='ocrx_word' id='word_1_416' title='bbox 626 3510 747 3548; x_wconf 92' lang='lat' dir='ltr'><strong>cum</strong></span> <span class='ocrx_word' id='word_1_417' title='bbox 798 3496 1049 3549; x_wconf 79' lang='lat' dir='ltr'><strong>cantet-iis</strong></span> <span class='ocrx_word' id='word_1_418' title='bbox 1094 3495 1444 3549; x_wconf 86' lang='lat' dir='ltr'><strong>candentibus</strong></span> <span class='ocrx_word' id='word_1_419' title='bbox 1489 3497 1735 3550; x_wconf 87' lang='lat' dir='ltr'><strong>omnibus</strong></span> 
     </span>
    </p>
   </div>
   <div class='ocr_carea' id='block_1_54' title="bbox 195 3580 1731 3656">
    <p class='ocr_par' dir='ltr' id='par_1_54' title="bbox 195 3580 1731 3656">
     <span class='ocr_line' id='line_1_54' title="bbox 195 3580 1731 3656; baseline 0.006 -23"><span class='ocrx_word' id='word_1_420' title='bbox 195 3580 439 3651; x_wconf 75' lang='lat' dir='ltr'><strong>iuncturis,</strong></span> <span class='ocrx_word' id='word_1_421' title='bbox 480 3602 551 3642; x_wconf 89' lang='lat' dir='ltr'><strong>ac</strong></span> <span class='ocrx_word' id='word_1_422' title='bbox 582 3588 915 3641; x_wconf 88' lang='lat' dir='ltr'><strong>membratim</strong></span> <span class='ocrx_word' id='word_1_423' title='bbox 945 3597 1221 3656; x_wconf 84' lang='lat' dir='ltr'><strong>separatus</strong></span> <span class='ocrx_word' id='word_1_424' title='bbox 1250 3597 1299 3653; x_wconf 76' lang='grc' dir='ltr'><strong>ις,</strong></span> <span class='ocrx_word' id='word_1_425' title='bbox 1345 3588 1632 3643; x_wconf 86' lang='lat' dir='ltr'><strong>crudeliter</strong></span> <span class='ocrx_word' id='word_1_426' title='bbox 1660 3590 1731 3642; x_wconf 86' lang='lat' dir='ltr'><strong>vi-</strong></span> 
     </span>
    </p>
   </div>
   <div class='ocr_carea' id='block_1_55' title="bbox 196 3678 1736 3746">
    <p class='ocr_par' dir='ltr' id='par_1_55' title="bbox 196 3678 1736 3746">
     <span class='ocr_line' id='line_1_55' title="bbox 196 3678 1736 3746; baseline 0.005 -21"><span class='ocrx_word' id='word_1_427' title='bbox 196 3683 279 3729; x_wconf 86' lang='lat' dir='ltr'><strong>tam</strong></span> <span class='ocrx_word' id='word_1_428' title='bbox 302 3680 479 3736; x_wconf 85' lang='lat' dir='ltr'><strong>ﬁnivit.</strong></span> <span class='ocrx_word' id='word_1_429' title='bbox 538 3680 661 3734; x_wconf 84' lang='lat' dir='ltr'><strong>Fuit</strong></span> <span class='ocrx_word' id='word_1_430' title='bbox 700 3689 875 3732; x_wconf 91' lang='lat' dir='ltr'><strong>autem</strong></span> <span class='ocrx_word' id='word_1_431' title='bbox 923 3678 1283 3746; x_wconf 84' lang='lat' dir='ltr'><strong>Charegisilus</strong></span> <span class='ocrx_word' id='word_1_432' title='bbox 1329 3679 1421 3732; x_wconf 91' lang='lat' dir='ltr'><strong>ille</strong></span> <span class='ocrx_word' id='word_1_433' title='bbox 1466 3687 1570 3732; x_wconf 89' lang='lat' dir='ltr'><strong>tam</strong></span> <span class='ocrx_word' id='word_1_434' title='bbox 1602 3680 1736 3733; x_wconf 89' lang='lat' dir='ltr'><strong>levis</strong></span> 
     </span>
    </p>
   </div>
   <div class='ocr_carea' id='block_1_56' title="bbox 195 3774 1738 3848">
    <p class='ocr_par' dir='ltr' id='par_1_56' title="bbox 195 3774 1738 3848">
     <span class='ocr_line' id='line_1_56' title="bbox 195 3774 1738 3848; baseline -0.001 -21"><span class='ocrx_word' id='word_1_435' title='bbox 195 3788 325 3837; x_wconf 58' lang='lat' dir='ltr'><strong>Opere</strong></span> <span class='ocrx_word' id='word_1_436' title='bbox 345 3821 359 3842; x_wconf 91' lang='lat'><strong>,</strong></span> <span class='ocrx_word' id='word_1_437' title='bbox 403 3794 565 3848; x_wconf 89' lang='lat' dir='ltr'><strong>quam</strong></span> <span class='ocrx_word' id='word_1_438' title='bbox 592 3776 772 3847; x_wconf 83' lang='lat' dir='ltr'><strong>gravis</strong></span> <span class='ocrx_word' id='word_1_439' title='bbox 800 3776 1113 3844; x_wconf 86' lang='lat' dir='ltr'><strong>cupiditate;</strong></span> <span class='ocrx_word' id='word_1_440' title='bbox 1146 3775 1213 3827; x_wconf 85' lang='lat' dir='ltr'><strong>de</strong></span> <span class='ocrx_word' id='word_1_441' title='bbox 1253 3774 1486 3827; x_wconf 88' lang='lat' dir='ltr'><strong>minimis</strong></span> <span class='ocrx_word' id='word_1_442' title='bbox 1513 3787 1738 3828; x_wconf 89' lang='lat' dir='ltr'><strong>consur-</strong></span> 
     </span>
    </p>
   </div>
   <div class='ocr_carea' id='block_1_57' title="bbox 253 3903 1747 3970">
    <p class='ocr_par' dir='ltr' id='par_1_57' title="bbox 253 3903 1747 3970">
     <span class='ocr_line' id='line_1_57' title="bbox 253 3903 1747 3970; baseline -0.001 -11"><span class='ocrx_word' id='word_1_443' title='bbox 253 3912 274 3940; x_wconf 79' lang='grc'>³</span> <span class='ocrx_word' id='word_1_444' title='bbox 308 3907 482 3970; x_wconf 89' lang='lat' dir='ltr'><strong>Corb.,</strong></span> <span class='ocrx_word' id='word_1_445' title='bbox 503 3908 639 3962; x_wconf 85' lang='lat' dir='ltr'><strong>Bell.</strong></span> <span class='ocrx_word' id='word_1_446' title='bbox 674 3917 727 3961; x_wconf 87' lang='lat' dir='ltr'><strong>et</strong></span> <span class='ocrx_word' id='word_1_447' title='bbox 758 3905 938 3970; x_wconf 69' lang='lat' dir='ltr'><strong>Freln,</strong></span> <span class='ocrx_word' id='word_1_448' title='bbox 972 3903 1365 3959; x_wconf 80' lang='lat' dir='ltr'><strong>Colosineusem.</strong></span> <span class='ocrx_word' id='word_1_449' title='bbox 1399 3904 1585 3969; x_wconf 88' lang='lat' dir='ltr'><strong>Colb.,</strong></span> <span class='ocrx_word' id='word_1_450' title='bbox 1613 3904 1747 3958; x_wconf 83' lang='lat' dir='ltr'><strong>Eco-</strong></span> 
     </span>
    </p>
   </div>
   <div class='ocr_carea' id='block_1_58' title="bbox 198 3974 1350 4038">
    <p class='ocr_par' dir='ltr' id='par_1_58' title="bbox 198 3974 1350 4038">
     <span class='ocr_line' id='line_1_58' title="bbox 198 3974 1350 4038; baseline 0.004 -16"><span class='ocrx_word' id='word_1_451' title='bbox 198 3974 434 4030; x_wconf 72' lang='lat' dir='ltr'><strong>ltmcnsem.</strong></span> <span class='ocrx_word' id='word_1_452' title='bbox 461 3980 590 4031; x_wconf 81' lang='lat' dir='ltr'><strong>Bec.</strong></span> <span class='ocrx_word' id='word_1_453' title='bbox 619 3989 672 4031; x_wconf 90' lang='lat' dir='ltr'><strong>et</strong></span> <span class='ocrx_word' id='word_1_454' title='bbox 703 3977 834 4029; x_wconf 85' lang='lat' dir='ltr'><strong>Mor.</strong></span> <span class='ocrx_word' id='word_1_455' title='bbox 868 3974 945 4038; x_wconf 81' lang='grc'><strong>5.,</strong></span> <span class='ocrx_word' id='word_1_456' title='bbox 982 3974 1350 4027; x_wconf 80' lang='lat' dir='ltr'><strong>Ecolt‘nemem.</strong></span> 
     </span>
    </p>
   </div>
   <div class='ocr_carea' id='block_1_59' title="bbox 250 4043 1742 4113">
    <p class='ocr_par' dir='ltr' id='par_1_59' title="bbox 250 4043 1742 4113">
     <span class='ocr_line' id='line_1_59' title="bbox 250 4043 1742 4113; baseline -0.003 -14"><span class='ocrx_word' id='word_1_457' title='bbox 250 4043 272 4078; x_wconf 68' lang='grc' dir='ltr'>δ</span> <span class='ocrx_word' id='word_1_458' title='bbox 308 4049 388 4099; x_wconf 81' lang='lat' dir='ltr'><strong>Sic</strong></span> <span class='ocrx_word' id='word_1_459' title='bbox 412 4046 617 4110; x_wconf 86' lang='lat' dir='ltr'><strong>Corb.;</strong></span> <span class='ocrx_word' id='word_1_460' title='bbox 653 4048 739 4100; x_wconf 89' lang='lat' dir='ltr'><strong>alii</strong></span> <span class='ocrx_word' id='word_1_461' title='bbox 770 4060 889 4099; x_wconf 90' lang='lat' dir='ltr'><strong>cum</strong></span> <span class='ocrx_word' id='word_1_462' title='bbox 918 4046 1074 4098; x_wconf 87' lang='lat' dir='ltr'><strong>editis</strong></span> <span class='ocrx_word' id='word_1_463' title='bbox 1101 4084 1115 4107; x_wconf 90' lang='lat'><strong>,</strong></span> <span class='ocrx_word' id='word_1_464' title='bbox 1161 4046 1428 4113; x_wconf 53' lang='lat' dir='ltr'><strong>fulget...</strong></span> <span class='ocrx_word' id='word_1_465' title='bbox 1455 4044 1617 4097; x_wconf 76' lang='lat' dir='ltr'><strong>visum</strong></span> <span class='ocrx_word' id='word_1_466' title='bbox 1646 4053 1742 4097; x_wconf 83' lang='lat' dir='ltr'><strong>est.</strong></span> 
     </span>
    </p>
   </div>
   <div class='ocr_carea' id='block_1_60' title="bbox 256 4116 1506 4182">
    <p class='ocr_par' dir='ltr' id='par_1_60' title="bbox 256 4116 1506 4182">
     <span class='ocr_line' id='line_1_60' title="bbox 256 4116 1506 4182; baseline -0.002 -15"><span class='ocrx_word' id='word_1_467' title='bbox 256 4124 275 4149; x_wconf 74' lang='grc' dir='ltr'><strong>ε</strong></span> <span class='ocrx_word' id='word_1_468' title='bbox 312 4116 635 4170; x_wconf 68' lang='lat' dir='ltr'><strong>Tentat-ensi</strong></span> <span class='ocrx_word' id='word_1_469' title='bbox 663 4118 889 4177; x_wconf 74' lang='lat' dir='ltr'><strong>scilit-et,</strong></span> <span class='ocrx_word' id='word_1_470' title='bbox 915 4130 978 4168; x_wconf 83' lang='lat' dir='ltr'><strong>ex</strong></span> <span class='ocrx_word' id='word_1_471' title='bbox 1011 4128 1129 4182; x_wconf 75' lang='lat' dir='ltr'><strong>cap.</strong></span> <span class='ocrx_word' id='word_1_472' title='bbox 1165 4116 1506 4181; x_wconf 66' lang='lat' dir='ltr'><strong>praecedenti.</strong></span> 
     </span>
    </p>
   </div>
   <div class='ocr_carea' id='block_1_61' title="bbox 255 4181 1743 4247">
    <p class='ocr_par' dir='ltr' id='par_1_61' title="bbox 255 4181 1743 4247">
     <span class='ocr_line' id='line_1_61' title="bbox 255 4181 1743 4247; baseline 0 -10"><span class='ocrx_word' id='word_1_473' title='bbox 255 4181 275 4217; x_wconf 70' lang='grc' dir='ltr'><em>δ</em></span> <span class='ocrx_word' id='word_1_474' title='bbox 314 4184 459 4240; x_wconf 65' lang='lat' dir='ltr'><strong>Vicus</strong></span> <span class='ocrx_word' id='word_1_475' title='bbox 486 4198 571 4240; x_wconf 85' lang='lat' dir='ltr'><strong>est</strong></span> <span class='ocrx_word' id='word_1_476' title='bbox 597 4226 611 4247; x_wconf 89' lang='lat'><strong>,</strong></span> <span class='ocrx_word' id='word_1_477' title='bbox 665 4196 719 4239; x_wconf 93' lang='lat' dir='ltr'><strong>ut</strong></span> <span class='ocrx_word' id='word_1_478' title='bbox 747 4198 927 4238; x_wconf 69' lang='lat' dir='ltr'><strong>monet</strong></span> <span class='ocrx_word' id='word_1_479' title='bbox 967 4181 1173 4236; x_wconf 66' lang='lat' dir='ltr'><strong>Mirmus</strong></span> <span class='ocrx_word' id='word_1_480' title='bbox 1198 4225 1212 4243; x_wconf 81' lang='grc'>,</span> <span class='ocrx_word' id='word_1_481' title='bbox 1264 4186 1399 4237; x_wconf 86' lang='lat' dir='ltr'><strong>inter</strong></span> <span class='ocrx_word' id='word_1_482' title='bbox 1429 4184 1657 4237; x_wconf 86' lang='lat' dir='ltr'><strong>Duaeum</strong></span> <span class='ocrx_word' id='word_1_483' title='bbox 1690 4193 1743 4237; x_wconf 86' lang='lat' dir='ltr'><strong>et</strong></span> 
     </span>
    </p>
   </div>
   <div class='ocr_carea' id='block_1_62' title="bbox 197 4252 1739 4323">
    <p class='ocr_par' dir='ltr' id='par_1_62' title="bbox 197 4252 1739 4323">
     <span class='ocr_line' id='line_1_62' title="bbox 197 4252 1739 4323; baseline 0.001 -20"><span class='ocrx_word' id='word_1_484' title='bbox 197 4252 441 4311; x_wconf 81' lang='lat' dir='ltr'><strong>Atrebatas</strong></span> <span class='ocrx_word' id='word_1_485' title='bbox 467 4258 537 4310; x_wconf 84' lang='lat' dir='ltr'><strong>ad</strong></span> <span class='ocrx_word' id='word_1_486' title='bbox 588 4258 844 4321; x_wconf 81' lang='lat' dir='ltr'><strong>Searpatn</strong></span> <span class='ocrx_word' id='word_1_487' title='bbox 876 4254 1093 4306; x_wconf 84' lang='lat' dir='ltr'><strong>ﬂuvium</strong></span> <span class='ocrx_word' id='word_1_488' title='bbox 1116 4293 1128 4316; x_wconf 89' lang='lat'><strong>,</strong></span> <span class='ocrx_word' id='word_1_489' title='bbox 1154 4253 1341 4323; x_wconf 15' lang='lat' dir='ltr'><strong>ivulgu</strong></span> <span class='ocrx_word' id='word_1_490' title='bbox 1379 4252 1526 4323; x_wconf 82' lang='lat' dir='ltr'><strong>Vitry</strong></span> <span class='ocrx_word' id='word_1_491' title='bbox 1559 4253 1739 4306; x_wconf 68' lang='lat' dir='ltr'><strong>ltodte~</strong></span> 
     </span>
    </p>
   </div>
   <div class='ocr_carea' id='block_1_63' title="bbox 196 4318 1820 4394">
    <p class='ocr_par' dir='ltr' id='par_1_63' title="bbox 196 4318 1820 4394">
     <span class='ocr_line' id='line_1_63' title="bbox 196 4318 1820 4394; baseline 0.001 -19"><span class='ocrx_word' id='word_1_492' title='bbox 196 4337 278 4387; x_wconf 77' lang='lat' dir='ltr'><strong>que</strong></span> <span class='ocrx_word' id='word_1_493' title='bbox 302 4328 463 4380; x_wconf 84' lang='lat' dir='ltr'><strong>dietus</strong></span> <span class='ocrx_word' id='word_1_494' title='bbox 485 4367 499 4386; x_wconf 85' lang='lat'><strong>.</strong></span> <span class='ocrx_word' id='word_1_495' title='bbox 554 4318 739 4394; x_wconf 63' lang='lat' dir='ltr'><strong>quem</strong></span> <span class='ocrx_word' id='word_1_496' title='bbox 761 4324 1024 4377; x_wconf 83' lang='lat' dir='ltr'><strong>IIariulftts</strong></span> <span class='ocrx_word' id='word_1_497' title='bbox 1052 4324 1102 4375; x_wconf 92' lang='lat' dir='ltr'><strong>in</strong></span> <span class='ocrx_word' id='word_1_498' title='bbox 1136 4318 1401 4375; x_wconf 77' lang='lat' dir='ltr'><strong>Chronico</strong></span> <span class='ocrx_word' id='word_1_499' title='bbox 1427 4318 1735 4394; x_wconf 15' lang='lat' dir='ltr'><strong>VCe&#39;utuleusi</strong></span> <span class='ocrx_word' id='word_1_500' title='bbox 1772 4318 1820 4376; x_wconf 88' lang='lat' dir='ltr'>D</span> 
     </span>
    </p>
   </div>
   <div class='ocr_carea' id='block_1_64' title="bbox 199 4393 1744 4461">
    <p class='ocr_par' dir='ltr' id='par_1_64' title="bbox 199 4393 1744 4461">
     <span class='ocr_line' id='line_1_64' title="bbox 199 4393 1744 4461; baseline 0.001 -20"><span class='ocrx_word' id='word_1_501' title='bbox 199 4393 345 4447; x_wconf 74' lang='lat' dir='ltr'><strong>villam</strong></span> <span class='ocrx_word' id='word_1_502' title='bbox 377 4393 645 4461; x_wconf 80' lang='lat' dir='ltr'><strong>publicam</strong></span> <span class='ocrx_word' id='word_1_503' title='bbox 689 4398 740 4448; x_wconf 89' lang='lat' dir='ltr'><strong>itt</strong></span> <span class='ocrx_word' id='word_1_504' title='bbox 770 4395 1074 4448; x_wconf 87' lang='lat' dir='ltr'><strong>suburbano</strong></span> <span class='ocrx_word' id='word_1_505' title='bbox 1106 4393 1469 4446; x_wconf 78' lang='lat' dir='ltr'><strong>Atreuateusis</strong></span> <span class='ocrx_word' id='word_1_506' title='bbox 1501 4394 1645 4445; x_wconf 88' lang='lat' dir='ltr'><strong>ttrbts</strong></span> <span class='ocrx_word' id='word_1_507' title='bbox 1672 4395 1744 4445; x_wconf 89' lang='lat' dir='ltr'><strong>si-</strong></span> 
     </span>
    </p>
   </div>
   <div class='ocr_carea' id='block_1_65' title="bbox 199 4468 545 4534">
    <p class='ocr_par' dir='ltr' id='par_1_65' title="bbox 199 4468 545 4534">
     <span class='ocr_line' id='line_1_65' title="bbox 199 4468 545 4534; baseline 0.014 -24"><span class='ocrx_word' id='word_1_508' title='bbox 199 4468 283 4514; x_wconf 78' lang='lat' dir='ltr'><strong>Luu</strong></span> <span class='ocrx_word' id='word_1_509' title='bbox 303 4468 545 4534; x_wconf 83' lang='lat' dir='ltr'><strong>appellat.</strong></span> 
     </span>
    </p>
   </div>
   <div class='ocr_carea' id='block_1_66' title="bbox 258 4530 1747 4599">
    <p class='ocr_par' dir='ltr' id='par_1_66' title="bbox 258 4530 1747 4599">
     <span class='ocr_line' id='line_1_66' title="bbox 258 4530 1747 4599; baseline -0.001 -14"><span class='ocrx_word' id='word_1_510' title='bbox 258 4545 277 4567; x_wconf 72' lang='grc' dir='ltr'><strong>ε</strong></span> <span class='ocrx_word' id='word_1_511' title='bbox 314 4530 463 4587; x_wconf 55' lang='grc' dir='ltr'>(ιλιι).</span> <span class='ocrx_word' id='word_1_512' title='bbox 486 4576 498 4595; x_wconf 84' lang='grc'>,</span> <span class='ocrx_word' id='word_1_513' title='bbox 532 4549 914 4587; x_wconf 75' lang='lat' dir='ltr'><strong>scrmnasaxos.</strong></span> <span class='ocrx_word' id='word_1_514' title='bbox 967 4532 1153 4599; x_wconf 79' lang='lat' dir='ltr'><strong>Regni.</strong></span> <span class='ocrx_word' id='word_1_515' title='bbox 1174 4573 1187 4595; x_wconf 90' lang='lat'><strong>,</strong></span> <span class='ocrx_word' id='word_1_516' title='bbox 1220 4546 1533 4584; x_wconf 71' lang='lat' dir='ltr'><strong>scramaxos.</strong></span> <span class='ocrx_word' id='word_1_517' title='bbox 1566 4530 1747 4596; x_wconf 76' lang='lat' dir='ltr'><strong>Colb.,</strong></span> 
     </span>
    </p>
   </div>
   <div class='ocr_carea' id='block_1_67' title="bbox 200 4598 1741 4668">
    <p class='ocr_par' dir='ltr' id='par_1_67' title="bbox 200 4598 1741 4668">
     <span class='ocr_line' id='line_1_67' title="bbox 200 4598 1741 4668; baseline 0.004 -21"><span class='ocrx_word' id='word_1_518' title='bbox 200 4598 551 4658; x_wconf 71' lang='lat' dir='ltr'><strong>citratnasaxos.</strong></span> <span class='ocrx_word' id='word_1_519' title='bbox 598 4604 710 4656; x_wconf 72' lang='lat' dir='ltr'><strong>Vox</strong></span> <span class='ocrx_word' id='word_1_520' title='bbox 751 4613 833 4656; x_wconf 89' lang='lat' dir='ltr'><strong>est</strong></span> <span class='ocrx_word' id='word_1_521' title='bbox 864 4598 1083 4654; x_wconf 81' lang='lat' dir='ltr'><strong>barbara</strong></span> <span class='ocrx_word' id='word_1_522' title='bbox 1117 4618 1234 4668; x_wconf 79' lang='lat' dir='ltr'><strong>quze</strong></span> <span class='ocrx_word' id='word_1_523' title='bbox 1267 4602 1529 4667; x_wconf 78' lang='lat' dir='ltr'><strong>signiﬁcat</strong></span> <span class='ocrx_word' id='word_1_524' title='bbox 1556 4601 1741 4653; x_wconf 73' lang='lat' dir='ltr'><strong>cultel-</strong></span> 
     </span>
    </p>
   </div>
   <div class='ocr_carea' id='block_1_68' title="bbox 203 4668 1741 4739">
    <p class='ocr_par' dir='ltr' id='par_1_68' title="bbox 203 4668 1741 4739">
     <span class='ocr_line' id='line_1_68' title="bbox 203 4668 1741 4739; baseline 0.003 -20"><span class='ocrx_word' id='word_1_525' title='bbox 203 4668 263 4719; x_wconf 77' lang='lat' dir='ltr'><strong>los</strong></span> <span class='ocrx_word' id='word_1_526' title='bbox 284 4677 563 4728; x_wconf 83' lang='lat' dir='ltr'><strong>vulnetteos</strong></span> <span class='ocrx_word' id='word_1_527' title='bbox 587 4716 601 4735; x_wconf 88' lang='lat'><strong>,</strong></span> <span class='ocrx_word' id='word_1_528' title='bbox 632 4690 723 4726; x_wconf 86' lang='lat' dir='ltr'><strong>seu</strong></span> <span class='ocrx_word' id='word_1_529' title='bbox 763 4672 1025 4739; x_wconf 80' lang='lat' dir='ltr'><strong>gladiolus</strong></span> <span class='ocrx_word' id='word_1_530' title='bbox 1056 4674 1264 4736; x_wconf 84' lang='lat' dir='ltr'><strong>breves,</strong></span> <span class='ocrx_word' id='word_1_531' title='bbox 1300 4686 1329 4723; x_wconf 90' lang='lat' dir='ltr'><strong>a</strong></span> <span class='ocrx_word' id='word_1_532' title='bbox 1358 4670 1618 4724; x_wconf 68' lang='lat' dir='ltr'><strong>Saxonico</strong></span> <span class='ocrx_word' id='word_1_533' title='bbox 1646 4688 1741 4723; x_wconf 78' lang='lat' dir='ltr'><strong>sua:</strong></span> 
     </span>
    </p>
   </div>
   <div class='ocr_carea' id='block_1_69' title="bbox 202 4740 1738 4862">
    <p class='ocr_par' dir='ltr' id='par_1_69' title="bbox 202 4740 1738 4862">
     <span class='ocr_line' id='line_1_69' title="bbox 202 4740 1738 4862; baseline 0.001 -72"><span class='ocrx_word' id='word_1_534' title='bbox 202 4740 440 4862; x_wconf 53' lang='lat' dir='ltr'><strong>Vrlsa‘chs.</strong></span> <span class='ocrx_word' id='word_1_535' title='bbox 481 4744 585 4797; x_wconf 81' lang='lat' dir='ltr'><strong>Adi</strong></span> <span class='ocrx_word' id='word_1_536' title='bbox 621 4743 860 4796; x_wconf 71' lang='lat' dir='ltr'><strong>Vossiutn</strong></span> <span class='ocrx_word' id='word_1_537' title='bbox 892 4743 958 4795; x_wconf 87' lang='lat' dir='ltr'><strong>de</strong></span> <span class='ocrx_word' id='word_1_538' title='bbox 989 4741 1095 4795; x_wconf 73' lang='lat' dir='ltr'><strong>Vit.</strong></span> <span class='ocrx_word' id='word_1_539' title='bbox 1130 4742 1303 4795; x_wconf 86' lang='lat' dir='ltr'><strong>Latin.</strong></span> <span class='ocrx_word' id='word_1_540' title='bbox 1333 4755 1568 4795; x_wconf 85' lang='lat' dir='ltr'><strong>sermou.</strong></span> <span class='ocrx_word' id='word_1_541' title='bbox 1610 4742 1645 4794; x_wconf 93' lang='lat' dir='ltr'><strong>I.</strong></span> <span class='ocrx_word' id='word_1_542' title='bbox 1678 4755 1738 4806; x_wconf 74' lang='lat' dir='ltr'><strong>il,</strong></span> 
     </span>
     <span class='ocr_line' id='line_1_70' title="bbox 204 4816 407 4862; baseline 0.025 -5"><span class='ocrx_word' id='word_1_543' title='bbox 204 4822 301 4862; x_wconf 69' lang='lat' dir='ltr'><strong>(at).</strong></span> <span class='ocrx_word' id='word_1_544' title='bbox 363 4816 407 4862; x_wconf 77' lang='lat'><strong>7.</strong></span> 
     </span>
    </p>
   </div>
   <div class='ocr_carea' id='block_1_70' title="bbox 204 4816 407 4874">
    <p class='ocr_par' dir='ltr' id='par_1_70' title="bbox 204 4816 407 4874">
     <span class='ocr_line' id='line_1_71' title="bbox 204 4816 407 4874; baseline 0.03 -17"><span class='ocrx_word' id='word_1_545' title='bbox 204 4822 301 4874; x_wconf 71' lang='lat' dir='ltr'><strong>cap.</strong></span> <span class='ocrx_word' id='word_1_546' title='bbox 330 4816 407 4864; x_wconf 69' lang='lat' dir='ltr'><strong>li.</strong></span> 
     </span>
    </p>
   </div>
   <div class='ocr_carea' id='block_1_71' title="bbox 264 4877 1740 4949">
    <p class='ocr_par' dir='ltr' id='par_1_71' title="bbox 264 4877 1740 4949">
     <span class='ocr_line' id='line_1_72' title="bbox 264 4877 1740 4949; baseline -0.003 -14"><span class='ocrx_word' id='word_1_547' title='bbox 264 4877 278 4914; x_wconf 68' lang='grc' dir='ltr'>ί</span> <span class='ocrx_word' id='word_1_548' title='bbox 318 4881 463 4947; x_wconf 81' lang='lat' dir='ltr'><strong>Bel|.,</strong></span> <span class='ocrx_word' id='word_1_549' title='bbox 497 4883 632 4936; x_wconf 76' lang='lat' dir='ltr'><strong>Mor.</strong></span> <span class='ocrx_word' id='word_1_550' title='bbox 663 4898 737 4941; x_wconf 84' lang='lat' dir='ltr'><strong>s..</strong></span> <span class='ocrx_word' id='word_1_551' title='bbox 777 4891 905 4943; x_wconf 85' lang='lat' dir='ltr'><strong>etc.,</strong></span> <span class='ocrx_word' id='word_1_552' title='bbox 946 4896 1232 4949; x_wconf 59' lang='lat' dir='ltr'><strong>suggerere.</strong></span> <span class='ocrx_word' id='word_1_553' title='bbox 1286 4879 1532 4946; x_wconf 81' lang='lat' dir='ltr'><strong>Sigibcrti</strong></span> <span class='ocrx_word' id='word_1_554' title='bbox 1561 4894 1740 4932; x_wconf 87' lang='lat' dir='ltr'><strong>necem</strong></span> 
     </span>
    </p>
   </div>
   <div class='ocr_carea' id='block_1_72' title="bbox 204 4950 1745 5018">
    <p class='ocr_par' dir='ltr' id='par_1_72' title="bbox 204 4950 1745 5018">
     <span class='ocr_line' id='line_1_73' title="bbox 204 4950 1745 5018; baseline 0.003 -23"><span class='ocrx_word' id='word_1_555' title='bbox 204 4960 273 4997; x_wconf 85' lang='lat' dir='ltr'><strong>an.</strong></span> <span class='ocrx_word' id='word_1_556' title='bbox 322 4950 420 5004; x_wconf 75' lang='grc' dir='ltr'>ὸῖϋ</span> <span class='ocrx_word' id='word_1_557' title='bbox 458 4955 743 5016; x_wconf 70' lang='lat' dir='ltr'><strong>consignat</strong></span> <span class='ocrx_word' id='word_1_558' title='bbox 787 4952 1005 5015; x_wconf 78' lang='lat' dir='ltr'><strong>Mat-ius,</strong></span> <span class='ocrx_word' id='word_1_559' title='bbox 1052 4966 1207 5018; x_wconf 90' lang='lat' dir='ltr'><strong>quam</strong></span> <span class='ocrx_word' id='word_1_560' title='bbox 1241 4962 1411 5003; x_wconf 88' lang='lat' dir='ltr'><strong>tamen</strong></span> <span class='ocrx_word' id='word_1_561' title='bbox 1440 4965 1580 5003; x_wconf 89' lang='lat' dir='ltr'><strong>anno</strong></span> <span class='ocrx_word' id='word_1_562' title='bbox 1611 4965 1745 5018; x_wconf 68' lang='lat' dir='ltr'><strong>prae-</strong></span> 
     </span>
    </p>
   </div>
   <div class='ocr_carea' id='block_1_73' title="bbox 204 5018 1274 5089">
    <p class='ocr_par' dir='ltr' id='par_1_73' title="bbox 204 5018 1274 5089">
     <span class='ocr_line' id='line_1_74' title="bbox 204 5018 1274 5089; baseline 0.003 -21"><span class='ocrx_word' id='word_1_563' title='bbox 204 5020 381 5073; x_wconf 81' lang='lat' dir='ltr'><strong>cedetiti</strong></span> <span class='ocrx_word' id='word_1_564' title='bbox 411 5023 704 5089; x_wconf 80' lang='lat' dir='ltr'><strong>contigisse</strong></span> <span class='ocrx_word' id='word_1_565' title='bbox 732 5023 912 5074; x_wconf 86' lang='lat' dir='ltr'><strong>volunt</strong></span> <span class='ocrx_word' id='word_1_566' title='bbox 938 5018 1034 5073; x_wconf 89' lang='lat' dir='ltr'><strong>viri</strong></span> <span class='ocrx_word' id='word_1_567' title='bbox 1060 5023 1274 5073; x_wconf 84' lang='lat' dir='ltr'><strong>eruditi.</strong></span> 
     </span>
    </p>
   </div>
   <div class='ocr_carea' id='block_1_74' title="bbox 1840 1786 3407 1851">
    <p class='ocr_par' dir='ltr' id='par_1_74' title="bbox 1840 1786 3407 1851">
     <span class='ocr_line' id='line_1_75' title="bbox 1840 1786 3407 1851; baseline 0.004 -15"><span class='ocrx_word' id='word_1_568' title='bbox 1840 1793 1893 1836; x_wconf 89' lang='lat' dir='ltr'><strong>et</strong></span> <span class='ocrx_word' id='word_1_569' title='bbox 1922 1786 2128 1849; x_wconf 86' lang='lat' dir='ltr'><strong>nepotis</strong></span> <span class='ocrx_word' id='word_1_570' title='bbox 2154 1787 2235 1839; x_wconf 93' lang='lat' dir='ltr'><strong>sui</strong></span> <span class='ocrx_word' id='word_1_571' title='bbox 2265 1786 2643 1851; x_wconf 76' lang='lat' dir='ltr'><strong>&#39;l‘lieod.iberti,</strong></span> <span class='ocrx_word' id='word_1_572' title='bbox 2678 1788 2825 1842; x_wconf 84' lang='lat' dir='ltr'><strong>fuere</strong></span> <span class='ocrx_word' id='word_1_573' title='bbox 2847 1792 2958 1842; x_wconf 87' lang='lat' dir='ltr'><strong>dies</strong></span> <span class='ocrx_word' id='word_1_574' title='bbox 2984 1791 3167 1842; x_wconf 84' lang='lat' dir='ltr'><strong>decem</strong></span> <span class='ocrx_word' id='word_1_575' title='bbox 3193 1801 3246 1843; x_wconf 91' lang='lat' dir='ltr'><strong>et</strong></span> <span class='ocrx_word' id='word_1_576' title='bbox 3265 1799 3407 1843; x_wconf 87' lang='lat' dir='ltr'><strong>octo.</strong></span> 
     </span>
    </p>
   </div>
   <div class='ocr_carea' id='block_1_75' title="bbox 1841 1875 3408 1947">
    <p class='ocr_par' dir='ltr' id='par_1_75' title="bbox 1841 1875 3408 1947">
     <span class='ocr_line' id='line_1_76' title="bbox 1841 1875 3408 1947; baseline 0.004 -21"><span class='ocrx_word' id='word_1_577' title='bbox 1841 1875 2045 1927; x_wconf 82' lang='lat' dir='ltr'><strong>Mortuo</strong></span> <span class='ocrx_word' id='word_1_578' title='bbox 2074 1886 2249 1930; x_wconf 83' lang='lat' dir='ltr'><strong>autem</strong></span> <span class='ocrx_word' id='word_1_579' title='bbox 2280 1878 2574 1947; x_wconf 87' lang='lat' dir='ltr'><strong>Sigiberto,</strong></span> <span class='ocrx_word' id='word_1_580' title='bbox 2607 1881 2842 1947; x_wconf 80' lang='lat' dir='ltr'><strong>regnavit</strong></span> <span class='ocrx_word' id='word_1_581' title='bbox 2870 1880 3245 1933; x_wconf 83' lang='lat' dir='ltr'><strong>Cltildebertus</strong></span> <span class='ocrx_word' id='word_1_582' title='bbox 3268 1879 3408 1933; x_wconf 90' lang='lat' dir='ltr'><strong>ﬁlius</strong></span> 
     </span>
    </p>
   </div>
   <div class='ocr_carea' id='block_1_76' title="bbox 1841 1978 2184 2032">
    <p class='ocr_par' dir='ltr' id='par_1_76' title="bbox 1841 1978 2184 2032">
     <span class='ocr_line' id='line_1_77' title="bbox 1841 1978 2184 2032; baseline 0.009 -16"><span class='ocrx_word' id='word_1_583' title='bbox 1841 1978 1955 2032; x_wconf 66' lang='lat' dir='ltr'><strong>ejus</strong></span> <span class='ocrx_word' id='word_1_584' title='bbox 1988 1981 2081 2031; x_wconf 84' lang='lat' dir='ltr'><strong>pro</strong></span> <span class='ocrx_word' id='word_1_585' title='bbox 2103 1981 2184 2019; x_wconf 89' lang='lat' dir='ltr'><strong>eo.</strong></span> 
     </span>
    </p>
   </div>
   <div class='ocr_carea' id='block_1_77' title="bbox 1912 2076 3409 2147">
    <p class='ocr_par' dir='ltr' id='par_1_77' title="bbox 1912 2076 3409 2147">
     <span class='ocr_line' id='line_1_78' title="bbox 1912 2076 3409 2147; baseline 0.002 -17"><span class='ocrx_word' id='word_1_586' title='bbox 1912 2076 1957 2130; x_wconf 83' lang='grc' dir='ltr'><strong>Α</strong></span> <span class='ocrx_word' id='word_1_587' title='bbox 1985 2079 2249 2146; x_wconf 85' lang='lat' dir='ltr'><strong>principio</strong></span> <span class='ocrx_word' id='word_1_588' title='bbox 2281 2094 2445 2147; x_wconf 86' lang='lat' dir='ltr'><strong>usque</strong></span> <span class='ocrx_word' id='word_1_589' title='bbox 2475 2081 2538 2133; x_wconf 86' lang='lat' dir='ltr'><strong>ad</strong></span> <span class='ocrx_word' id='word_1_590' title='bbox 2568 2079 2845 2145; x_wconf 88' lang='lat' dir='ltr'><strong>diluvium,</strong></span> <span class='ocrx_word' id='word_1_591' title='bbox 2873 2080 2999 2133; x_wconf 89' lang='lat' dir='ltr'><strong>anni</strong></span> <span class='ocrx_word' id='word_1_592' title='bbox 3040 2080 3119 2133; x_wconf 90' lang='lat' dir='ltr'><strong>bis</strong></span> <span class='ocrx_word' id='word_1_593' title='bbox 3149 2080 3288 2133; x_wconf 87' lang='lat' dir='ltr'><strong>mille</strong></span> <span class='ocrx_word' id='word_1_594' title='bbox 3312 2080 3409 2133; x_wconf 85' lang='lat' dir='ltr'><strong>du-</strong></span> 
     </span>
    </p>
   </div>
   <div class='ocr_carea' id='block_1_78' title="bbox 1843 2167 3409 2236">
    <p class='ocr_par' dir='ltr' id='par_1_78' title="bbox 1843 2167 3409 2236">
     <span class='ocr_line' id='line_1_79' title="bbox 1843 2167 3409 2236; baseline 0 -16"><span class='ocrx_word' id='word_1_595' title='bbox 1843 2168 1981 2220; x_wconf 75' lang='lat' dir='ltr'><strong>centi</strong></span> <span class='ocrx_word' id='word_1_596' title='bbox 2033 2167 2377 2236; x_wconf 81' lang='lat' dir='ltr'><strong>quadraginta</strong></span> <span class='ocrx_word' id='word_1_597' title='bbox 2419 2169 2544 2222; x_wconf 83' lang='lat' dir='ltr'><strong>duo.</strong></span> <span class='ocrx_word' id='word_1_598' title='bbox 2602 2170 2645 2223; x_wconf 85' lang='lat' dir='ltr'><strong>A</strong></span> <span class='ocrx_word' id='word_1_599' title='bbox 2694 2170 2890 2222; x_wconf 85' lang='lat' dir='ltr'><strong>diluvio</strong></span> <span class='ocrx_word' id='word_1_600' title='bbox 2942 2178 3114 2222; x_wconf 84' lang='lat' dir='ltr'><strong>autem</strong></span> <span class='ocrx_word' id='word_1_601' title='bbox 3149 2184 3312 2236; x_wconf 85' lang='lat' dir='ltr'><strong>usque</strong></span> <span class='ocrx_word' id='word_1_602' title='bbox 3342 2168 3409 2220; x_wconf 83' lang='lat' dir='ltr'><strong>ad</strong></span> 
     </span>
    </p>
   </div>
   <div class='ocr_carea' id='block_1_79' title="bbox 1849 2257 3415 2325">
    <p class='ocr_par' dir='ltr' id='par_1_79' title="bbox 1849 2257 3415 2325">
     <span class='ocr_line' id='line_1_80' title="bbox 1849 2257 3415 2325; baseline -0.002 -12"><span class='ocrx_word' id='word_1_603' title='bbox 1849 2257 2152 2321; x_wconf 75' lang='lat' dir='ltr'><strong>Abraham,</strong></span> <span class='ocrx_word' id='word_1_604' title='bbox 2210 2260 2332 2309; x_wconf 89' lang='lat' dir='ltr'><strong>anni</strong></span> <span class='ocrx_word' id='word_1_605' title='bbox 2400 2260 2647 2325; x_wconf 82' lang='lat' dir='ltr'><strong>nongenti</strong></span> <span class='ocrx_word' id='word_1_606' title='bbox 2713 2258 3057 2324; x_wconf 84' lang='lat' dir='ltr'><strong>quadraginta</strong></span> <span class='ocrx_word' id='word_1_607' title='bbox 3120 2258 3247 2310; x_wconf 89' lang='lat' dir='ltr'><strong>dttu.</strong></span> <span class='ocrx_word' id='word_1_608' title='bbox 3328 2257 3415 2310; x_wconf 84' lang='lat' dir='ltr'><strong>Ab</strong></span> 
     </span>
    </p>
   </div>
   <div class='ocr_carea' id='block_1_80' title="bbox 1846 2344 3409 2414">
    <p class='ocr_par' dir='ltr' id='par_1_80' title="bbox 1846 2344 3409 2414">
     <span class='ocr_line' id='line_1_81' title="bbox 1846 2344 3409 2414; baseline -0.001 -14"><span class='ocrx_word' id='word_1_609' title='bbox 1846 2344 2110 2400; x_wconf 80' lang='lat' dir='ltr'><strong>Abraham</strong></span> <span class='ocrx_word' id='word_1_610' title='bbox 2141 2361 2264 2399; x_wconf 78' lang='lat' dir='ltr'><strong>vero</strong></span> <span class='ocrx_word' id='word_1_611' title='bbox 2296 2363 2460 2414; x_wconf 69' lang='lat' dir='ltr'><strong>usque</strong></span> <span class='ocrx_word' id='word_1_612' title='bbox 2488 2346 2553 2399; x_wconf 89' lang='lat' dir='ltr'><strong>ad</strong></span> <span class='ocrx_word' id='word_1_613' title='bbox 2583 2363 2851 2414; x_wconf 69' lang='lat' dir='ltr'><strong>egressum</strong></span> <span class='ocrx_word' id='word_1_614' title='bbox 2896 2347 3124 2399; x_wconf 87' lang='lat' dir='ltr'><strong>ﬁliorum</strong></span> <span class='ocrx_word' id='word_1_615' title='bbox 3152 2344 3312 2399; x_wconf 85' lang='lat' dir='ltr'><strong>Israel</strong></span> <span class='ocrx_word' id='word_1_616' title='bbox 3341 2361 3409 2399; x_wconf 79' lang='lat' dir='ltr'><strong>ex</strong></span> 
     </span>
    </p>
   </div>
   <div class='ocr_carea' id='block_1_81' title="bbox 1842 2436 3393 2506">
    <p class='ocr_par' dir='ltr' id='par_1_81' title="bbox 1842 2436 3393 2506">
     <span class='ocr_line' id='line_1_82' title="bbox 1842 2436 3393 2506; baseline 0 -17"><span class='ocrx_word' id='word_1_617' title='bbox 1842 2436 2106 2505; x_wconf 64' lang='lat' dir='ltr'><strong>Egypto,</strong></span> <span class='ocrx_word' id='word_1_618' title='bbox 2171 2438 2293 2490; x_wconf 88' lang='lat' dir='ltr'><strong>anni</strong></span> <span class='ocrx_word' id='word_1_619' title='bbox 2344 2437 2709 2505; x_wconf 82' lang='lat' dir='ltr'><strong>quadringenti</strong></span> <span class='ocrx_word' id='word_1_620' title='bbox 2740 2438 3008 2506; x_wconf 79' lang='lat' dir='ltr'><strong>sexaginta</strong></span> <span class='ocrx_word' id='word_1_621' title='bbox 3059 2437 3166 2490; x_wconf 89' lang='lat' dir='ltr'><strong>duo</strong></span> <span class='ocrx_word' id='word_1_622' title='bbox 3215 2436 3261 2489; x_wconf 82' lang='grc' dir='ltr'><strong>Ι.</strong></span> <span class='ocrx_word' id='word_1_623' title='bbox 3312 2437 3393 2489; x_wconf 91' lang='lat' dir='ltr'><strong>Ab</strong></span> 
     </span>
    </p>
   </div>
   <div class='ocr_carea' id='block_1_82' title="bbox 1841 2525 3410 2597">
    <p class='ocr_par' dir='ltr' id='par_1_82' title="bbox 1841 2525 3410 2597">
     <span class='ocr_line' id='line_1_83' title="bbox 1841 2525 3410 2597; baseline -0.002 -17"><span class='ocrx_word' id='word_1_624' title='bbox 1841 2541 2056 2593; x_wconf 86' lang='lat' dir='ltr'><strong>egressu</strong></span> <span class='ocrx_word' id='word_1_625' title='bbox 2090 2526 2314 2580; x_wconf 89' lang='lat' dir='ltr'><strong>liliorum</strong></span> <span class='ocrx_word' id='word_1_626' title='bbox 2343 2527 2503 2580; x_wconf 79' lang='lat' dir='ltr'><strong>Israel</strong></span> <span class='ocrx_word' id='word_1_627' title='bbox 2537 2542 2601 2581; x_wconf 87' lang='lat' dir='ltr'><strong>ex</strong></span> <span class='ocrx_word' id='word_1_628' title='bbox 2636 2526 2868 2597; x_wconf 66' lang='lat' dir='ltr'><strong>Egypto</strong></span> <span class='ocrx_word' id='word_1_629' title='bbox 2893 2541 3059 2593; x_wconf 89' lang='lat' dir='ltr'><strong>usque</strong></span> <span class='ocrx_word' id='word_1_630' title='bbox 3090 2525 3153 2579; x_wconf 91' lang='lat' dir='ltr'><strong>ad</strong></span> <span class='ocrx_word' id='word_1_631' title='bbox 3181 2526 3410 2579; x_wconf 76' lang='lat' dir='ltr'><strong>:edillca-</strong></span> 
     </span>
    </p>
   </div>
   <div class='ocr_carea' id='block_1_83' title="bbox 1844 2615 3412 2684">
    <p class='ocr_par' dir='ltr' id='par_1_83' title="bbox 1844 2615 3412 2684">
     <span class='ocr_line' id='line_1_84' title="bbox 1844 2615 3412 2684; baseline 0.001 -16"><span class='ocrx_word' id='word_1_632' title='bbox 1844 2618 2040 2669; x_wconf 89' lang='lat' dir='ltr'><strong>tionem</strong></span> <span class='ocrx_word' id='word_1_633' title='bbox 2086 2618 2263 2684; x_wconf 88' lang='lat' dir='ltr'><strong>templi</strong></span> <span class='ocrx_word' id='word_1_634' title='bbox 2311 2616 2650 2682; x_wconf 89' lang='lat' dir='ltr'><strong>Salomonis,</strong></span> <span class='ocrx_word' id='word_1_635' title='bbox 2700 2618 2823 2670; x_wconf 90' lang='lat' dir='ltr'><strong>anni</strong></span> <span class='ocrx_word' id='word_1_636' title='bbox 2864 2615 3234 2684; x_wconf 86' lang='lat' dir='ltr'><strong>quadringenti</strong></span> <span class='ocrx_word' id='word_1_637' title='bbox 3263 2624 3412 2669; x_wconf 82' lang='lat' dir='ltr'><strong>octo-</strong></span> 
     </span>
    </p>
   </div>
   <div class='ocr_carea' id='block_1_84' title="bbox 1840 2705 3414 2776">
    <p class='ocr_par' dir='ltr' id='par_1_84' title="bbox 1840 2705 3414 2776">
     <span class='ocr_line' id='line_1_85' title="bbox 1840 2705 3414 2776; baseline 0 -18"><span class='ocrx_word' id='word_1_638' title='bbox 1840 2708 2007 2774; x_wconf 84' lang='lat' dir='ltr'><strong>ginta.</strong></span> <span class='ocrx_word' id='word_1_639' title='bbox 2050 2705 2131 2759; x_wconf 82' lang='lat' dir='ltr'><strong>Ab</strong></span> <span class='ocrx_word' id='word_1_640' title='bbox 2176 2705 2530 2761; x_wconf 62' lang='lat' dir='ltr'><strong>aadiﬁcatione</strong></span> <span class='ocrx_word' id='word_1_641' title='bbox 2575 2721 2701 2775; x_wconf 83' lang='lat' dir='ltr'><strong>ergo</strong></span> <span class='ocrx_word' id='word_1_642' title='bbox 2751 2709 2931 2776; x_wconf 89' lang='lat' dir='ltr'><strong>templi</strong></span> <span class='ocrx_word' id='word_1_643' title='bbox 2966 2724 3129 2773; x_wconf 88' lang='lat' dir='ltr'><strong>usque</strong></span> <span class='ocrx_word' id='word_1_644' title='bbox 3168 2706 3232 2758; x_wconf 89' lang='lat' dir='ltr'><strong>ad</strong></span> <span class='ocrx_word' id='word_1_645' title='bbox 3264 2706 3414 2759; x_wconf 84' lang='lat' dir='ltr'><strong>deso-</strong></span> 
     </span>
    </p>
   </div>
   <div class='ocr_carea' id='block_1_85' title="bbox 1844 2794 3410 2864">
    <p class='ocr_par' dir='ltr' id='par_1_85' title="bbox 1844 2794 3410 2864">
     <span class='ocr_line' id='line_1_86' title="bbox 1844 2794 3410 2864; baseline 0.001 -17"><span class='ocrx_word' id='word_1_646' title='bbox 1844 2796 2094 2849; x_wconf 89' lang='lat' dir='ltr'><strong>lationem</strong></span> <span class='ocrx_word' id='word_1_647' title='bbox 2126 2797 2242 2864; x_wconf 89' lang='lat' dir='ltr'><strong>ejus</strong></span> <span class='ocrx_word' id='word_1_648' title='bbox 2262 2834 2280 2860; x_wconf 91' lang='lat'><strong>,</strong></span> <span class='ocrx_word' id='word_1_649' title='bbox 2310 2805 2362 2850; x_wconf 90' lang='lat' dir='ltr'><strong>et</strong></span> <span class='ocrx_word' id='word_1_650' title='bbox 2393 2796 2907 2864; x_wconf 88' lang='lat' dir='ltr'><strong>transmigrationem</strong></span> <span class='ocrx_word' id='word_1_651' title='bbox 2954 2798 3007 2850; x_wconf 85' lang='lat' dir='ltr'><strong>lu</strong></span> <span class='ocrx_word' id='word_1_652' title='bbox 3039 2794 3410 2864; x_wconf 82' lang='lat' dir='ltr'><strong>Babyloniam,</strong></span> 
     </span>
    </p>
   </div>
   <div class='ocr_carea' id='block_1_86' title="bbox 1843 2886 3408 2957">
    <p class='ocr_par' dir='ltr' id='par_1_86' title="bbox 1843 2886 3408 2957">
     <span class='ocr_line' id='line_1_87' title="bbox 1843 2886 3408 2957; baseline -0.003 -15"><span class='ocrx_word' id='word_1_653' title='bbox 1843 2890 1968 2942; x_wconf 90' lang='lat' dir='ltr'><strong>anni</strong></span> <span class='ocrx_word' id='word_1_654' title='bbox 2011 2889 2234 2942; x_wconf 89' lang='lat' dir='ltr'><strong>trecenti</strong></span> <span class='ocrx_word' id='word_1_655' title='bbox 2280 2888 2562 2955; x_wconf 83' lang='lat' dir='ltr'><strong>nonaginta</strong></span> <span class='ocrx_word' id='word_1_656' title='bbox 2594 2889 2642 2940; x_wconf 72' lang='grc' dir='ltr'><strong>κ.</strong></span> <span class='ocrx_word' id='word_1_657' title='bbox 2687 2890 2729 2942; x_wconf 83' lang='lat' dir='ltr'><strong>A</strong></span> <span class='ocrx_word' id='word_1_658' title='bbox 2761 2887 3221 2957; x_wconf 88' lang='lat' dir='ltr'><strong>transmigratione</strong></span> <span class='ocrx_word' id='word_1_659' title='bbox 3250 2886 3408 2952; x_wconf 74' lang='lat' dir='ltr'><strong>igitur</strong></span> 
     </span>
    </p>
   </div>
   <div class='ocr_carea' id='block_1_87' title="bbox 1843 2976 3409 3049">
    <p class='ocr_par' dir='ltr' id='par_1_87' title="bbox 1843 2976 3409 3049">
     <span class='ocr_line' id='line_1_88' title="bbox 1843 2976 3409 3049; baseline -0.003 -16"><span class='ocrx_word' id='word_1_660' title='bbox 1843 2995 2014 3049; x_wconf 91' lang='lat' dir='ltr'><strong>usque</strong></span> <span class='ocrx_word' id='word_1_661' title='bbox 2043 2982 2106 3034; x_wconf 86' lang='lat' dir='ltr'><strong>ad</strong></span> <span class='ocrx_word' id='word_1_662' title='bbox 2140 2979 2437 3048; x_wconf 84' lang='lat' dir='ltr'><strong>passionem</strong></span> <span class='ocrx_word' id='word_1_663' title='bbox 2469 2979 2699 3043; x_wconf 89' lang='lat' dir='ltr'><strong>Dotnini,</strong></span> <span class='ocrx_word' id='word_1_664' title='bbox 2723 2982 2846 3033; x_wconf 91' lang='lat' dir='ltr'><strong>anni</strong></span> <span class='ocrx_word' id='word_1_665' title='bbox 2877 2980 3114 3035; x_wconf 80' lang='lat' dir='ltr'><strong>sexcenti</strong></span> <span class='ocrx_word' id='word_1_666' title='bbox 3136 2976 3409 3045; x_wconf 79' lang='lat' dir='ltr'><strong>sexaginta</strong></span> 
     </span>
    </p>
   </div>
   <div class='ocr_carea' id='block_1_88' title="bbox 1761 3048 3405 3137">
    <p class='ocr_par' dir='ltr' id='par_1_88' title="bbox 1761 3048 3405 3137">
     <span class='ocr_line' id='line_1_89' title="bbox 1761 3048 3405 3137; baseline -0.004 -14"><span class='ocrx_word' id='word_1_667' title='bbox 1761 3048 1808 3111; x_wconf 62' lang='grc' dir='ltr'><strong>(ἶ</strong></span> <span class='ocrx_word' id='word_1_668' title='bbox 1837 3048 1958 3123; x_wconf 88' lang='lat' dir='ltr'><strong>octo</strong></span> <span class='ocrx_word' id='word_1_669' title='bbox 1990 3066 2035 3121; x_wconf 79' lang='grc' dir='ltr'>ι.</span> <span class='ocrx_word' id='word_1_670' title='bbox 2065 3068 2110 3121; x_wconf 83' lang='grc' dir='ltr'><strong>Α</strong></span> <span class='ocrx_word' id='word_1_671' title='bbox 2133 3067 2379 3135; x_wconf 85' lang='lat' dir='ltr'><strong>passione</strong></span> <span class='ocrx_word' id='word_1_672' title='bbox 2416 3066 2626 3122; x_wconf 85' lang='lat' dir='ltr'><strong>Domini</strong></span> <span class='ocrx_word' id='word_1_673' title='bbox 2657 3082 2821 3137; x_wconf 89' lang='lat' dir='ltr'><strong>usque</strong></span> <span class='ocrx_word' id='word_1_674' title='bbox 2839 3068 2906 3122; x_wconf 88' lang='lat' dir='ltr'><strong>ad</strong></span> <span class='ocrx_word' id='word_1_675' title='bbox 2929 3067 3207 3123; x_wconf 86' lang='lat' dir='ltr'><strong>transitum</strong></span> <span class='ocrx_word' id='word_1_676' title='bbox 3234 3062 3405 3120; x_wconf 87' lang='lat' dir='ltr'><strong>sancti</strong></span> 
     </span>
    </p>
   </div>
   <div class='ocr_carea' id='block_1_89' title="bbox 1844 3168 3399 3237">
    <p class='ocr_par' dir='ltr' id='par_1_89' title="bbox 1844 3168 3399 3237">
     <span class='ocr_line' id='line_1_90' title="bbox 1844 3168 3399 3237; baseline 0 -17"><span class='ocrx_word' id='word_1_677' title='bbox 1844 3168 2072 3231; x_wconf 76' lang='lat' dir='ltr'><strong>Martini,</strong></span> <span class='ocrx_word' id='word_1_678' title='bbox 2118 3172 2243 3221; x_wconf 88' lang='lat' dir='ltr'><strong>anni</strong></span> <span class='ocrx_word' id='word_1_679' title='bbox 2270 3171 2643 3237; x_wconf 86' lang='lat' dir='ltr'><strong>quadringenti</strong></span> <span class='ocrx_word' id='word_1_680' title='bbox 2672 3181 2725 3223; x_wconf 90' lang='lat' dir='ltr'><strong>et</strong></span> <span class='ocrx_word' id='word_1_681' title='bbox 2748 3170 3055 3224; x_wconf 89' lang='lat' dir='ltr'><strong>duodecim.</strong></span> <span class='ocrx_word' id='word_1_682' title='bbox 3110 3170 3147 3222; x_wconf 80' lang='grc' dir='ltr'><strong>Α</strong></span> <span class='ocrx_word' id='word_1_683' title='bbox 3174 3168 3399 3221; x_wconf 73' lang='lat' dir='ltr'><strong>transitu</strong></span> 
     </span>
    </p>
   </div>
   <div class='ocr_carea' id='block_1_90' title="bbox 1844 3266 3409 3337">
    <p class='ocr_par' dir='ltr' id='par_1_90' title="bbox 1844 3266 3409 3337">
     <span class='ocr_line' id='line_1_91' title="bbox 1844 3266 3409 3337; baseline -0.003 -14"><span class='ocrx_word' id='word_1_684' title='bbox 1844 3269 2011 3323; x_wconf 89' lang='lat' dir='ltr'><strong>sancti</strong></span> <span class='ocrx_word' id='word_1_685' title='bbox 2038 3269 2245 3323; x_wconf 83' lang='lat' dir='ltr'><strong>Martini</strong></span> <span class='ocrx_word' id='word_1_686' title='bbox 2274 3284 2438 3337; x_wconf 71' lang='lat' dir='ltr'><strong>usque</strong></span> <span class='ocrx_word' id='word_1_687' title='bbox 2465 3269 2529 3322; x_wconf 89' lang='lat' dir='ltr'><strong>ad</strong></span> <span class='ocrx_word' id='word_1_688' title='bbox 2558 3270 2835 3323; x_wconf 88' lang='lat' dir='ltr'><strong>transitum</strong></span> <span class='ocrx_word' id='word_1_689' title='bbox 2855 3268 3213 3322; x_wconf 84' lang='lat' dir='ltr'><strong>Cblodoveehi</strong></span> <span class='ocrx_word' id='word_1_690' title='bbox 3246 3266 3409 3333; x_wconf 89' lang='lat' dir='ltr'><strong>regis,</strong></span> 
     </span>
    </p>
   </div>
   <div class='ocr_carea' id='block_1_91' title="bbox 1842 3368 3416 3423">
    <p class='ocr_par' dir='ltr' id='par_1_91' title="bbox 1842 3368 3416 3423">
     <span class='ocr_line' id='line_1_92' title="bbox 1842 3368 3416 3423; baseline -0.001 -3"><span class='ocrx_word' id='word_1_691' title='bbox 1842 3376 1965 3421; x_wconf 80' lang='lat' dir='ltr'><strong>aunt</strong></span> <span class='ocrx_word' id='word_1_692' title='bbox 1997 3380 2211 3421; x_wconf 90' lang='lat' dir='ltr'><strong>centum</strong></span> <span class='ocrx_word' id='word_1_693' title='bbox 2235 3373 2537 3423; x_wconf 79' lang='lat' dir='ltr'><strong>duodecim.</strong></span> <span class='ocrx_word' id='word_1_694' title='bbox 2585 3370 2627 3422; x_wconf 83' lang='lat' dir='ltr'><strong>A</strong></span> <span class='ocrx_word' id='word_1_695' title='bbox 2674 3370 2896 3422; x_wconf 88' lang='lat' dir='ltr'><strong>transitu</strong></span> <span class='ocrx_word' id='word_1_696' title='bbox 2941 3368 3301 3422; x_wconf 78' lang='lat' dir='ltr'><strong>Cliloiloveclii</strong></span> <span class='ocrx_word' id='word_1_697' title='bbox 3331 3381 3416 3419; x_wconf 86' lang='lat' dir='ltr'><strong>re-</strong></span> 
     </span>
    </p>
   </div>
   <div class='ocr_carea' id='block_1_92' title="bbox 1842 3466 3404 3537">
    <p class='ocr_par' dir='ltr' id='par_1_92' title="bbox 1842 3466 3404 3537">
     <span class='ocr_line' id='line_1_93' title="bbox 1842 3466 3404 3537; baseline -0.001 -16"><span class='ocrx_word' id='word_1_698' title='bbox 1842 3467 1922 3536; x_wconf 85' lang='lat' dir='ltr'><strong>gis</strong></span> <span class='ocrx_word' id='word_1_699' title='bbox 1950 3482 2116 3535; x_wconf 90' lang='lat' dir='ltr'><strong>usque</strong></span> <span class='ocrx_word' id='word_1_700' title='bbox 2163 3466 2228 3520; x_wconf 91' lang='lat' dir='ltr'><strong>ad</strong></span> <span class='ocrx_word' id='word_1_701' title='bbox 2262 3469 2538 3521; x_wconf 84' lang='lat' dir='ltr'><strong>transitum</strong></span> <span class='ocrx_word' id='word_1_702' title='bbox 2580 3467 2973 3533; x_wconf 85' lang='lat' dir='ltr'><strong>Tlieudeberli,</strong></span> <span class='ocrx_word' id='word_1_703' title='bbox 3022 3469 3145 3522; x_wconf 91' lang='lat' dir='ltr'><strong>anni</strong></span> <span class='ocrx_word' id='word_1_704' title='bbox 3194 3471 3404 3537; x_wconf 75' lang='lat' dir='ltr'><strong>triginta</strong></span> 
     </span>
    </p>
   </div>
   <div class='ocr_carea' id='block_1_93' title="bbox 1840 3565 3414 3637">
    <p class='ocr_par' dir='ltr' id='par_1_93' title="bbox 1840 3565 3414 3637">
     <span class='ocr_line' id='line_1_94' title="bbox 1840 3565 3414 3637; baseline 0.001 -18"><span class='ocrx_word' id='word_1_705' title='bbox 1840 3576 2042 3637; x_wconf 84' lang='lat' dir='ltr'><strong>septem</strong></span> <span class='ocrx_word' id='word_1_706' title='bbox 2071 3574 2129 3617; x_wconf 76' lang='grc' dir='ltr'><strong>π’.</strong></span> <span class='ocrx_word' id='word_1_707' title='bbox 2181 3572 2221 3618; x_wconf 69' lang='grc' dir='ltr'>Α</span> <span class='ocrx_word' id='word_1_708' title='bbox 2268 3573 2492 3618; x_wconf 80' lang='lat' dir='ltr'><strong>tranSItu</strong></span> <span class='ocrx_word' id='word_1_709' title='bbox 2534 3565 2889 3620; x_wconf 83' lang='lat' dir='ltr'><strong>Tlteudebettt</strong></span> <span class='ocrx_word' id='word_1_710' title='bbox 2919 3582 3085 3634; x_wconf 89' lang='lat' dir='ltr'><strong>usque</strong></span> <span class='ocrx_word' id='word_1_711' title='bbox 3122 3570 3186 3620; x_wconf 90' lang='lat' dir='ltr'><strong>ad</strong></span> <span class='ocrx_word' id='word_1_712' title='bbox 3215 3571 3414 3621; x_wconf 80' lang='lat' dir='ltr'><strong>exitum</strong></span> 
     </span>
    </p>
   </div>
   <div class='ocr_carea' id='block_1_94' title="bbox 1845 3665 3413 3734">
    <p class='ocr_par' dir='ltr' id='par_1_94' title="bbox 1845 3665 3413 3734">
     <span class='ocr_line' id='line_1_95' title="bbox 1845 3665 3413 3734; baseline 0.003 -17"><span class='ocrx_word' id='word_1_713' title='bbox 1845 3665 2091 3732; x_wconf 85' lang='lat' dir='ltr'><strong>Sigibcrti</strong></span> <span class='ocrx_word' id='word_1_714' title='bbox 2120 3708 2133 3730; x_wconf 90' lang='lat'><strong>,</strong></span> <span class='ocrx_word' id='word_1_715' title='bbox 2175 3670 2299 3717; x_wconf 90' lang='lat' dir='ltr'><strong>anni</strong></span> <span class='ocrx_word' id='word_1_716' title='bbox 2343 3668 2525 3733; x_wconf 78' lang='lat' dir='ltr'><strong>viginti</strong></span> <span class='ocrx_word' id='word_1_717' title='bbox 2568 3683 2778 3724; x_wconf 82' lang='lat' dir='ltr'><strong>novem.</strong></span> <span class='ocrx_word' id='word_1_718' title='bbox 2834 3668 2934 3734; x_wconf 81' lang='lat' dir='ltr'><strong>Qui</strong></span> <span class='ocrx_word' id='word_1_719' title='bbox 2961 3680 3083 3721; x_wconf 91' lang='lat' dir='ltr'><strong>sunt</strong></span> <span class='ocrx_word' id='word_1_720' title='bbox 3104 3669 3258 3722; x_wconf 91' lang='lat' dir='ltr'><strong>simul</strong></span> <span class='ocrx_word' id='word_1_721' title='bbox 3286 3669 3413 3722; x_wconf 89' lang='lat' dir='ltr'><strong>anni</strong></span> 
     </span>
    </p>
   </div>
   <div class='ocr_carea' id='block_1_95' title="bbox 1845 3767 3325 3839">
    <p class='ocr_par' dir='ltr' id='par_1_95' title="bbox 1845 3767 3325 3839">
     <span class='ocr_line' id='line_1_96' title="bbox 1845 3767 3325 3839; baseline 0.001 -19"><span class='ocrx_word' id='word_1_722' title='bbox 1845 3767 2125 3837; x_wconf 83' lang='lat' dir='ltr'><strong>quinquies</strong></span> <span class='ocrx_word' id='word_1_723' title='bbox 2158 3769 2303 3822; x_wconf 89' lang='lat' dir='ltr'><strong>mille</strong></span> <span class='ocrx_word' id='word_1_724' title='bbox 2335 3770 2649 3837; x_wconf 86' lang='lat' dir='ltr'><strong>septingentt</strong></span> <span class='ocrx_word' id='word_1_725' title='bbox 2673 3777 3005 3839; x_wconf 75' lang='lat' dir='ltr'><strong>septuaginta</strong></span> <span class='ocrx_word' id='word_1_726' title='bbox 3030 3780 3252 3838; x_wconf 87' lang='lat' dir='ltr'><strong>quatuor</strong></span> <span class='ocrx_word' id='word_1_727' title='bbox 3276 3778 3325 3821; x_wconf 81' lang='grc' dir='ltr'><strong>η.</strong></span> 
     </span>
    </p>
   </div>
   <div class='ocr_carea' id='block_1_96' title="bbox 1922 3904 2466 3969">
    <p class='ocr_par' dir='ltr' id='par_1_96' title="bbox 1922 3904 2466 3969">
     <span class='ocr_line' id='line_1_97' title="bbox 1922 3904 2466 3969; baseline 0.018 -20"><span class='ocrx_word' id='word_1_728' title='bbox 1922 3914 1944 3949; x_wconf 77' lang='grc' dir='ltr'>ε</span> <span class='ocrx_word' id='word_1_729' title='bbox 1986 3904 2142 3957; x_wconf 82' lang='lat' dir='ltr'><strong>Corb.</strong></span> <span class='ocrx_word' id='word_1_730' title='bbox 2156 3945 2171 3967; x_wconf 92' lang='lat'><strong>,</strong></span> <span class='ocrx_word' id='word_1_731' title='bbox 2201 3906 2466 3969; x_wconf 75' lang='lat' dir='ltr'><strong>separatis.</strong></span> 
     </span>
    </p>
   </div>
   <div class='ocr_carea' id='block_1_97' title="bbox 1921 3971 3412 4041">
    <p class='ocr_par' dir='ltr' id='par_1_97' title="bbox 1921 3971 3412 4041">
     <span class='ocr_line' id='line_1_98' title="bbox 1921 3971 3412 4041; baseline 0 -16"><span class='ocrx_word' id='word_1_732' title='bbox 1921 3971 1947 4009; x_wconf 64' lang='grc' dir='ltr'><strong>ιι</strong></span> <span class='ocrx_word' id='word_1_733' title='bbox 1996 3974 2151 4026; x_wconf 74' lang='lat' dir='ltr'><strong>Vicus</strong></span> <span class='ocrx_word' id='word_1_734' title='bbox 2180 3989 2209 4027; x_wconf 90' lang='lat' dir='ltr'><strong>e</strong></span> <span class='ocrx_word' id='word_1_735' title='bbox 2244 3983 2264 4025; x_wconf 88' lang='lat' dir='ltr'><strong>t</strong></span> <span class='ocrx_word' id='word_1_736' title='bbox 2289 3975 2353 4026; x_wconf 91' lang='lat' dir='ltr'><strong>ad</strong></span> <span class='ocrx_word' id='word_1_737' title='bbox 2377 3978 2628 4041; x_wconf 81' lang='lat' dir='ltr'><strong>Scarpam</strong></span> <span class='ocrx_word' id='word_1_738' title='bbox 2658 3973 2872 4026; x_wconf 85' lang='lat' dir='ltr'><strong>ﬂuvium</strong></span> <span class='ocrx_word' id='word_1_739' title='bbox 2905 3973 3043 4025; x_wconf 88' lang='lat' dir='ltr'><strong>inter</strong></span> <span class='ocrx_word' id='word_1_740' title='bbox 3068 3973 3412 4027; x_wconf 86' lang='lat' dir='ltr'><strong>Camaraeutn</strong></span> 
     </span>
    </p>
   </div>
   <div class='ocr_carea' id='block_1_98' title="bbox 1848 4042 3418 4111">
    <p class='ocr_par' dir='ltr' id='par_1_98' title="bbox 1848 4042 3418 4111">
     <span class='ocr_line' id='line_1_99' title="bbox 1848 4042 3418 4111; baseline -0.001 -14"><span class='ocrx_word' id='word_1_741' title='bbox 1848 4055 1897 4097; x_wconf 91' lang='lat' dir='ltr'><strong>et</strong></span> <span class='ocrx_word' id='word_1_742' title='bbox 1930 4046 2211 4097; x_wconf 86' lang='lat' dir='ltr'><strong>Atrebatas</strong></span> <span class='ocrx_word' id='word_1_743' title='bbox 2241 4043 2395 4097; x_wconf 88' lang='lat' dir='ltr'><strong>situs.</strong></span> <span class='ocrx_word' id='word_1_744' title='bbox 2440 4046 2707 4111; x_wconf 80' lang='lat' dir='ltr'><strong>Cognatus</strong></span> <span class='ocrx_word' id='word_1_745' title='bbox 2738 4045 2790 4096; x_wconf 91' lang='lat' dir='ltr'><strong>in</strong></span> <span class='ocrx_word' id='word_1_746' title='bbox 2823 4042 3055 4111; x_wconf 81' lang='lat' dir='ltr'><strong>Historia</strong></span> <span class='ocrx_word' id='word_1_747' title='bbox 3085 4042 3418 4096; x_wconf 82' lang='lat' dir='ltr'><strong>Tornacensi</strong></span> 
     </span>
    </p>
   </div>
   <div class='ocr_carea' id='block_1_99' title="bbox 1851 4110 3414 4181">
    <p class='ocr_par' dir='ltr' id='par_1_99' title="bbox 1851 4110 3414 4181">
     <span class='ocr_line' id='line_1_100' title="bbox 1851 4110 3414 4181; baseline 0.001 -16"><span class='ocrx_word' id='word_1_748' title='bbox 1851 4113 1989 4167; x_wconf 88' lang='lat' dir='ltr'><strong>hunc</strong></span> <span class='ocrx_word' id='word_1_749' title='bbox 2023 4128 2183 4180; x_wconf 89' lang='lat' dir='ltr'><strong>prope</strong></span> <span class='ocrx_word' id='word_1_750' title='bbox 2212 4112 2476 4177; x_wconf 82' lang='lat' dir='ltr'><strong>Duaeum,</strong></span> <span class='ocrx_word' id='word_1_751' title='bbox 2510 4110 2612 4181; x_wconf 86' lang='lat' dir='ltr'><strong>qua</strong></span> <span class='ocrx_word' id='word_1_752' title='bbox 2644 4113 2746 4165; x_wconf 91' lang='lat' dir='ltr'><strong>iter</strong></span> <span class='ocrx_word' id='word_1_753' title='bbox 2768 4122 2849 4165; x_wconf 92' lang='lat' dir='ltr'><strong>est</strong></span> <span class='ocrx_word' id='word_1_754' title='bbox 2876 4110 3184 4165; x_wconf 85' lang='lat' dir='ltr'><strong>Atrebatum</strong></span> <span class='ocrx_word' id='word_1_755' title='bbox 3204 4154 3218 4177; x_wconf 91' lang='lat'><strong>,</strong></span> <span class='ocrx_word' id='word_1_756' title='bbox 3255 4112 3414 4167; x_wconf 89' lang='lat' dir='ltr'><strong>locat.</strong></span> 
     </span>
    </p>
   </div>
   <div class='ocr_carea' id='block_1_100' title="bbox 1851 4182 3418 4250">
    <p class='ocr_par' dir='ltr' id='par_1_100' title="bbox 1851 4182 3418 4250">
     <span class='ocr_line' id='line_1_101' title="bbox 1851 4182 3418 4250; baseline 0 -14"><span class='ocrx_word' id='word_1_757' title='bbox 1851 4186 1922 4237; x_wconf 78' lang='lat' dir='ltr'><strong>De</strong></span> <span class='ocrx_word' id='word_1_758' title='bbox 1952 4186 2050 4236; x_wconf 88' lang='lat' dir='ltr'><strong>hac</strong></span> <span class='ocrx_word' id='word_1_759' title='bbox 2096 4183 2382 4250; x_wconf 72' lang='lat' dir='ltr'><strong>(lhilperitti</strong></span> <span class='ocrx_word' id='word_1_760' title='bbox 2431 4183 2592 4236; x_wconf 88' lang='lat' dir='ltr'><strong>sortis</strong></span> <span class='ocrx_word' id='word_1_761' title='bbox 2631 4182 2926 4236; x_wconf 87' lang='lat' dir='ltr'><strong>mutatione</strong></span> <span class='ocrx_word' id='word_1_762' title='bbox 2974 4182 3295 4237; x_wconf 84' lang='lat' dir='ltr'><strong>Fortunatus</strong></span> <span class='ocrx_word' id='word_1_763' title='bbox 3322 4182 3418 4236; x_wconf 88' lang='lat' dir='ltr'><strong>lib.</strong></span> 
     </span>
    </p>
   </div>
   <div class='ocr_carea' id='block_1_101' title="bbox 1848 4252 2207 4317">
    <p class='ocr_par' dir='ltr' id='par_1_101' title="bbox 1848 4252 2207 4317">
     <span class='ocr_line' id='line_1_102' title="bbox 1848 4252 2207 4317; baseline -0.008 -10"><span class='ocrx_word' id='word_1_764' title='bbox 1848 4269 1929 4317; x_wconf 67' lang='grc' dir='ltr'><strong>ιχ,</strong></span> <span class='ocrx_word' id='word_1_765' title='bbox 1962 4269 2126 4307; x_wconf 89' lang='lat' dir='ltr'><strong>carm.</strong></span> <span class='ocrx_word' id='word_1_766' title='bbox 2157 4252 2207 4304; x_wconf 88' lang='lat' dir='ltr'><strong>I.</strong></span> 
     </span>
    </p>
   </div>
   <div class='ocr_carea' id='block_1_102' title="bbox 1923 4320 2858 4384">
    <p class='ocr_par' dir='ltr' id='par_1_102' title="bbox 1923 4320 2858 4384">
     <span class='ocr_line' id='line_1_103' title="bbox 1923 4320 2858 4384; baseline -0.003 -6"><span class='ocrx_word' id='word_1_767' title='bbox 1923 4322 1938 4360; x_wconf 77' lang='grc' dir='ltr'><strong>ί</strong></span> <span class='ocrx_word' id='word_1_768' title='bbox 1983 4323 2145 4378; x_wconf 78' lang='lat' dir='ltr'><strong>Corb.</strong></span> <span class='ocrx_word' id='word_1_769' title='bbox 2178 4331 2230 4374; x_wconf 83' lang='lat' dir='ltr'><strong>et</strong></span> <span class='ocrx_word' id='word_1_770' title='bbox 2258 4322 2407 4377; x_wconf 87' lang='lat' dir='ltr'><strong>Colb.</strong></span> <span class='ocrx_word' id='word_1_771' title='bbox 2442 4336 2559 4374; x_wconf 84' lang='lat' dir='ltr'><strong>cum</strong></span> <span class='ocrx_word' id='word_1_772' title='bbox 2589 4320 2743 4384; x_wconf 82' lang='lat' dir='ltr'><strong>Bad.,</strong></span> <span class='ocrx_word' id='word_1_773' title='bbox 2767 4320 2858 4375; x_wconf 71' lang='grc'><strong>28.</strong></span> 
     </span>
    </p>
   </div>
   <div class='ocr_carea' id='block_1_103' title="bbox 1921 4391 2652 4454">
    <p class='ocr_par' dir='ltr' id='par_1_103' title="bbox 1921 4391 2652 4454">
     <span class='ocr_line' id='line_1_104' title="bbox 1921 4391 2652 4454; baseline 0.003 -12"><span class='ocrx_word' id='word_1_774' title='bbox 1921 4396 1935 4442; x_wconf 85' lang='lat' dir='ltr'><strong>l</strong></span> <span class='ocrx_word' id='word_1_775' title='bbox 1985 4393 2163 4454; x_wconf 82' lang='lat' dir='ltr'><strong>Colb.,</strong></span> <span class='ocrx_word' id='word_1_776' title='bbox 2192 4391 2317 4444; x_wconf 68' lang='grc'><strong>452.</strong></span> <span class='ocrx_word' id='word_1_777' title='bbox 2353 4392 2496 4454; x_wconf 80' lang='lat' dir='ltr'><strong>Bec.,</strong></span> <span class='ocrx_word' id='word_1_778' title='bbox 2529 4391 2652 4444; x_wconf 65' lang='lat'><strong>4-52.</strong></span> 
     </span>
    </p>
   </div>
   <div class='ocr_carea' id='block_1_104' title="bbox 1920 4458 3421 4526">
    <p class='ocr_par' dir='ltr' id='par_1_104' title="bbox 1920 4458 3421 4526">
     <span class='ocr_line' id='line_1_105' title="bbox 1920 4458 3421 4526; baseline -0.003 -10"><span class='ocrx_word' id='word_1_779' title='bbox 1920 4462 1945 4499; x_wconf 66' lang='grc' dir='ltr'><em>κ</em></span> <span class='ocrx_word' id='word_1_780' title='bbox 1984 4463 2073 4516; x_wconf 78' lang='lat' dir='ltr'><strong>Sit:</strong></span> <span class='ocrx_word' id='word_1_781' title='bbox 2099 4462 2228 4515; x_wconf 82' lang='lat' dir='ltr'><strong>Cod.</strong></span> <span class='ocrx_word' id='word_1_782' title='bbox 2258 4462 2386 4514; x_wconf 82' lang='lat' dir='ltr'><strong>Bell.</strong></span> <span class='ocrx_word' id='word_1_783' title='bbox 2420 4471 2469 4514; x_wconf 86' lang='lat' dir='ltr'><strong>et</strong></span> <span class='ocrx_word' id='word_1_784' title='bbox 2494 4461 2678 4526; x_wconf 86' lang='lat' dir='ltr'><strong>Corb.,</strong></span> <span class='ocrx_word' id='word_1_785' title='bbox 2702 4476 2857 4525; x_wconf 84' lang='lat' dir='ltr'><strong>quem</strong></span> <span class='ocrx_word' id='word_1_786' title='bbox 2888 4474 3163 4513; x_wconf 90' lang='lat' dir='ltr'><strong>numerum</strong></span> <span class='ocrx_word' id='word_1_787' title='bbox 3195 4458 3264 4511; x_wconf 88' lang='lat' dir='ltr'><strong>ita</strong></span> <span class='ocrx_word' id='word_1_788' title='bbox 3284 4459 3421 4512; x_wconf 85' lang='lat' dir='ltr'><strong>scri-</strong></span> 
     </span>
    </p>
   </div>
   <div class='ocr_carea' id='block_1_105' title="bbox 1850 4528 3420 4596">
    <p class='ocr_par' dir='ltr' id='par_1_105' title="bbox 1850 4528 3420 4596">
     <span class='ocr_line' id='line_1_106' title="bbox 1850 4528 3420 4596; baseline -0.001 -11"><span class='ocrx_word' id='word_1_789' title='bbox 1850 4533 1979 4585; x_wconf 88' lang='lat' dir='ltr'><strong>bunt</strong></span> <span class='ocrx_word' id='word_1_790' title='bbox 2005 4548 2227 4586; x_wconf 64' lang='lat' dir='ltr'><strong>cccexe.</strong></span> <span class='ocrx_word' id='word_1_791' title='bbox 2264 4532 2613 4596; x_wconf 47' lang='lat' dir='ltr'><strong>llivgtn.,Bec.</strong></span> <span class='ocrx_word' id='word_1_792' title='bbox 2644 4540 2697 4584; x_wconf 90' lang='lat' dir='ltr'><strong>et</strong></span> <span class='ocrx_word' id='word_1_793' title='bbox 2730 4531 2858 4585; x_wconf 85' lang='lat' dir='ltr'><strong>Bad.</strong></span> <span class='ocrx_word' id='word_1_794' title='bbox 2890 4532 3086 4585; x_wconf 86' lang='lat' dir='ltr'><strong>habent</strong></span> <span class='ocrx_word' id='word_1_795' title='bbox 3117 4528 3243 4583; x_wconf 73' lang='grc'><strong>540.</strong></span> <span class='ocrx_word' id='word_1_796' title='bbox 3266 4529 3420 4584; x_wconf 85' lang='lat' dir='ltr'><strong>Colb.</strong></span> 
     </span>
    </p>
   </div>
   <div class='ocr_carea' id='block_1_106' title="bbox 1848 4600 2765 4665">
    <p class='ocr_par' dir='ltr' id='par_1_106' title="bbox 1848 4600 2765 4665">
     <span class='ocr_line' id='line_1_107' title="bbox 1848 4600 2765 4665; baseline -0.003 -9"><span class='ocrx_word' id='word_1_797' title='bbox 1848 4610 1902 4656; x_wconf 86' lang='lat' dir='ltr'><strong>et</strong></span> <span class='ocrx_word' id='word_1_798' title='bbox 1927 4603 2149 4665; x_wconf 81' lang='lat' dir='ltr'><strong>Cbt:stt.,</strong></span> <span class='ocrx_word' id='word_1_799' title='bbox 2178 4600 2300 4655; x_wconf 77' lang='grc'><strong>561.</strong></span> <span class='ocrx_word' id='word_1_800' title='bbox 2334 4601 2435 4655; x_wconf 83' lang='lat' dir='ltr'><strong>Alii</strong></span> <span class='ocrx_word' id='word_1_801' title='bbox 2463 4602 2615 4662; x_wconf 84' lang='lat' dir='ltr'><strong>editi,</strong></span> <span class='ocrx_word' id='word_1_802' title='bbox 2640 4600 2765 4654; x_wconf 79' lang='grc'><strong>560.</strong></span> 
     </span>
    </p>
   </div>
   <div class='ocr_carea' id='block_1_107' title="bbox 1929 4669 3424 4737">
    <p class='ocr_par' dir='ltr' id='par_1_107' title="bbox 1929 4669 3424 4737">
     <span class='ocr_line' id='line_1_108' title="bbox 1929 4669 3424 4737; baseline 0 -14"><span class='ocrx_word' id='word_1_803' title='bbox 1929 4670 1942 4708; x_wconf 83' lang='grc' dir='ltr'><strong>ι</strong></span> <span class='ocrx_word' id='word_1_804' title='bbox 1986 4670 2159 4734; x_wconf 85' lang='lat' dir='ltr'><strong>Colb.,</strong></span> <span class='ocrx_word' id='word_1_805' title='bbox 2190 4670 2386 4724; x_wconf 88' lang='lat' dir='ltr'><strong>Chesn.</strong></span> <span class='ocrx_word' id='word_1_806' title='bbox 2420 4680 2473 4726; x_wconf 88' lang='lat' dir='ltr'><strong>et</strong></span> <span class='ocrx_word' id='word_1_807' title='bbox 2504 4672 2665 4737; x_wconf 85' lang='lat' dir='ltr'><strong>Bad.,</strong></span> <span class='ocrx_word' id='word_1_808' title='bbox 2691 4669 2815 4725; x_wconf 70' lang='lat'><strong>648.</strong></span> <span class='ocrx_word' id='word_1_809' title='bbox 2845 4671 3030 4726; x_wconf 86' lang='lat' dir='ltr'><strong>Nullus</strong></span> <span class='ocrx_word' id='word_1_810' title='bbox 3058 4678 3142 4724; x_wconf 87' lang='lat' dir='ltr'><strong>est</strong></span> <span class='ocrx_word' id='word_1_811' title='bbox 3170 4684 3424 4723; x_wconf 90' lang='lat' dir='ltr'><strong>numerus</strong></span> 
     </span>
    </p>
   </div>
   <div class='ocr_carea' id='block_1_108' title="bbox 1851 4741 2272 4807">
    <p class='ocr_par' dir='ltr' id='par_1_108' title="bbox 1851 4741 2272 4807">
     <span class='ocr_line' id='line_1_109' title="bbox 1851 4741 2272 4807; baseline 0 -13"><span class='ocrx_word' id='word_1_812' title='bbox 1851 4741 1905 4794; x_wconf 90' lang='lat' dir='ltr'><strong>in</strong></span> <span class='ocrx_word' id='word_1_813' title='bbox 1935 4742 2052 4794; x_wconf 87' lang='lat' dir='ltr'><strong>cod.</strong></span> <span class='ocrx_word' id='word_1_814' title='bbox 2089 4742 2272 4807; x_wconf 71' lang='lat' dir='ltr'><strong>ltegm.</strong></span> 
     </span>
    </p>
   </div>
   <div class='ocr_carea' id='block_1_109' title="bbox 1923 4810 3349 4882">
    <p class='ocr_par' dir='ltr' id='par_1_109' title="bbox 1923 4810 3349 4882">
     <span class='ocr_line' id='line_1_110' title="bbox 1923 4810 3349 4882; baseline 0.018 -22"><span class='ocrx_word' id='word_1_815' title='bbox 1923 4821 1961 4847; x_wconf 77' lang='grc' dir='ltr'><strong>ιιι</strong></span> <span class='ocrx_word' id='word_1_816' title='bbox 2000 4810 2452 4882; x_wconf 48' lang='grc' dir='ltr'>ουιιωοιιιηδι.</span> <span class='ocrx_word' id='word_1_817' title='bbox 2501 4880 2509 4882; x_wconf 15' lang='grc' dir='ltr'><em>Α</em></span> <span class='ocrx_word' id='word_1_818' title='bbox 3242 4876 3251 4882; x_wconf 96' lang='grc'><strong>.</strong></span> <span class='ocrx_word' id='word_1_819' title='bbox 3339 4872 3349 4882; x_wconf 95' lang='grc'><strong>.</strong></span> 
     </span>
    </p>
   </div>
   <div class='ocr_carea' id='block_1_110' title="bbox 1920 4876 3423 4947">
    <p class='ocr_par' dir='ltr' id='par_1_110' title="bbox 1920 4876 3423 4947">
     <span class='ocr_line' id='line_1_111' title="bbox 1920 4876 3423 4947; baseline -0.007 -13"><span class='ocrx_word' id='word_1_820' title='bbox 1920 4888 1947 4915; x_wconf 73' lang='grc' dir='ltr'><strong>ιι</strong></span> <span class='ocrx_word' id='word_1_821' title='bbox 1988 4882 2072 4933; x_wconf 86' lang='lat' dir='ltr'><strong>Sic</strong></span> <span class='ocrx_word' id='word_1_822' title='bbox 2103 4896 2230 4932; x_wconf 86' lang='lat' dir='ltr'><strong>mss.</strong></span> <span class='ocrx_word' id='word_1_823' title='bbox 2262 4896 2381 4933; x_wconf 90' lang='lat' dir='ltr'><strong>cum</strong></span> <span class='ocrx_word' id='word_1_824' title='bbox 2411 4880 2560 4945; x_wconf 87' lang='lat' dir='ltr'><strong>Bad.,</strong></span> <span class='ocrx_word' id='word_1_825' title='bbox 2594 4881 2681 4947; x_wconf 91' lang='lat' dir='ltr'><strong>qui</strong></span> <span class='ocrx_word' id='word_1_826' title='bbox 2722 4889 3002 4945; x_wconf 85' lang='lat' dir='ltr'><strong>computus</strong></span> <span class='ocrx_word' id='word_1_827' title='bbox 3035 4876 3280 4941; x_wconf 84' lang='lat' dir='ltr'><strong>congruit</strong></span> <span class='ocrx_word' id='word_1_828' title='bbox 3308 4876 3423 4947; x_wconf 82' lang='lat' dir='ltr'><strong>sin-</strong></span> 
     </span>
    </p>
   </div>
   <div class='ocr_carea' id='block_1_111' title="bbox 1852 4944 3427 5017">
    <p class='ocr_par' dir='ltr' id='par_1_111' title="bbox 1852 4944 3427 5017">
     <span class='ocr_line' id='line_1_112' title="bbox 1852 4944 3427 5017; baseline -0.004 -16"><span class='ocrx_word' id='word_1_829' title='bbox 1852 4951 1987 5017; x_wconf 86' lang='lat' dir='ltr'><strong>gulis</strong></span> <span class='ocrx_word' id='word_1_830' title='bbox 2016 4949 2333 5011; x_wconf 61' lang='lat' dir='ltr'><strong>ilrIiCtlliSJIl</strong></span> <span class='ocrx_word' id='word_1_831' title='bbox 2365 4944 2625 5003; x_wconf 79' lang='lat' dir='ltr'><strong>habentur</strong></span> <span class='ocrx_word' id='word_1_832' title='bbox 2656 4951 2705 5002; x_wconf 91' lang='lat' dir='ltr'><strong>itt</strong></span> <span class='ocrx_word' id='word_1_833' title='bbox 2733 4944 2913 5003; x_wconf 76' lang='lat' dir='ltr'><strong>nastro</strong></span> <span class='ocrx_word' id='word_1_834' title='bbox 2930 4958 3097 5002; x_wconf 81' lang='lat' dir='ltr'><strong>textu.</strong></span> <span class='ocrx_word' id='word_1_835' title='bbox 3129 4944 3319 4998; x_wconf 75' lang='lat' dir='ltr'><strong>Caneri</strong></span> <span class='ocrx_word' id='word_1_836' title='bbox 3344 4952 3427 4994; x_wconf 45' lang='lat' dir='ltr'><strong>tas</strong></span> 
     </span>
    </p>
   </div>
   <div class='ocr_carea' id='block_1_112' title="bbox 1855 5020 2975 5087">
    <p class='ocr_par' dir='ltr' id='par_1_112' title="bbox 1855 5020 2975 5087">
     <span class='ocr_line' id='line_1_113' title="bbox 1855 5020 2975 5087; baseline 0 -16"><span class='ocrx_word' id='word_1_837' title='bbox 1855 5035 1974 5073; x_wconf 91' lang='lat' dir='ltr'><strong>men</strong></span> <span class='ocrx_word' id='word_1_838' title='bbox 2002 5020 2127 5071; x_wconf 82' lang='lat' dir='ltr'><strong>editi</strong></span> <span class='ocrx_word' id='word_1_839' title='bbox 2161 5020 2352 5072; x_wconf 87' lang='lat' dir='ltr'><strong>habent</strong></span> <span class='ocrx_word' id='word_1_840' title='bbox 2374 5020 2717 5087; x_wconf 77' lang='lat' dir='ltr'><strong>quadraginta</strong></span> <span class='ocrx_word' id='word_1_841' title='bbox 2739 5030 2975 5086; x_wconf 84' lang='lat' dir='ltr'><strong>quatuor.</strong></span> 
     </span>
    </p>
   </div>
   <div class='ocr_carea' id='block_1_113' title="bbox 220 5148 3423 5186">
    <p class='ocr_par' dir='ltr' id='par_1_113' title="bbox 220 5148 3423 5186">
     <span class='ocr_line' id='line_1_114' title="bbox 220 5148 3423 5186; baseline 0 -5"><span class='ocrx_word' id='word_1_842' title='bbox 220 5148 3423 5186; x_wconf 39' lang='grc' dir='ltr'><em>Μ</em></span> 
     </span>
    </p>
   </div>
   <div class='ocr_carea' id='block_1_114' title="bbox 532 5259 3077 5366">
    <p class='ocr_par' dir='ltr' id='par_1_114' title="bbox 532 5259 3077 5366">
     <span class='ocr_line' id='line_1_115' title="bbox 532 5259 3077 5366; baseline -0.007 -13"><span class='ocrx_word' id='word_1_843' title='bbox 532 5279 879 5353; x_wconf 83' lang='lat'><strong>197-198</strong></span> <span class='ocrx_word' id='word_1_844' title='bbox 924 5267 1529 5349; x_wconf 82' lang='lat' dir='ltr'><strong>INCIPIUNT</strong></span> <span class='ocrx_word' id='word_1_845' title='bbox 1580 5263 2166 5347; x_wconf 82' lang='lat' dir='ltr'><strong>CAPITULA</strong></span> <span class='ocrx_word' id='word_1_846' title='bbox 2228 5264 2533 5345; x_wconf 80' lang='lat' dir='ltr'><strong>LIBRI</strong></span> <span class='ocrx_word' id='word_1_847' title='bbox 2610 5259 3077 5366; x_wconf 85' lang='lat' dir='ltr'><strong>QUINTI.</strong></span> 
     </span>
    </p>
   </div>
   <div class='ocr_carea' id='block_1_115' title="bbox 212 5399 1621 5476">
    <p class='ocr_par' dir='ltr' id='par_1_115' title="bbox 212 5399 1621 5476">
     <span class='ocr_line' id='line_1_116' title="bbox 212 5399 1621 5476; baseline -0.002 -21"><span class='ocrx_word' id='word_1_848' title='bbox 284 5403 347 5457; x_wconf 85' lang='lat' dir='ltr'><strong>De</strong></span> <span class='ocrx_word' id='word_1_849' title='bbox 373 5405 674 5476; x_wconf 74' lang='lat' dir='ltr'><strong>Childebmi</strong></span> <span class='ocrx_word' id='word_1_850' title='bbox 688 5405 918 5476; x_wconf 84' lang='lat' dir='ltr'><strong>junio_ris</strong></span> <span class='ocrx_word' id='word_1_851' title='bbox 944 5418 1128 5476; x_wconf 60' lang='lat' dir='ltr'><strong>regno.</strong></span> <span class='ocrx_word' id='word_1_852' title='bbox 1146 5414 1189 5454; x_wconf 83' lang='lat' dir='ltr'><strong>et</strong></span> <span class='ocrx_word' id='word_1_853' title='bbox 1218 5405 1279 5455; x_wconf 82' lang='lat' dir='ltr'><strong>de</strong></span> <span class='ocrx_word' id='word_1_854' title='bbox 1308 5412 1467 5476; x_wconf 56' lang='lat' dir='ltr'><strong>matre</strong></span> <span class='ocrx_word' id='word_1_855' title='bbox 1491 5404 1621 5470; x_wconf 78' lang='lat' dir='ltr'><strong>ejus.</strong></span> 
     </span>
    </p>
   </div>
   <div class='ocr_carea' id='block_1_116' title="bbox 213 5469 1680 5538">
    <p class='ocr_par' dir='ltr' id='par_1_116' title="bbox 213 5469 1680 5538">
     <span class='ocr_line' id='line_1_117' title="bbox 213 5469 1680 5538; baseline -0.001 -15"><span class='ocrx_word' id='word_1_856' title='bbox 213 5469 283 5523; x_wconf 79' lang='lat' dir='ltr'><strong>II.</strong></span> <span class='ocrx_word' id='word_1_857' title='bbox 314 5476 450 5538; x_wconf 80' lang='lat' dir='ltr'><strong>Quod</strong></span> <span class='ocrx_word' id='word_1_858' title='bbox 474 5469 800 5530; x_wconf 64' lang='lat' dir='ltr'><strong>Mei&#39;oveei‘ms</strong></span> <span class='ocrx_word' id='word_1_859' title='bbox 828 5469 1141 5525; x_wconf 65' lang='lat' dir='ltr'><strong>Brttnicltildi</strong></span> <span class='ocrx_word' id='word_1_860' title='bbox 1160 5490 1205 5522; x_wconf 87' lang='grc' dir='ltr'><strong>ιιι</strong></span> <span class='ocrx_word' id='word_1_861' title='bbox 1234 5472 1422 5534; x_wconf 68' lang='lat' dir='ltr'><strong>arce/iit</strong></span> <span class='ocrx_word' id='word_1_862' title='bbox 1452 5487 1680 5522; x_wconf 64' lang='lat' dir='ltr'><strong>tutorem.</strong></span> 
     </span>
    </p>
   </div>
   <div class='ocr_carea' id='block_1_117' title="bbox 217 5539 1751 5610">
    <p class='ocr_par' dir='ltr' id='par_1_117' title="bbox 217 5539 1751 5610">
     <span class='ocr_line' id='line_1_118' title="bbox 217 5539 1751 5610; baseline -0.001 -19"><span class='ocrx_word' id='word_1_863' title='bbox 217 5539 237 5610; x_wconf 59' lang='grc' dir='ltr'>ζ</span> <span class='ocrx_word' id='word_1_864' title='bbox 275 5540 296 5591; x_wconf 98' lang='grc'><strong><em>1</em></strong></span> <span class='ocrx_word' id='word_1_865' title='bbox 306 5583 315 5593; x_wconf 96' lang='grc'><strong>.</strong></span> <span class='ocrx_word' id='word_1_866' title='bbox 330 5543 517 5597; x_wconf 75' lang='lat' dir='ltr'><strong>Bellum</strong></span> <span class='ocrx_word' id='word_1_867' title='bbox 531 5558 705 5599; x_wconf 86' lang='lat' dir='ltr'><strong>contra</strong></span> <span class='ocrx_word' id='word_1_868' title='bbox 725 5544 1066 5601; x_wconf 75' lang='lat' dir='ltr'><strong>Chilpericum</strong></span> <span class='ocrx_word' id='word_1_869' title='bbox 1077 5584 1089 5603; x_wconf 82' lang='lat'><strong>,</strong></span> <span class='ocrx_word' id='word_1_870' title='bbox 1104 5551 1147 5592; x_wconf 81' lang='lat' dir='ltr'><strong>et</strong></span> <span class='ocrx_word' id='word_1_871' title='bbox 1162 5544 1222 5593; x_wconf 82' lang='lat' dir='ltr'><strong>de</strong></span> <span class='ocrx_word' id='word_1_872' title='bbox 1236 5542 1431 5594; x_wconf 78' lang='lat' dir='ltr'><strong>malitia</strong></span> <span class='ocrx_word' id='word_1_873' title='bbox 1449 5540 1751 5610; x_wconf 64' lang='lat' dir='ltr'><strong>lianc/tingi.</strong></span> 
     </span>
    </p>
   </div>
   <div class='ocr_carea' id='block_1_118' title="bbox 219 5606 1226 5682">
    <p class='ocr_par' dir='ltr' id='par_1_118' title="bbox 219 5606 1226 5682">
     <span class='ocr_line' id='line_1_119' title="bbox 219 5606 1226 5682; baseline 0.001 -17"><span class='ocrx_word' id='word_1_874' title='bbox 219 5606 307 5666; x_wconf 70' lang='grc' dir='ltr'><strong>ιγ.</strong></span> <span class='ocrx_word' id='word_1_875' title='bbox 334 5616 474 5682; x_wconf 77' lang='lat' dir='ltr'><strong>Quod</strong></span> <span class='ocrx_word' id='word_1_876' title='bbox 499 5615 807 5671; x_wconf 61' lang='lat' dir='ltr'><strong>“accolam:</strong></span> <span class='ocrx_word' id='word_1_877' title='bbox 834 5612 1052 5665; x_wconf 67' lang='lat' dir='ltr'><strong>Turonis</strong></span> <span class='ocrx_word' id='word_1_878' title='bbox 1081 5613 1226 5666; x_wconf 65' lang='lat' dir='ltr'><strong>venit.</strong></span> 
     </span>
    </p>
   </div>
   <div class='ocr_carea' id='block_1_119' title="bbox 1872 5391 3061 5464">
    <p class='ocr_par' dir='ltr' id='par_1_119' title="bbox 1872 5391 3061 5464">
     <span class='ocr_line' id='line_1_120' title="bbox 1872 5391 3061 5464; baseline -0.003 -16"><span class='ocrx_word' id='word_1_879' title='bbox 1872 5397 1929 5449; x_wconf 84' lang='lat' dir='ltr'><strong>V.</strong></span> <span class='ocrx_word' id='word_1_880' title='bbox 1963 5398 2034 5449; x_wconf 88' lang='lat' dir='ltr'><strong>De</strong></span> <span class='ocrx_word' id='word_1_881' title='bbox 2062 5399 2306 5464; x_wconf 74' lang='lat' dir='ltr'><strong>episcopis</strong></span> <span class='ocrx_word' id='word_1_882' title='bbox 2337 5392 2648 5461; x_wconf 73' lang='lat' dir='ltr'><strong>Lingonicis,</strong></span> <span class='ocrx_word' id='word_1_883' title='bbox 2678 5402 2725 5444; x_wconf 78' lang='lat' dir='ltr'><strong>et</strong></span> <span class='ocrx_word' id='word_1_884' title='bbox 2751 5391 3061 5464; x_wconf 50' lang='lat' dir='ltr'><strong>A’amnetico.</strong></span> 
     </span>
    </p>
   </div>
   <div class='ocr_carea' id='block_1_120' title="bbox 1870 5461 2999 5530">
    <p class='ocr_par' dir='ltr' id='par_1_120' title="bbox 1870 5461 2999 5530">
     <span class='ocr_line' id='line_1_121' title="bbox 1870 5461 2999 5530; baseline -0.003 -14"><span class='ocrx_word' id='word_1_885' title='bbox 1870 5466 1942 5516; x_wconf 78' lang='lat' dir='ltr'><strong>VI</strong></span> <span class='ocrx_word' id='word_1_886' title='bbox 1954 5507 1967 5520; x_wconf 93' lang='lat'><strong>.</strong></span> <span class='ocrx_word' id='word_1_887' title='bbox 2000 5466 2071 5519; x_wconf 85' lang='lat' dir='ltr'><strong>De</strong></span> <span class='ocrx_word' id='word_1_888' title='bbox 2093 5461 2345 5519; x_wconf 68' lang='lat' dir='ltr'><strong>Leonnate</strong></span> <span class='ocrx_word' id='word_1_889' title='bbox 2365 5463 2723 5516; x_wconf 80' lang='lat' dir='ltr'><strong>orchidiucouo</strong></span> <span class='ocrx_word' id='word_1_890' title='bbox 2754 5461 2999 5530; x_wconf 81' lang='lat' dir='ltr'><strong>Biturigo.</strong></span> 
     </span>
    </p>
   </div>
   <div class='ocr_carea' id='block_1_121' title="bbox 1870 5535 2611 5591">
    <p class='ocr_par' dir='ltr' id='par_1_121' title="bbox 1870 5535 2611 5591">
     <span class='ocr_line' id='line_1_122' title="bbox 1870 5535 2611 5591; baseline -0.005 -4"><span class='ocrx_word' id='word_1_891' title='bbox 1870 5535 1999 5587; x_wconf 76' lang='lat' dir='ltr'><strong>VII.</strong></span> <span class='ocrx_word' id='word_1_892' title='bbox 2038 5538 2109 5589; x_wconf 78' lang='lat' dir='ltr'><strong>De</strong></span> <span class='ocrx_word' id='word_1_893' title='bbox 2140 5538 2341 5591; x_wconf 73' lang='lat' dir='ltr'><strong>Senoch</strong></span> <span class='ocrx_word' id='word_1_894' title='bbox 2364 5536 2611 5585; x_wconf 80' lang='lat' dir='ltr'><strong>rec/auso.</strong></span> 
     </span>
    </p>
   </div>
   <div class='ocr_carea' id='block_1_122' title="bbox 1872 5600 3255 5674">
    <p class='ocr_par' dir='ltr' id='par_1_122' title="bbox 1872 5600 3255 5674">
     <span class='ocr_line' id='line_1_123' title="bbox 1872 5600 3255 5674; baseline -0.004 -16"><span class='ocrx_word' id='word_1_895' title='bbox 1872 5604 2034 5661; x_wconf 81' lang='lat' dir='ltr'><strong>l’lll.</strong></span> <span class='ocrx_word' id='word_1_896' title='bbox 2068 5607 2141 5661; x_wconf 72' lang='lat' dir='ltr'><strong>De</strong></span> <span class='ocrx_word' id='word_1_897' title='bbox 2170 5618 2344 5663; x_wconf 72' lang='lat' dir='ltr'><strong>sancto</strong></span> <span class='ocrx_word' id='word_1_898' title='bbox 2371 5603 2623 5660; x_wconf 76' lang='lat' dir='ltr'><strong>Germano</strong></span> <span class='ocrx_word' id='word_1_899' title='bbox 2654 5600 2969 5658; x_wconf 70' lang='lat' dir='ltr'><strong>Parisiorum</strong></span> <span class='ocrx_word' id='word_1_900' title='bbox 2995 5602 3255 5674; x_wconf 70' lang='lat' dir='ltr'><strong>episwpo.</strong></span> 
     </span>
    </p>
   </div>
  </div>
