3994 6194
144 274 227 325 3n
1032 271 1352 328 illS‘l‘URl-A
1395 267 1845 325 FllANCOttUll.
1889 273 2095 329 LIBER
2134 275 2448 344 QUINTUS.

3245 282 3346 339 5ῑὲ

144 385 575 452 ltnthnniageusem
605 384 878 437 civitatem
909 383 960 437 in
987 382 1233 436 exsilium
1265 382 1438 443 trusit,
1464 382 1676 434 thes-'u-
1704 383 1749 440 Α
1777 391 1976 450 autem,
2003 385 2091 456 qui
2122 402 2152 440 a
2181 398 2324 442 sorte
2351 388 2599 456 Sigiberti
2627 388 2767 445 sead
2790 389 3140 458 Chilpericnm
3170 399 3348 459 trans-

144 491 305 544 rosque
328 474 436 541 ejus
464 489 600 541 quos
650 474 881 528 Parisios
909 474 1195 536 detulerat,
1242 470 1461 525 abstulit
1491 488 1505 525 :
1539 471 1673 523 tilias

144 587 248 625 vero
270 571 369 637 ejus
397 567 585 622 Meldis
610 578 635 603 ⁸
668 568 799 622 urbe
831 566 1000 621 teneri
1033 565 1308 635 praecepit.
1339 565 1489 618 Tunc
1539 564 1675 617 Roc-

144 661 325 715 rolenus
350 658 373 696 δ
403 674 523 712 cum
554 657 966 711 Cenomanuicis
993 657 1221 710 Turonis
1252 656 1415 721 venit,
1444 664 1497 709 et
1541 669 1679 722 pra:-

143 750 219 800 das
240 748 356 815 egit,
384 759 435 801 et
477 747 643 799 multa
691 746 895 800 scelera
942 744 1067 799 fecit
1098 761 1110 797 :
1143 744 1282 813 quod
1336 744 1387 798 in
1434 744 1674 812 sequenti

145 837 329 905 qualiter
354 851 383 889 a
409 839 605 890 virtute
634 835 772 889 beati
801 834 1006 888 Martini
1043 849 1139 902 pro
1168 835 1328 888 tantis
1360 834 1513 887 malis
1557 849 1675 903 quas

142 927 293 995 gessit,
322 941 594 991 percussus
647 926 866 991 interiit,
894 925 1306 978 memorabimus
1341 935 1389 977 ε.

199 1017 253 1071 ll.
276 1017 399 1082 titul;
419 1017 597 1069 ericus
626 1031 752 1070 vero
780 1017 945 1070 lilium
972 1031 1127 1069 suum
1157 1014 1530 1069 Meroveclmm
1554 1028 1674 1068 curn

142 1117 345 1161 exercitu
373 1107 602 1161 Pictavis
632 1106 831 1176 dirigit.
863 1109 932 1161 At
971 1106 1060 1161 ille
1106 1107 1287 1161 relicta
1335 1107 1676 1161 ordinatione

142 1199 300 1266 patris,
329 1198 550 1252 Turonis
578 1198 743 1263 venit,
776 1198 957 1267 ibique
996 1207 1049 1252 et
1078 1197 1191 1252 dies
1217 1204 1429 1252 sanctos
1458 1196 1677 1251 Pasclne

144 1291 303 1344 tenuit.
334 1290 543 1346 Multum
573 1292 720 1346 enim
750 1292 1021 1360 regionem
1052 1289 1199 1343 illam
1247 1289 1513 1344 exercitus
1558 1289 1677 1359 ejus

143 1383 352 1435 vastavit.
374 1381 487 1449 Ipse
511 1396 640 1436 vero
659 1382 918 1435 simulans
937 1380 1001 1435 ad
1014 1390 1241 1434 matrem
1256 1396 1406 1435 suam
1421 1380 1499 1435 ire
1516 1382 1675 1446 velle,

145 1471 487 1541 llotltontagum
523 1474 697 1541 petiit,
729 1482 783 1529 et
828 1472 898 1526 ibi
930 1471 1262 1526 Brunicltildi
1305 1471 1502 1539 reginae
1544 1488 1678 1525 cutt-

143 1566 339 1631 jungitur
359 1606 374 1629 ,
403 1580 625 1634 eamque
654 1563 754 1620 sibi
804 1566 857 1619 in
888 1566 1229 1620 matrimonio
1275 1566 1518 1620 sociavit.
1555 1566 1679 1619 ll:rc

145 1655 273 1725 202
299 1656 508 1709 audiens
538 1653 871 1723 Cbilpericus
892 1696 905 1716 ,
938 1654 1080 1723 quod
1130 1655 1332 1710 scilicet
1380 1666 1561 1709 contra
1597 1655 1675 1708 l‘as

1777 476 2002 539 tulerat,
2032 486 2092 531 et
2118 479 2299 532 multis
2336 480 2405 533 ab
2433 495 2498 534 eo
2525 481 2834 535 muneribus
2863 481 3217 550 locupletatus
3239 496 3345 546 est,

1774 579 1931 633 caput
1964 568 2084 622 belli
2113 568 2265 624 istius
2296 571 2388 623 fuit
2414 586 2429 636 ;
2476 571 2570 626 sed
2602 573 2653 626 in
2682 586 2871 642 campo
2898 572 3086 637 victus,
3143 574 3344 640 primus

1776 658 1895 725 fuga
1913 658 2195 714 dilabitur:
2221 661 2375 714 villas
2404 676 2531 717 vero
2551 677 2681 731 quas
2704 662 2752 717 ei
2779 679 2870 718 rex
2893 678 2925 717 a
2945 664 3073 717 llsco
3101 664 3258 733 203
3290 664 3344 715 in

1777 747 2044 801 territorio
2071 747 2411 804 Suessionico
2440 751 2749 818 indulserat,
2772 752 3007 821 abstulit,
3036 761 3090 807 et
3111 752 3342 806 basilica:

1774 840 1997 891 contulit
2061 840 2201 894 beati
2251 841 2505 895 Medardi.
2541 842 2656 911 Ipse
2698 856 2909 912 quoque
2948 841 3187 896 Godinus
3233 856 3341 893 non

1776 938 1896 999 post
1945 932 2166 985 multum
2216 944 2422 993 tempus
2471 934 2747 1000 repe‘ntina
2800 942 2971 987 morte
3017 941 3341 1001 praeventus,

1776 1024 1996 1080 interiit.
2046 1026 2209 1095 Cujus
2235 1026 2514 1097 conjugem
2562 1025 2901 1095 Ranchingus
2937 1025 2953 1061 ί
2989 1022 3213 1092 accepit,
3266 1023 3350 1075 vir

1774 1114 1920 1168 Omni
1952 1116 2184 1170 vanitate
2212 1118 2469 1185 repletus,
2516 1117 2762 1186 superbia
2809 1115 3065 1179 tumidus,
3114 1112 3345 1168 elatione

1778 1214 2091 1274 protervus;
2118 1210 2206 1277 qui
2238 1222 2298 1262 se
2337 1208 2406 1262 ita
2436 1222 2555 1263 cum
2587 1206 2843 1276 subjectis
2886 1205 3099 1275 agebat,
3140 1212 3198 1259 ut
3238 1217 3343 1258 non

1776 1306 2125 1367 Cognoscere:
2170 1300 2220 1353 in
2274 1312 2333 1353 se
2361 1298 2558 1368 aliquid
2604 1295 2948 1352 humanitatis
2998 1294 3217 1360 habere,
3248 1292 3344 1347 sed

1778 1388 1913 1442 ultra
1965 1389 2179 1443 modqu
2228 1390 2478 1444 humanae
2525 1387 2739 1442 malitiae
2767 1394 2925 1454 atque
2969 1380 3251 1440 stultitiai
3291 1381 3346 1434 in

1778 1492 1904 1533 Suos
1932 1480 2259 1548 desaeviens,
2292 1479 2513 1534 nefanda
2543 1480 2679 1533 mala
2707 1477 2944 1547 gerebat.
2970 1474 3101 1528 Nam
3148 1472 3193 1525 si
3224 1478 3349 1524 ante

1779 1584 1923 1630 eum,
1951 1577 2007 1622 ut
2037 1569 2233 1623 assolet
2261 1566 2311 1636 ι,
2343 1569 2587 1623 convivio
2609 1576 2849 1621 urentem
2875 1579 3005 1633 puer
3023 1575 3234 1617 cereum
3263 1569 3347 1612 te-

1783 1660 2005 1722 nuisset,
2033 1658 2219 1712 nudari
2248 1658 2364 1727 ejus
2406 1658 2558 1713 tibias
2588 1655 2836 1720 faciebat,
2865 1661 3025 1722 atque
3071 1649 3248 1705 tandiu
3294 1647 3350 1701 in

146 1743 383 1812 legemque
402 1746 717 1798 canonicam
744 1759 964 1799 uxorem
989 1746 1161 1813 patrui
1183 1746 1497 1814 accepisset,
1524 1747 1676 1799 valde
1708 1733 1753 1791 Β
1781 1748 1861 1801 his
1889 1763 2099 1802 cereum
2131 1747 2428 1814 comprimi,
2455 1746 2627 1801 donec
2654 1744 2852 1799 lumine
2886 1742 3217 1811 privaretur;
3248 1738 3350 1790 ite-

145 1848 340 1898 amarus,
368 1834 510 1888 dicto
555 1835 713 1888 citius
743 1834 809 1888 ad
840 1849 998 1903 supra
1028 1845 1378 1889 memoratum
1423 1836 1673 1903 oppidqu

144 1925 305 1992 dirigil.
332 1929 394 1978 At
419 1926 493 1978 iiIi
518 1940 639 1979 cum
671 1925 782 1979 haec
822 1925 1220 1995 cognovissent,
1270 1925 1409 1993 quod
1458 1927 1673 1979 eosdem

146 2030 353 2080 separare
393 2017 735 2083 decerneret,
787 2016 852 2071 ad
903 2017 1174 2071 basilicam
1225 2018 1390 2070 sancti
1441 2017 1673 2083 Martini,

144 2120 234 2171 quae
252 2121 394 2174 super
414 2122 599 2160 muros
620 2106 848 2160 civitatis
869 2106 1061 2176 ligneis
1081 2108 1276 2161 tabulis
1295 2108 1546 2161 fabricata
1567 2118 1674 2173 est,

145 2194 398 2265 cotilugiurn
429 2196 652 2249 faciunt.
678 2194 789 2248 Rex
816 2210 945 2251 vero
967 2196 1279 2261 adveniens,
1308 2211 1428 2252 cum
1457 2197 1509 2251 in
1541 2197 1679 2250 mul-

146 2283 198 2336 tis
221 2283 414 2352 ingeniis
435 2299 534 2339 eos
555 2284 746 2339 exinde
765 2285 977 2340 auferre
1002 2287 1284 2353 niteretur,
1318 2294 1373 2341 et
1394 2286 1470 2340 illi
1492 2286 1678 2340 dolose

148 2388 240 2429 euut
265 2385 495 2444 putantes
524 2374 727 2440 facere,
763 2391 869 2430 non
896 2377 1199 2440 crederent,
1227 2376 1426 2444 juravit
1472 2376 1552 2433 eis
1597 2378 1678 2430 ui-

148 2480 274 2519 ssus:
297 2467 369 2535 Si,
397 2469 591 2538 inquit,
619 2468 862 2523 voluntas
893 2469 987 2524 Dei
1009 2469 1169 2524 fuerit
1190 2466 1238 2535 ἀ,
1272 2471 1386 2538 ipse
1410 2471 1507 2525 hos
1528 2485 1680 2539 sepa-

151 2571 239 2611 rare
264 2574 355 2611 non
382 2569 695 2613 conaretur.
723 2558 846 2612 llaec
866 2559 940 2613 illi
962 2568 1290 2614 sacramenta
1316 2560 1596 2615 audientes
1628 2574 1677 2626 ο,

150 2646 198 2698 de
223 2646 411 2700 basilica
440 2650 650 2717 egressi
679 2657 824 2713 sunt,
866 2648 1299 2718 exosculatisque
1324 2659 1379 2704 et
1403 2649 1681 2719 dignanter

150 2736 357 2802 acceptis,
388 2739 627 2806 epulavit
658 2753 777 2790 cum
806 2740 903 2791 eis.
939 2738 1061 2791 Post
1108 2740 1221 2793 dies
1277 2755 1406 2794 vero
1458 2756 1676 2809 paucos,

150 2825 378 2894 adsumpto
401 2843 588 2883 secum
614 2843 705 2882 rex
737 2828 1074 2898 Merovecho,
1095 2832 1415 2887 Suessionas
1449 2835 1467 2871 ί
1504 2835 1678 2889 rediit.

203 2916 273 2971 lll.
300 2920 420 2974 Cum
448 2929 636 2975 autem
692 2920 890 2976 ibidem
935 2933 1417 2989 commorareutur,
1470 2927 1680 2982 collecti

151 3009 271 3079 aliqui
294 3013 356 3067 de
380 3013 695 3082 Campania,
725 3013 1042 3069 Suesslonas
1070 3016 1254 3070 urbem
1283 3017 1681 3086 aggrediuntur,

1779 1857 1894 1894 rum
1917 1857 2036 1894 cum
2063 1840 2390 1894 illuminatus
2410 1840 2616 1907 fuisset,
2644 1837 2890 1891 similiter
2910 1834 3153 1899 faciebat,
3180 1845 3351 1900 usque

1776 1925 1903 1980 dum
1936 1934 2060 1979 tota:
2090 1925 2233 1978 tibiae
2263 1924 2447 1978 famuli
2491 1922 2723 1978 tenentis
2763 1926 3144 1976 exurerentur.
3196 1916 3347 1984 Quod

1778 2014 1823 2069 si
1853 2028 2036 2068 vocem
2062 2014 2339 2078 emittere,
2371 2022 2462 2068 aut
2488 2027 2549 2068 se
2578 2012 2645 2067 de
2682 2012 2799 2066 loco
2828 2010 2918 2065 illo
2959 2009 3061 2062 alia
3107 2008 3158 2060 in
3198 2014 3351 2076 parte

1779 2118 1994 2159 movere
2020 2112 2241 2158 conatus
2271 2102 2481 2167 luisset,
2510 2102 2682 2157 nudus
2709 2100 2851 2156 illico
2868 2097 3075 2168 gladius
3100 2096 3348 2150 immine-

1778 2195 1867 2250 bat
1892 2213 1907 2260 ;
1947 2196 2209 2264 tiebatque
2238 2204 2296 2249 ut
2326 2196 2427 2250 hoc
2456 2194 2615 2249 ﬂente
2633 2233 2651 2259 ,
2682 2193 2781 2248 iste
2810 2203 2997 2260 magna
3026 2186 3207 2243 laetitia
3248 2200 3344 2239 cx-

1777 2288 2019 2342 sultaret.
2052 2286 2277 2341 Aiebam
2302 2286 2447 2342 enim
2475 2286 2712 2355 quidam,
2740 2298 2807 2339 eo
2853 2294 3089 2351 tempore
3118 2279 3251 2335 duos
3279 2278 3349 2330 de

1778 2376 1990 2432 famulis
2015 2376 2153 2446 ejus,
2177 2384 2238 2430 ut
2264 2390 2407 2444 saepe
2434 2375 2712 2444 contingit,
2740 2382 2925 2428 mutuo
2952 2386 3011 2426 se
3060 2382 3242 2425 amore
3264 2366 3348 2421 di-

1782 2465 1996 2529 lexisse,
2026 2466 2197 2520 virum
2244 2466 2450 2522 scilicet
2474 2474 2530 2521 et
2559 2466 2811 2535 puellam.
2841 2464 3082 2531 Cumque
3111 2459 3227 2514 hac
3267 2458 3348 2512 di-

1782 2558 1937 2614 lecdo
1964 2574 2057 2627 per
2084 2559 2307 2613 duorum
2339 2574 2601 2614 annorum
2651 2567 2742 2611 aut
2795 2571 2861 2611 eo
2909 2552 3135 2623 amplius
3177 2549 3351 2621 spatia

1783 2647 2117 2713 traheretur,
2171 2647 2439 2717 conjuncti
2494 2647 2691 2717 pariter
2728 2644 3007 2700 ecclesiam
3058 2641 3348 2710 petierunt.

1782 2740 1931 2807 Quod
1953 2757 2072 2796 cum
2102 2740 2439 2809 llauchingus
2464 2737 2835 2807 comperisset,
2858 2734 3067 2789 accedit
3084 2732 3149 2785 ad
3172 2744 3348 2783 sacer-

1782 2834 1960 2888 dotem
1988 2832 2128 2899 loci;
2160 2841 2312 2902 rogat
2339 2832 2440 2886 sibi
2472 2831 2711 2900 protinus
2754 2827 2903 2883 reddi
2948 2840 3072 2880 suos
3121 2823 3351 2877 famulos

1783 2932 2087 2980 excusatos.
2135 2923 2283 2981 Tunc
2326 2922 2575 2977 sacerdos
2601 2921 2676 2974 ait
2711 2919 2778 2973 ad
2826 2932 2949 2973 eum
2983 2934 2996 2971 :
3030 2913 3176 2969 Nosti
3203 2915 3349 2968 enim

1786 3030 1904 3084 qua:
1924 3014 2193 3070 veneratio
2214 3014 2402 3070 debeat
2423 3010 2657 3082 impendi
2675 3009 2917 3065 ecclesiis
2938 3008 3053 3062 Dei.
3076 3006 3187 3060 Non
3207 3006 3353 3059 enim

151 3095 378 3171 fugataque
403 3118 464 3156 ex
494 3116 571 3157 ea
603 3101 951 3171 Fredegunde
1000 3105 1182 3175 regina
1207 3145 1224 3171 ,
1257 3119 1415 3175 atque
1454 3105 1681 3163 Chlodo-
1713 3096 1758 3158 C
1790 3106 1989 3176 poteris
2017 3120 2111 3160 eos
2136 3107 2410 3173 accipere.
2439 3104 2538 3158 nisi
2566 3111 2623 3157 ut
2666 3100 2825 3155 ﬁdem
2851 3099 3014 3154 facias
3043 3097 3109 3151 de
3139 3109 3348 3164 perma-

152 3192 280 3247 techo
298 3194 393 3249 tilio
412 3193 733 3262 Chilperici,
750 3195 1003 3249 volebant
1020 3197 1122 3250 sibi
1145 3197 1374 3253 subdere
1388 3199 1678 3255 civitatem.

152 3284 264 3347 Quod
289 3296 339 3341 ut
362 3287 705 3359 Chilpericus
746 3302 837 3343 rex
890 3291 1153 3358 comperit
1179 3299 1205 3337 6
1227 3333 1241 3355 ,
1276 3306 1396 3346 cum
1444 3294 1679 3348 exercitu

155 3378 245 3430 illuc
264 3378 458 3445 direxit,
508 3380 742 3434 mittens
778 3381 992 3435 nuntios
1022 3396 1089 3435 ne
1115 3382 1213 3435 sibi
1247 3382 1491 3452 injuriam
1537 3384 1680 3439 lace-

160 3476 275 3532 rent,
299 3478 347 3523 et
368 3470 638 3525 excidium
669 3468 737 3523 de
760 3478 981 3539 utroque
1024 3473 1264 3528 eveniret
1293 3474 1549 3529 exercitu.
1602 3475 1682 3529 llli

160 3567 293 3613 autem
344 3562 450 3616 hzec
503 3562 864 3631 negligentes,
921 3574 1283 3632 praeparantur
1333 3567 1396 3620 ad
1446 3567 1678 3623 bellum:

160 3650 486 3722 rornmissoque
515 3653 711 3722 pl-‘as'lio
741 3652 963 3707 invaluit
1008 3669 1131 3724 pars
1158 3654 1472 3725 Cbilperici,
1524 3670 1684 3727 atque

160 3737 312 3805 legavit
338 3755 526 3811 partem
552 3743 666 3799 sibi
697 3745 997 3811 adversam,
1029 3749 1223 3803 multos
1252 3762 1319 3803 ex
1346 3763 1407 3803 ea
1438 3758 1685 3806 strenuos

160 3838 281 3896 atque
316 3835 457 3890 utiles
506 3837 665 3891 viros
704 3844 1070 3903 prosternens,
1121 3838 1420 3908 tugatisque
1468 3841 1687 3906 reliquis

162 3918 423 3980 Suessiones
448 3927 778 3998 ingreditur.
808 3929 936 3994 Quae
967 3939 1242 4000 postquam
1270 3942 1387 3986 acta
1414 3942 1557 3997 sunt,
1592 3950 1683 3989 rex

163 4022 328 4077 Propter
352 4016 785 4087 conjngationem
831 4018 1217 4087 Brnnichildis,
1250 4031 1556 4091 suspectum
1588 4026 1683 4078 ha-

163 4098 257 4157 bere
280 4107 422 4174 etrapit
464 4106 849 4163 Merovecbum
906 4108 1073 4164 lilium
1120 4126 1295 4177 suum,
1328 4113 1532 4181 dicens,
1584 4117 1686 4170 hoc

165 4194 348 4251 preliutn
375 4198 484 4265 ejus
516 4197 766 4266 nequitia
824 4200 1124 4253 surrexisse
1158 4218 1171 4254 :
1200 4202 1589 4274 spoliatumque
1618 4209 1685 4260 ab

161 4284 301 4350 armis,
328 4288 454 4344 datis
481 4289 805 4347 custodibus
855 4290 1025 4346 libere
1051 4287 1081 4326 ¹λ
1111 4292 1366 4347 custodiri
1416 4298 1685 4364 pracepit,

166 4376 350 4431 tractans
374 4378 493 4448 quid
520 4380 587 4435 de
620 4393 690 4434 eo
720 4379 772 4433 in
802 4388 1072 4448 posterum
1116 4383 1405 4438 ordinaret.
1451 4384 1687 4441 Godinus

223 4532 534 4606 1SicARegm.
581 4548 639 4593 et
692 4535 859 4602 Bad.;
911 4536 1056 4598 Bec.,
1109 4535 1382 4590 Meledum.
1427 4538 1526 4591 Alii
1580 4549 1687 4594 tres

170 4610 287 4675 πῆξεν
310 4603 534 4675 Meterius.
578 4607 727 4662 Ε.όίιὶ
769 4606 1024 4673 plerique,
1042 4606 1278 4670 Meledis,
1303 4609 1457 4675 vulgo
1476 4609 1692 4666 Meaux.

221 4666 241 4743 Ρ
267 4673 372 4735 Alii,
404 4677 748 4734 liuccutenus.
769 4666 987 4743 'Begm"
1011 4666 1319 4728 Vliotolenu's.
1356 4666 1500 4736 Βὶἶοη
1554 4681 1689 4732 linc-

172 4740 351 4814 coleaus,
380 4757 423 4797 et
454 4746 607 4809 infra,
636 4762 758 4814 cup.
790 4740 1204 4808 4,'Ruccaliuus,
1239 4759 1330 4798 seu
1380 4746 1683 4802 liutnleuus.

175 4817 242 4925 un:
268 4809 382 4934 heir:
551 4817 608 4881 4,
634 4809 764 4871 etin
792 4815 883 4868 lib.
915 4830 953 4869 ιι
974 4815 1039 4869 de
1061 4815 1325 4869 hliracalis
1349 4821 1517 4870 sancti
1552 4820 1685 4872 Mar-

192 4889 261 4947 tin,
274 4896 388 4947 cap.
408 4889 494 4935 27.

225 4944 245 4979 ά
269 4944 484 5017 Plerique
512 4953 639 5007 editi
678 4968 797 5011 cum
830 4954 979 5020 Bec.,
1008 4954 1156 5022 foret.
1200 4954 1349 5025 Bad.,
1384 4960 1537 5026 foret,
1580 4958 1686 5026 ipse

176 5026 237 5064 τοι
260 5032 466 5083 separare
492 5040 595 5076 non
618 5039 852 5077 conarer.

176 5092 250 5198 ei:
275 5088 381 5151 Alii,
406 5093 721 5161 accipientes.
755 5097 817 5148 Et
844 5091 975 5147 infra
1003 5091 1184 5159 Colb.,
1209 5094 1444 5162 epulatus
1474 5104 1549 5149 est
1574 5111 1688 5149 cum

214 5168 228 5197 S

179 5218 379 5346 3τᾷἒὲἱὲ
396 5227 683 5299 Sessiones,
726 5241 781 5286 et
809 5232 1046 5286 inferius.
1080 5231 1266 5302 Regm.
1300 5248 1427 5287 vero
1454 5243 1510 5288 et
1540 5234 1683 5300 Bec.,

231 5359 423 5436 {Monet
445 5366 684 5436 Valesius
715 5369 797 5425 hic
823 5370 922 5425 sibi
945 5371 1039 5436 ips‘
1065 5372 1388 5424 contrarium
1413 5387 1530 5426 esse
1553 5372 1684 5427 Cre-

180 5435 364 5506 EP'W“.
387 5436 466 5499 Qui
494 5435 845 5506 Ctulpericum
867 5435 1241 5495 Suessionibns
1268 5454 1682 5496 conunorautem

179 5492 383 5616 et
404 5492 576 5560 tamen
604 5492 673 5561 de
701 5492 764 5562 eu
791 5510 868 5563 sic
886 5492 1138 5578 loquitur,
1160 5492 1323 5569 euasi
1355 5515 1423 5563 tbi
1454 5492 1558 5565 non
1583 5492 1684 5564 Jul

234 5629 257 5668 ⁸
280 5636 372 5691 \iii
400 5640 618 5700 illustres
648 5646 987 5702 honestorum
1032 5664 1242 5718 semper
1273 5648 1542 5703 hominum
1591 5668 1680 5707 cu-

1714 4467 1771 4526 D

1785 3207 1946 3254 nente
1974 3212 2158 3254 eorum
2188 3195 2597 3266 c0njunctione;
2635 3191 2879 3247 similiter
2907 3199 2961 3244 et
2989 3197 3045 3242 ut
3090 3188 3157 3242 de
3204 3187 3349 3242 omni

1786 3306 1938 3361 pcena
1965 3290 2227 3359 corporali
2256 3288 2407 3344 liberi
2431 3295 2697 3350 maneant,
2721 3282 3057 3352 repromittas
3088 3278 3129 3333 ι.
3155 3280 3222 3334 At
3240 3276 3348 3341 ille,

1784 3398 1903 3439 cum
1932 3382 2025 3437 diu
2054 3381 2329 3451 ambiguus
2357 3378 2674 3450 cogitatione
2702 3374 2957 3440 siluisset,
2985 3371 3196 3427 tandem
3226 3382 3327 3423 con

1789 3488 1971 3530 versus
1994 3474 2058 3528 ad
2086 3472 2439 3536 sacerdotem,
2472 3471 2648 3540 posuit
2678 3481 2863 3522 manus
2891 3480 3013 3519 suas
3058 3479 3217 3532 super
3268 3462 3351 3514 al-

1790 3566 1884 3620 tari
1913 3580 2032 3620 cnm
2059 3564 2381 3635 juramento,
2412 3562 2594 3616 dicens
2621 3579 2633 3614 :
2663 3559 2791 3627 Quia
2823 3571 3088 3626 nunquam
3121 3562 3279 3609 erunt
3319 3569 3351 3609 a

1787 3673 1872 3711 nte
1898 3655 2205 3725 separandi,
2234 3655 2328 3710 sed
2358 3654 2533 3722 potius
2561 3666 2661 3720 ego
2690 3648 2903 3712 faciam,
2934 3654 2989 3701 ut
3017 3646 3068 3700 in
3099 3646 3196 3699 hac
3221 3659 3354 3698 con.

1782 3749 2055 3818 junctione
2085 3755 2429 3817 permaneant
2461 3760 2475 3797 :
2504 3743 2625 3812 quia
2667 3753 2967 3812 quanquam
2999 3735 3125 3790 mihi
3161 3735 3355 3788 moles~

1789 3851 1898 3895 tum
1943 3838 2097 3894 fuerit
2119 3878 2136 3903 ,
2165 3837 2308 3908 quod
2329 3837 2528 3904 absque
2557 3835 2661 3889 mei
2689 3832 2859 3888 consil
2885 3832 2902 3884 i
2947 3826 3278 3884 conniventia
3310 3834 3354 3864 ιιι

1787 3931 1910 3987 talia
1961 3929 2122 4002 204
2159 3931 2266 3983 sint
2291 3937 2458 3996 gesta,
2485 3924 2613 3979 illud
2651 3932 2826 3977 tamen
2849 3922 3019 3975 libens
3038 3918 3353 3987 amplector,

1788 4025 1928 4097 quod
1957 4038 2054 4079 nec
2084 4023 2169 4076 hic
2216 4020 2462 4075 ancillam
2493 4018 2737 4083 alterius,
2772 4030 2942 4084 neque
2973 4013 3087 4067 hmc
3115 4011 3356 4067 extranei

1790 4129 2000 4171 servum
2026 4113 2309 4181 acceperit.
2341 4108 2580 4165 Credidit
2608 4106 2858 4161 sacerdos
2908 4105 2997 4159 ille
3040 4101 3357 4169 simpliciter

1790 4203 2125 4278 promissioni
2158 4201 2387 4256 hominis
2414 4198 2613 4262 callidi,
2638 4196 2969 4263 reddiditque
2999 4194 3241 4247 homines
3259 4207 3355 4245 ex-

1789 4310 2022 4356 cusatos.
2054 4296 2255 4362 Quibus
2281 4293 2369 4347 ille
2396 4289 2655 4358 acceptis,
2685 4298 2739 4343 et
2783 4286 2977 4357 gratias
3005 4297 3167 4355 agens
3185 4323 3200 4347 ,
3229 4282 3355 4335 abs-

1789 4396 1953 4451 cessit
1982 4392 2051 4447 ad
2104 4391 2320 4445 domum
2345 4400 2492 4441 suam
2518 4401 2532 4450 ;
2564 4394 2619 4439 et
2660 4382 2839 4436 statim
2859 4378 3020 4449 jussit
3045 4376 3168 4431 elidi
3196 4372 3355 4429 arbo-

1788 4553 1972 4607 stndia:
2001 4550 2487 4608 committebantur,
2518 4552 2574 4599 ut
2604 4552 2750 4598 notat
2781 4540 3133 4609 Hieronymus
3175 4537 3225 4609 in
3260 4535 3357 4591 lib.

1788 4640 1823 4678 tt
1853 4625 2062 4676 advers.
2118 4620 2477 4689 Vigilantium.
2514 4614 2644 4689 Vide
2672 4613 2765 4666 lib.
2797 4608 3126 4689 t__de_Gloria
3168 4608 3355 4689 illa”,

1930 4692 2018 4744 45.
2054 4675 2336 4760 Deligatum
2364 4686 2647 4760 custodiam
2670 4682 2900 4752 appellat
2921 4680 3137 4736 Pontius
3167 4678 3218 4732 in
3240 4675 3360 4733 Vita

1787 4755 1952 4818 sancti
1979 4759 2246 4830 Cypriani,
2279 4774 2424 4811 num.
2456 4755 2542 4810 15.

1864 4853 1878 4889 ⁸
1920 4852 2040 4915 Alii,
2072 4849 2444 4902 Rauchinclms.

1862 4940 1877 4992 ἕ
1914 4939 2075 4996 Corb.
2102 4946 2156 4994 et
2182 4940 2342 5001 Bell.,
2367 4941 2503 4991 ultra
2526 4936 2731 4989 modum
2753 4942 2904 5003 atque
2924 4928 3211 4985 stultitiam.

1862 5033 1887 5072 ιι
1919 5033 2005 5088 Sic
2035 5033 2085 5084 in
2119 5031 2250 5084 libro
2278 5046 2313 5082 ιι
2359 5029 2557 5097 Dialng.
2591 5026 2649 5081 S.
2680 5022 2942 5097 Gregorii,
2971 5034 3088 5085 cap.
3124 5019 3359 5097 2t),_mo-

1792 5084 2000 5156 uacui;
2018 5101 2228 5168 quidam
2258 5100 2313 5153 S.
2350 5099 2404 5152 Ρ.
2439 5084 2728 5151 Benedicto
2770 5084 2836 5146 avd
2868 5084 3103 5145 mensam
3150 5084 3356 5140 sedcutt

1792 5179 2056 5227 lucernam
2090 5170 2321 5224 tenebat.

1866 5260 1885 5301 ι
1918 5262 2100 5315 Exstat
2146 5274 2205 5313 ea
2234 5259 2300 5312 de
2330 5273 2386 5312 re
2419 5254 2638 5309 formula
2679 5251 2818 5322 apud
2849 5250 3179 5322 Bignomum,
3216 5243 3355 5322 inter

1796 5345 2000 5387 veteres
2029 5314 2212 5384 incerti
2243 5328 2472 5383 aucturis
2518 5342 2660 5379 num.
2714 5314 2803 5376 ἕξεί.
2842 5314 2975 5375 Vide
3022 5328 3075 5373 et
3115 5314 3359 5385 ejusdem

1797 5404 1891 5457 vrri
1920 5403 1989 5456 cl.
2022 5410 2193 5455 notas.

1864 5502 1901 5529 ιη
1928 5494 2079 5547 Colb.
2107 5507 2224 5549 cum
2255 5490 2449 5559 aliquot
2465 5486 2638 5553 editis,
2665 5484 3027 5541 convenientia.
3060 5483 3362 5549 Bec.,eun.

1794 5565 2030 5618 bibentia.
2767 5576 2773 5587 '
