3994 6194
545 279 651 335 319

1592 267 1656 324 S.
1693 259 2015 323 GREGOltll
2059 258 2368 316 EPISCOPI
2404 256 2838 315 TURONENSIS

3692 258 3817 312 3‘30

548 408 683 453 rem,
718 396 1116 453 lrnncalamque
1142 384 1445 439 columnam
1480 383 1595 451 ejus
1628 398 1721 451 per
1750 380 1921 447 capita
1952 388 2123 429 cuneo
2150 376 2199 429 A
2226 385 2435 439 quoque
2459 373 2635 425 clavos
2661 371 3066 439 Cenomannici,
3093 372 3181 440 qui
3205 382 3329 451 tunc
3356 386 3476 425 cum
3498 371 3681 427 eodem
3715 372 3814 422 ad-

550 485 770 535 scissam
802 492 826 516 ιι
855 480 1104 549 ιντωεορι
1130 476 1407 537 excavari,
1438 475 1739 540 effossaque
1771 475 1819 524 in
1849 470 2126 524 altitudine

556 574 714 625 ttittm
747 581 828 623 aut
858 579 1083 637 quatuor
1114 565 1302 634 pedum
1336 564 1519 627 humo,
1551 563 1746 630 deponi
1778 578 1869 615 vas
1894 564 2047 630 jubet
2076 561 2125 611 in

558 668 786 715 foveam.
817 658 995 726 Ibique
1018 658 1242 725 put-llam
1267 664 1322 707 ttt
1344 663 1605 706 mortuam
1629 666 1977 721 componens,
2003 666 2130 717 pue-

553 767 669 804 rum
700 751 926 817 desuper
954 749 1138 815 jactari
1182 747 1429 817 praecepit
1463 763 1478 800 :
1515 746 1789 814 positoque
1836 744 2124 811 opertario,

554 843 749 894 fossam
780 839 941 892 humo
970 839 1209 906 replevit.
1241 836 1594 905 sepelivitque
1624 848 1716 889 eos
1762 836 2021 897 viventes,
2050 834 2132 885 di-

552 944 683 981 cens
715 948 727 980 :
761 928 891 993 Quia
922 943 1025 980 non
1056 926 1299 980 frustravi
1323 924 1685 995 juramentum
1717 937 1914 989 meum,
1945 931 2001 975 ut
2025 936 2130 975 non

556 1030 932 1085 separarentur
964 1020 1013 1071 hi
1047 1019 1097 1071 in
1130 1018 1530 1083 sempiternum.
1563 1016 1688 1082 Qua-
1716 1030 1835 1068 cum
1866 1015 2127 1068 sacerdoti

560 1112 796 1161 nuntiata
828 1110 1074 1174 fuissent,
1121 1109 1247 1162 illuc
1276 1107 1513 1161 cucurrit
1544 1108 1817 1169 velociter,
1852 1116 1905 1160 et
1957 1107 2133 1159 incre-

562 1217 692 1267 pans
717 1204 1005 1268 hominem,
1039 1203 1120 1256 vix
1154 1202 1382 1255 obtinuit
1407 1208 1464 1252 ut
1490 1200 1883 1268 detegerentur.
1907 1198 2131 1253 Verum-

561 1307 737 1349 tamen
770 1309 989 1362 puerum
1021 1294 1201 1345 vivum
1231 1292 1481 1356 extraxit,
1516 1290 1747 1359 puellam
1775 1303 1902 1343 vero
1936 1290 2133 1358 reperit

562 1385 892 1437 suffocatam.
924 1384 978 1437 in
1008 1382 1202 1436 talibus
1229 1381 1369 1436 enim
1417 1381 1663 1448 operibus
1691 1380 1844 1435 valde
1871 1382 2132 1449 nequissi-

561 1491 679 1527 mus
709 1483 845 1535 crat,
892 1474 1089 1526 nullam
1120 1471 1273 1524 aliam
1320 1472 1520 1525 habens
1569 1476 1741 1537 potius
1768 1470 1794 1508 δ
1824 1472 2130 1535 utilitatem,

563 1564 661 1615 nisi
696 1565 745 1616 in
773 1562 1044 1616 cachinnis
1072 1577 1134 1614 ac
1161 1562 1318 1624 dolis,
1346 1561 1699 1628 omnibusque
1746 1561 2014 1630 perversis
2044 1576 2131 1614 re-

564 1656 680 1707 bus.
717 1654 865 1708 llnde
893 1670 997 1705 non
1028 1654 1294 1706 immerito
1325 1653 1500 1705 taliter
1527 1654 1754 1707 excessit
1798 1668 1826 1707 a
1870 1653 2000 1717 vita,
2041 1655 2129 1723 qui

565 1747 682 1797 talia
714 1745 873 1813 gessit
902 1760 1019 1798 cum
1052 1743 1313 1797 frueretur
1343 1744 1440 1797 hac
1488 1744 1613 1808 vita,
1670 1744 1809 1812 quod
1861 1744 1915 1797 in
1961 1755 2135 1812 paste-
2167 1726 2210 1786 Β

567 1854 679 1889 rum
714 1838 965 1906 digesturi
996 1850 1178 1889 sumus
1207 1837 1318 1904 (lib.
1354 1850 1428 1899 ιχ,
1472 1853 1588 1900 cap.
1619 1836 1696 1902 9).
1729 1837 1888 1903 Siggo
1928 1852 2137 1906 quoque

576 1926 966 1980 referendarius
995 1937 1041 1989 ε,
1060 1928 1148 1995 qui
1180 1926 1433 1979 annulum
1463 1927 1600 1996 regis
1619 1926 1872 1996 Sigiberti
1897 1938 2139 1983 tenuerat

560 2026 615 2067 et
644 2017 710 2067 ab
736 2015 1036 2083 Chilperico
1070 2031 1192 2084 rege
1224 2031 1539 2085 provocatus
1564 2027 1710 2082 erat,
1764 2026 1818 2069 ut
1861 2018 2137 2072 servitium

561 2103 701 2167 quod
754 2112 991 2172 tempore
1038 2104 1215 2159 fratris
1265 2109 1345 2160 sui
1398 2107 1683 2171 habuerat,
1734 2108 2018 2172 obtineret,
2071 2111 2137 2164 ad

563 2195 958 2250 tlltildebertum
990 2211 1165 2264 regem
1196 2196 1445 2264 Sigiberti
1491 2197 1657 2251 filium
1706 2198 1893 2253 relicto
1922 2200 2138 2269 Chilpe—

566 2288 677 2339 rico
700 2287 964 2349 transivit,
992 2302 1182 2353 resque
1204 2285 1320 2353 ejus
1336 2287 1542 2353 quas'iu
1571 2286 1914 2342 Sucssionico
1943 2290 2141 2345 habue-

566 2390 668 2442 rat,
714 2378 1013 2430 Ansoaldus
1040 2376 1066 2412 ά
1097 2378 1346 2430 obtinuit.
1379 2377 1526 2431 Multi
1558 2390 1733 2432 autem
1762 2390 1817 2433 et
1834 2382 1925 2433 alii
1953 2383 2019 2435 de
2059 2382 2140 2437 bis

566 2472 652 2535 qui
683 2481 740 2519 se
761 2467 829 2519 de
851 2482 1014 2534 regno
1036 2466 1284 2533 Sigiberti
1314 2466 1378 2518 ad
1405 2466 1762 2535 Chilpericum
1789 2470 2135 2537 tradiderant,

569 2566 923 2612 recesserunt.
959 2558 1101 2612 Uxor
1126 2572 1337 2626 quoque
1385 2558 1633 2629 Sigganis
1665 2574 1769 2613 non
1803 2572 1923 2629 post
1946 2558 2140 2617 'tuulto

569 2648 825 2713 temporis
846 2649 1016 2715 spatio
1041 2658 1065 2685 ο
1087 2647 1222 2700 obiit
1246 2664 1258 2699 :
1282 2648 1374 2702 sed
1403 2649 1491 2702 ille
1516 2650 1673 2707 aliam
1700 2666 1886 2705 rursus
1913 2658 2139 2721 accepit.

644 2737 729 2791 IV.
764 2736 855 2789 His
886 2738 1072 2793 diebus
1104 2739 1440 2794 llvccolenus
1465 2742 1532 2793 ab
1560 2740 1864 2811 Chilperico
1913 2744 2137 2810 missus,

570 2826 796 2880 Turonis
825 2826 1036 2881 advenit
1068 2843 1188 2881 cum
1217 2843 1405 2895 magna
1431 2829 1706 2896 jactantia,
1740 2842 1796 2886 et
1824 2832 1959 2887 ultra
1990 2833 2142 2905 Lige-

569 2916 667 2970 rim
692 2930 863 2973 castra
894 2933 1118 2987 ponens,
1148 2920 1362 2974 nuntios
1390 2924 1454 2974 ad
1482 2936 1581 2975 nos
1603 2922 1820 2988 direxit,
1851 2931 1908 2978 ut
1936 2926 2144 2981 scilicet

568 3008 1048 3071 Guntchramnum,
1080 3008 1167 3078 qui
1196 3010 1355 3082 205
1400 3019 1522 3065 tunc
1565 3012 1632 3066 de
1685 3022 1857 3069 morte
1898 3014 2140 3069 Theodo-

2233 472 2509 527 veuerant,
2539 463 2771 530 impletis
2817 463 3032 517 follibus
3060 461 3085 500 ¹³
3120 473 3353 532 portant,
3384 478 3618 517 annonas
3639 479 3810 517 ever-

2229 564 2364 618 tunt,
2397 565 2451 609 et
2479 563 2667 608 cuncta
2698 556 2994 608 tlevastant.
3029 556 3133 612 Sed
3174 559 3295 609 dum
3330 557 3443 609 lucc
3474 556 3816 609 Roccolenus

2228 644 2355 714 agit,
2390 661 2416 697 a
2462 646 2570 699 Deo
2604 645 2914 711 percutitur,
2963 646 3254 715 morboque
3284 648 3428 714 regio
3458 660 3672 699 croceus
3724 644 3812 698 ef-

2228 733 2419 796 fectus,
2452 736 2696 788 mandata
2724 751 2912 799 aSpera
2940 737 3180 800 remittit,
3230 738 3413 790 dicens
3444 754 3457 789 :
3492 736 3599 790 Nisi
3644 736 3816 789 hodie

2232 824 2564 893 proieceritis
2608 827 3068 882 Guntchramnum
3114 828 3305 882 ducem
3337 829 3405 883 de
3450 828 3676 889 basilica,
3734 826 3813 879 ita

2230 925 2415 969 cuncta
2448 916 2671 970 virentia
2704 932 2821 983 qua:
2850 927 2973 969 sunt
2999 917 3139 971 circa
3178 921 3362 973 urbem
3414 930 3634 973 atteram
3669 928 3715 985 ι,
3753 928 3821 969 ut

2230 1012 2420 1079 dignus
2450 1013 2538 1062 fiat
2563 1022 2742 1064 aratro
2769 1012 2914 1065 locus
2938 1012 3043 1066 ille.
3076 1012 3289 1066 Interim
3317 1010 3533 1065 advenit
3554 1010 3663 1064 dies
3682 1025 3819 1063 san—

2232 1110 2348 1155 ctus
2383 1101 2691 1169 Ενίριωιιίιο
2710 1143 2723 1163 ,
2754 1111 2807 1155 et
2838 1103 2922 1155 hic
2950 1103 3118 1171 magis
3147 1117 3209 1156 ac
3237 1102 3405 1171 magis
3439 1101 3668 1170 torqueri
3693 1115 3820 1154 cm—

2235 1194 2323 1261 pit.
2358 1192 2399 1245 Τ
2406 1209 2506 1245 unc
2534 1202 2755 1261 accepto
2782 1208 2809 1244 a
2842 1193 2952 1245 suis
2980 1193 3224 1255 consilio,
3253 1207 3410 1245 amne
3435 1202 3719 1255 transacto,
3744 1192 3817 1243 ad

2232 1285 2503 1338 civitatem
2538 1282 2764 1336 accedit.
2800 1283 3035 1352 Denique
3061 1297 3182 1336 cum
3233 1282 3521 1349 psallentes
3547 1281 3615 1335 de
3641 1281 3821 1335 eccle-

2235 1374 2314 1427 sia
2345 1374 2358 1423 l
2400 1372 2599 1441 egressi
2636 1372 2702 1425 ad
2729 1382 2968 1426 sanctam
2999 1372 3269 1426 basilicam
3294 1382 3639 1440 properarent
3659 1412 3673 1435 ,
3721 1371 3822 1424 hic

2237 1474 2353 1531 post
2379 1479 2590 1518 crucem
2621 1463 3041 1532 praecedentibus
3063 1463 3250 1533 signis,
3281 1478 3422 1531 equo
3445 1462 3823 1532 superpositus

2237 1554 2522 1609 ferebatur.
2555 1553 2749 1609 Verum
2808 1554 2897 1607 ubi
2954 1555 3225 1609 basilicam
3284 1562 3527 1607 sanctam
3585 1554 3813 1618 introiit,

2242 1662 2359 1701 mox
2392 1647 2533 1701 furor
2574 1650 2822 1703 minantis
2864 1649 3085 1717 intepuit
3118 1646 3142 1685 ¹ι
3176 1666 3191 1702 z
3224 1663 3604 1719 regressusque
3633 1649 3697 1700 ab
3722 1664 3822 1703 ec-

2238 1740 2421 1799 clesia,
2456 1740 2584 1793 nihil
2614 1739 2717 1793 cibi
2748 1755 2808 1795 ea
2838 1740 2924 1794 die
2952 1741 3197 1809 accipere
3226 1741 3409 1809 potuit.
3453 1740 3658 1794 Exinde
3688 1756 3819 1794 cum

2239 1830 2391 1883 valde
2417 1829 2640 1883 anhelus
2669 1838 2808 1884 esset
2831 1869 2847 1893 ,
2880 1830 3112 1883 Pictavis
3141 1830 3288 1883 abiit.
3318 1829 3480 1883 Erant
3523 1831 3667 1883 enim
3697 1830 3823 1883 dies

2238 1930 2433 1972 sancta:
2457 1917 2906 1987 Quatlragesimae,
2931 1917 3096 1987 inqua
3121 1920 3256 1973 fetus
3283 1918 3650 1972 cuniculorum
3672 1934 3826 1986 εςιονο

2238 2008 2491 2061 comedit.
2522 2006 2798 2074 Dispositis
2828 2021 2954 2061 vero
2976 2006 3290 2071 actionibus,
3321 2007 3514 2073 quibus
3550 2007 3601 2060 iu
3632 2007 3823 2061 kaleno

2238 2098 2321 2149 dis
2346 2097 2545 2151 Martiis
2564 2101 2708 2151 cives
2735 2098 2976 2151 Pictavos
2997 2099 3079 2152 vel
3106 2097 3381 2167 alliigeret,
3409 2098 3493 2151 vel
3512 2098 3818 2161 damnaret,

2241 2188 2401 2257 206
2431 2187 2599 2255 pridie
2625 2189 2857 2241 animam
2906 2188 3134 2243 reddidit
3162 2207 3173 2243 :
3206 2198 3262 2244 et
3306 2188 3384 2244 sic
3425 2191 3699 2258 superbia,
3731 2201 3820 2244 tu-

2242 2292 2461 2346 morque
2490 2277 2705 2344 quievit.

2316 2366 2377 2420 ν.
2409 2368 2483 2420 Eo
2516 2365 2533 2404 ‘-
2561 2376 2798 2436 tempore
2821 2368 2970 2423 Felix
2993 2368 3317 2426 Namnetirte
3339 2371 3487 2426 urbis
3509 2374 3819 2442 episcopus.

2243 2459 2444 2514 litteras
2495 2460 2624 2514 mihi
2678 2460 2895 2528 scripsTt
2945 2462 3125 2529 plenas
3179 2463 3521 2532 opprobriis,
3575 2465 3820 2519 scribens

2240 2551 2399 2607 etiam
2440 2550 2651 2604 fratrem
2700 2564 2876 2604 meum
2903 2553 2972 2604 ob
3004 2550 3105 2606 hoc
3155 2553 3512 2620 interfectum,
3559 2570 3627 2608 eo
3674 2556 3817 2624 quod

2243 2646 2357 2710 ipse
2401 2644 2623 2711 cupidus
2666 2644 3043 2710 episcopatus,
3090 2645 3395 2713 episcopum
3435 2646 3819 2701 interfecisset.

2243 2737 2351 2792 Sed
2379 2747 2437 2791 ut
2465 2736 2581 2790 lucc
2608 2737 2900 2801 scriberet,
2960 2736 3135 2791 villam
3189 2739 3430 2793 ecclesia:
3480 2742 3817 2808 concupivit.

2246 2828 2409 2893 Quam
2432 2841 2553 2880 cum
2582 2827 2710 2880 dare
2738 2825 2955 2894 nollem,
2986 2827 3221 2881 evomuit
3242 2828 3296 2882 in
3326 2844 3429 2892 me,
3462 2839 3519 2882 ut
3540 2829 3675 2893 dixi,
3705 2830 3822 2899 ple-

2246 2934 2340 2971 nus
2372 2917 2580 2979 furore,
2612 2918 2893 2985 Opprobria
2926 2917 3091 2972 mille.
3123 2918 3218 2972 Cui
3263 2919 3548 2987 aliquando
3575 2934 3678 2988 ego
3730 2935 3819 2975 re-

2245 3010 2432 3077 spondi
2466 3027 2479 3061 :
2518 3029 2536 3060 ο
2565 3008 2827 3065 Memento
2849 3008 2975 3063 dicti
3004 3009 3299 3080 prophetici
3328 3028 3340 3063 :
3379 3009 3466 3063 Vw
3484 3010 3565 3063 his
3589 3013 3678 3079 qui
3691 3015 3822 3081 jun-

570 3101 700 3154 lterti
725 3101 1098 3169 impetebatnr,
1137 3116 1166 3155 a
1193 3102 1409 3158 basilica
1449 3114 1631 3159 saneta
1678 3106 1998 3160 deberemus
2045 3123 2139 3161 ex-
2169 3083 2215 3145 (ἶ
2246 3110 2367 3171 gunt
2394 3101 2602 3154 domum
2624 3102 2692 3153 ad
2720 3101 2943 3163 domum.
2974 3110 3021 3156 et
3042 3117 3224 3171 agrum
3252 3100 3320 3154 ad
3346 3118 3526 3172 agrum
3546 3102 3816 3170 copulant.

570 3190 800 3245 trahere.
829 3192 978 3253 Quod
1006 3192 1048 3245 si
1076 3208 1180 3245 non
1207 3192 1522 3257 faceremus,
1550 3206 1603 3250 et
1627 3196 1917 3264 civitatem,
1948 3208 2001 3252 et
2020 3212 2137 3251 om-

571 3285 653 3338 nia
680 3285 980 3338 suburbana
1002 3287 1118 3355 ejus
1140 3286 1353 3355 juberet
1380 3289 1627 3341 incendio
1646 3291 1999 3345 concremari.
2023 3293 2141 3358 Quo

570 3376 750 3429 audito
780 3375 1036 3430 mittimus
1078 3378 1143 3431 ad
1173 3394 1295 3431 eum
1336 3378 1674 3447 legati0nem,
1703 3381 1943 3436 dicentes
1971 3399 1985 3434 :
2016 3383 2140 3438 lla-c

571 3467 641 3518 ah
669 3468 885 3533 antiquo
911 3466 1048 3521 facta
1082 3484 1183 3520 non
1217 3467 1402 3531 fuisse,
1430 3486 1547 3536 qua:
1594 3470 1679 3525 hic
1728 3471 1841 3527 ﬁeri
1886 3473 2142 3541 deposce-

576 3556 658 3607 bat
684 3572 699 3620 ;
730 3556 822 3609 sed
853 3570 951 3610 nec
976 3557 1134 3611 modo
1167 3557 1398 3624 permitti
1434 3573 1609 3625 posse,
1638 3570 1693 3611 ut
1720 3561 1934 3615 basilica
1958 3575 2140 3617 saneta

578 3646 885 3699 violaretur.
916 3646 1067 3712 Quod
1100 3647 1144 3701 si
1176 3649 1347 3714 fieret,
1380 3663 1476 3702 nec
1496 3649 1598 3701 sibi
1646 3650 1758 3704 fore
1803 3666 2138 3720 prosperum,

572 3752 672 3791 nec
701 3738 811 3807 regi
839 3738 926 3806 qui
961 3737 1074 3791 hinc
1093 3738 1242 3807 jussa
1274 3739 1607 3803 mandasset;
1640 3750 2003 3811 metueretque
2031 3760 2143 3796 ma-

572 3831 653 3899 gis
682 3831 1017 3884 sanctitatem
1048 3829 1331 3896 antistitis,
1361 3832 1513 3897 cujus
1564 3832 1732 3885 virtus
1778 3832 2025 3888 hesterna
2056 3834 2143 3889 die

576 3923 916 3991 paralyticam
952 3920 970 3959 ί
1000 3922 1301 3978 direxisset.
1334 3922 1469 3977 Nihil
1498 3938 1561 3978 ex
1595 3925 1676 3979 liis
1706 3924 1797 3979 ille
1826 3925 2140 3993 formidans,

572 4030 695 4066 cum
725 4012 778 4066 in
808 4013 966 4067 domo
994 4014 1234 4067 ecclesia:
1263 4016 1398 4067 ultra
1428 4014 1654 4084 Ligerim
1711 4017 1991 4083 resideret,
2041 4019 2139 4072 do-~

573 4120 717 4160 mum
743 4107 930 4174 ip~am,
962 4121 1079 4175 qua:
1102 4107 1263 4161 clavis
1300 4106 1465 4160 allisa
1509 4120 1642 4172 erat,
1694 4106 1899 4163 dislixit
1921 4118 1968 4162 Β.
1996 4110 2142 4177 Ipsos

644 4268 705 4341 'L
724 4258 909 4319 Corh.,
940 4258 1066 4341 Eius
1095 4276 1183 4329 per
1209 4260 1379 4341 capita
1412 4262 1868 4341 cuneosLChesn"
1892 4264 2003 4333 ejus
2052 4281 2144 4333 pro

568 4330 737 4391 rapite
762 4346 939 4382 cuneo.
974 4331 1128 4392 Bec.,
1161 4331 1533 4396 cotumplam...
1562 4330 1925 4399 elfossamque,
1964 4330 2067 4387 etc.

645 4398 672 4436 δ
706 4396 913 4466 Regm.,
936 4398 1129 4451 nullam
1160 4416 1367 4467 prorsus
1387 4401 1546 4452 aliam
1574 4400 1779 4454 habens.
1808 4408 1873 4453 At
1901 4402 1951 4454 in
1978 4402 2139 4457 Corb.

573 4480 637 4543 et.
659 4468 789 4519 Bell.
818 4468 1010 4543 deSunt
1040 4469 1151 4522 hac
1170 4509 1184 4531 ,
1209 4468 1356 4521 valde
1385 4469 1743 4537 nequissimus,
1793 4482 1921 4535 etc.,
1977 4487 2143 4543 usque

574 4537 639 4589 ad
672 4538 911 4601 perversis
934 4538 1098 4590 rebus.

650 4618 671 4643 ε
706 4605 1113 4660 Referendarius
1144 4615 1267 4660 tunc
1294 4607 1589 4671 dicebatur,
1625 4610 1714 4673 qui
1748 4608 1903 4663 hodie
1929 4613 2140 4665 cancel-

574 4675 757 4730 larius.
798 4676 868 4727 De
910 4675 1023 4741 ejus
1054 4676 1234 4730 officio
1261 4688 1313 4730 et
1344 4676 1701 4744 prmrogativis
1721 4678 1840 4733 vide
1869 4681 2136 4738 Maltillon.

574 4750 643 4797 ite
677 4746 751 4798 Re
784 4745 1063 4815 Diplomat.
1099 4746 1189 4815 lib.
1236 4761 1291 4807 ll,
1321 4763 1436 4814 cap.
1496 4748 1577 4811 ll,
1628 4756 1681 4799 et
1730 4747 2038 4815 Dignonium
2089 4754 2138 4806 in

575 4817 853 4870 formulam
881 4814 953 4871 ἓξ)
983 4815 1074 4868 lib.
1108 4830 1122 4867 ι
1148 4814 1402 4869 Marculli.
1450 4816 1584 4868 Infra
1611 4828 1944 4885 provocatus,
1981 4820 2029 4874 id
2060 4832 2141 4877 est

611 4895 863 4938 romulus.

575 4904 586 4953 ι
611 4904 863 4938 rumotus.

644 4956 667 4989 ί¹
701 4956 790 5009 Sic
819 4970 981 5017 mss.;
1013 4963 1065 5008 at
1113 4953 1355 5022 plerique
1402 4953 1550 5016 editi,
1598 4956 1939 5012 Ausovaldus.
1991 4960 2138 5023 Bec.,

572 5026 926 5083 Ausolvafdus.

648 5110 669 5163 τ·
705 5096 911 5162 Itegm-,
946 5112 1045 5148 non
1074 5104 1183 5155 post
1212 5092 1423 5163 multum
1455 5096 1692 5163 temporis
1720 5097 1962 5163 spatium.

647 5162 666 5203 ι
691 5166 842 5219 Cnlh.
870 5182 987 5218 cum
1008 5167 1229 5222 (Σιιομιιη
1254 5162 1533 5232 paralytica
1555 5162 1806 5228 membra;
1831 5167 1922 5219 sed
1952 5165 2141 5218 mulier

584 5235 869 5304 paralytica
901 5236 1095 5288 dicitur
1126 5236 1175 5286 in
1210 5233 1299 5286 lib.
1324 5248 1365 5304 tt
1413 5235 1498 5304 de,
1529 5234 1797 5288 Miraculis
1827 5237 1884 5289 S.
1912 5235 2137 5301 Martini,

570 5319 689 5368 cap.
722 5303 809 5366 27,
840 5304 925 5355 ubi
959 5304 1070 5356 haec
1100 5304 1287 5357 eadem
1311 5303 1533 5357 historia
1560 5313 1825 5359 narratur.

643 5382 667 5415 Ii
696 5370 782 5423 Sic
809 5372 1000 5435 Corb.;
1029 5374 1140 5437 alii,
1174 5374 1406 5426 dissecat.

642 5439 667 5474 δ
701 5438 871 5492 r‘olles
904 5453 1027 5493 sunt
1056 5443 1255 5497 sat-culi
1283 5442 1492 5504 scortei,
1521 5458 1613 5495 seu
1644 5459 1708 5496 ex
1728 5444 1873 5495 corio
1900 5441 2041 5496 faeti.
2071 5442 2132 5495 Υ.

568 5509 809 5565 Juvenal.
839 5516 941 5561 sat.
973 5510 1055 5561 15.

648 5578 662 5615 ί
691 5580 781 5634 Sit.
805 5577 991 5641 Corb.,
1024 5578 1153 5633 Bell.
1186 5591 1238 5635 et
1267 5581 1385 5634 Bec.
1412 5597 1426 5643 ;
1459 5581 1543 5633 alii
1569 5596 1687 5634 cum
1710 5580 1931 5647 Chesn.,
1963 5580 2133 5634 devas-

569 5650 704 5705 tabo.

2173 4437 2220 4494 D

2246 3191 2492 3257 Nunquid
2518 3191 2615 3243 soli
2642 3190 2990 3244 inhabitabant
3018 3203 3208 3245 terram
3237 3192 3388 3264 (lsai.
3421 3208 3474 3258 ν,
3506 3194 3600 3263 8)?
3621 3192 3669 3247 Ο
3689 3194 3736 3247 si
3769 3205 3820 3247 te

2242 3285 2515 3339 habuisset
2526 3283 2754 3339 Massilia
2768 3284 3128 3339 sacerdotem!
3154 3300 3420 3353 nunquam
3437 3300 3603 3340 naves
3615 3287 3818 3351 oleum,

2242 3374 2575 3442 autreliquas
2586 3373 2792 3441 species
2804 3375 3136 3439 detulissent,
3151 3376 3250 3429 nisi
3274 3384 3475 3430 tantum
3495 3379 3739 3430 chartam
3758 3388 3814 3439 ιτ,

2242 3480 2348 3534 quo
2390 3465 2643 3534 majorem
2700 3467 3145 3534 opportunitatem
3200 3467 3466 3522 scribendi
3524 3469 3591 3522 ad
3648 3469 3820 3523 bonos

2245 3558 2575 3611 infamandos
2627 3558 2874 3613 haberes.
2922 3559 3025 3614 Sed
3076 3570 3357 3627 paupertas
3401 3560 3600 3613 chartae
3654 3564 3814 3615 tinem

2243 3649 2463 3717 imponit
2493 3650 2817 3705 verbositati.
2847 3670 2866 3702 ι
2894 3649 3168 3704 lmmensa:
3194 3651 3334 3704 enim
3371 3660 3484 3705 erat
3513 3652 3821 3718 cupiditatis

2243 3754 2399 3809 atque
2426 3742 2711 3809 jactantite.
2752 3742 2856 3796 Sed
2890 3756 2986 3811 ego
3031 3742 3128 3795 ista
3161 3751 3501 3811 postponens,
3529 3757 3597 3796 ne
3623 3743 3701 3797 illi
3745 3746 3820 3795 si-

2245 3834 2385 3887 milis
2426 3848 2733 3901 appaream,
2763 3833 2891 3888 illud
2932 3833 3211 3897 explicabo
3247 3834 3474 3901 qualiter
3526 3848 3820 3901 germanus

2245 3938 2396 3976 meus
2425 3930 2454 3959 υ
2484 3922 2550 3977 ab
2579 3924 2678 3977 hac
2702 3924 2816 3976 luce
2848 3922 3169 3992 migraverit,
3198 3932 3254 3976 et
3279 3938 3438 3991 quam
3467 3925 3711 3978 velocem
3760 3925 3817 3977 in

2245 4026 2609 4081 percussorem
2633 4010 2749 4081 ejus
2772 4012 3027 4066 Dominus
3052 4012 3354 4081 praestiterit
3379 4012 3631 4067 ultionem
3675 4013 3817 4071 Con-

2243 4113 2555 4159 senescente
2584 4105 2740 4159 beato
2766 4104 2975 4159 Tetrica
3002 4104 3251 4160 ecclesiae
3280 4106 3584 4175 Lingonng
3628 4120 3817 4161 sacer-

2318 4260 2332 4312 i
2370 4263 2447 4317 Ex
2479 4262 2805 4316 institutione
2855 4260 3095 4329 Perpetui
3138 4262 3272 4313 infra
3318 4261 3413 4315 lib.
3455 4276 3510 4322 x.
3556 4275 3676 4329 cap.
3720 4259 3816 4326 51,

2247 4332 2549 4400 Epiphanizc
2574 4330 2765 4397 vigilite
2788 4331 3077 4399 agebantur
3101 4330 3155 4383 in
3182 4329 3429 4395 eccle~ia,
3459 4330 3511 4383 id
3540 4342 3622 4384 est
3651 4332 3703 4383 in
3732 4346 3822 4384 ca-

2248 4403 2474 4456 tlietlrali
2506 4418 2520 4454 :
2546 4401 2737 4456 exinde
2764 4412 2960 4461 autem,
2986 4400 3057 4452 uti
3088 4414 3154 4452 ex
3196 4401 3442 4465 ιιι-περηιὶ
3495 4400 3611 4455 loco
3651 4401 3816 4453 disci-

2250 4489 2384 4532 mus,
2426 4473 2694 4540 processiu
2726 4470 2882 4523 fiebat
2911 4472 2973 4519 ad
3004 4470 3270 4540 basilicam
3299 4472 3466 4523 sancti
3496 4470 3721 4522 Mantini.
3757 4469 3815 4522 In

2247 4558 2306 4595 ca
2337 4538 2509 4609 primo
2538 4543 2688 4609 signa
2720 4555 2811 4591 seu
2840 4541 3025 4591 vexilla
3056 4538 3463 4603 deferebantur,
3499 4550 3608 4593 tum
3656 4555 3812 4603 crux,

2246 4614 2561 4679 quandoque
2587 4611 2743 4662 etiam
2758 4623 2923 4661 sacra:
2947 4609 3199 4679 reliquiae,
3220 4620 3349 4673 etc.,
3373 4610 3511 4677 quod
3533 4623 3668 4663 etex
3692 4610 3817 4661 aliis

2246 4680 2484 4752 Gregorii
2516 4678 2643 4733 locis
2686 4690 2848 4752 patet;
2877 4678 2965 4752 qui
2997 4693 3112 4730 mos
3161 4678 3422 4747 hodieque
3470 4679 3523 4732 in
3574 4680 3813 4732 Ecclesia

2245 4750 2502 4805 catholica
2535 4754 2585 4802 in
2612 4750 3034 4815 processionibus
3061 4758 3383 4813 perseverat.

2316 4843 2341 4880 κ
2369 4842 2545 4905 (3011),,
2574 4839 2839 4908 increpuit.
2872 4837 3003 4891 Bell.
3033 4850 3086 4891 et
3116 4837 3300 4901 COl'b.,
3331 4838 3597 4904 intrepait.

2320 4936 2334 4972 ι
2372 4934 2531 4988 Deest
2566 4932 2663 4985 hoc
2687 4941 2846 5000 caput
2874 4930 2926 4984 in
2956 4928 3140 4991 Corb.,
3173 4931 3302 4984 Bell.
3330 4942 3383 4985 et
3426 4931 3578 4983 Coll).
3603 4947 3618 4994 ;
3643 4930 3817 5000 babe-

2243 5016 2328 5058 tur
2352 5014 2525 5057 autem
2566 5003 2616 5054 in
2662 4999 2863 5065 Casiu.,
2896 5001 3044 5062 Bec.,
3095 5001 3305 5068 liegm..
3357 5010 3460 5053 etc.
3514 5000 3588 5052 De
3638 4999 3816 5054 Felice

2244 5074 2439 5144 passim
2466 5075 2575 5139 agit
2600 5070 2883 5144 Gregorius
2910 5086 2925 5136 ;
2957 5070 3095 5144 sicut
3122 5082 3176 5144 et
3206 5070 3545 5144 Fortunatus,
3577 5071 3665 5136 qui
3698 5071 3817 5136 ejus

2243 5139 2425 5197 laudes
2451 5144 2685 5209 pluribus
2712 5140 3021 5201 telebravit,
3055 5139 3381 5209 potiss_imunt
3408 5140 3497 5191 lib.
3531 5153 3609 5199 ιιι.
3641 5154 3813 5209 carm.

2240 5213 2293 5276 5,
2320 5212 2352 5263 4
2381 5221 2435 5265 et
2452 5207 2632 5279 seqq.,
2660 5210 2975 5279 subscripsit
3012 5224 3165 5262 conc.
3195 5207 3395 5262 Turon.
3442 5212 3517 5274 tt,‘
3546 5222 3639 5261 an.
3686 5208 3815 5273 561,

2240 5296 2291 5337 et
2320 5282 2486 5334 l’aris.
2520 5277 2596 5344 tv,
2626 5295 2711 5332 an.
2747 5277 2868 5329 573.

2311 5372 2348 5393 ¹¹¹
2484 5370 2716 5441 [Egypto
2740 5370 2943 5424 sc.lieet
2968 5370 3201 5423 allatatu.
3242 5367 3298 5422 ν.
3332 5378 3482 5422 notas
3513 5368 3564 5422 in
3598 5369 3691 5423 lib.
3740 5384 3815 5433 vr,

2238 5458 2297 5498 ca
2322 5460 2355 5495 ι.
2386 5448 2437 5495 ii.

2305 5460 2558 5587 itl’etrus
2589 5532 2891 5591 vocabatur,
2934 5529 3185 5583 diaconus
3237 5542 3290 5583 ut
3341 5547 3404 5583 ex
3442 5545 3591 5653 seqq.
3644 5541 3795 5601 patet

2240 5607 2312 5653 De
2338 5621 2441 5653 uno
2472 5603 2589 5653 vide
2619 5602 2709 5653 lib.
2752 5616 2785 5653 tl
2815 5600 2880 5653 de
2906 5599 3084 5653 Gloria
3117 5600 3294 5653 Μωιι..
3326 5617 3442 5653 can.
3470 5600 3504 5652 ‘2
3546 5636 3563 5653 .

2239 5607 2312 5661 De
2338 5621 2441 5673 quo
2472 5603 2589 5657 vide
2619 5602 2709 5657 lib.
2752 5616 2785 5653 ll
2815 5600 2880 5654 de
2906 5599 3084 5655 Gloria
3117 5600 3294 5666 Marb,
3326 5617 3442 5669 cap.
3470 5599 3563 5655 ‘25.
