3994 6194
592 245 697 295 5:23

1621 239 1677 294 s.
1723 239 2048 293 GllliGURll
2092 237 2395 294 ιςιιξδρυιη
2439 239 2871 295 TUltONi-.NSIS
3730 241 3824 301 ί

591 355 832 424 spcrgis?
859 355 999 408 Cede
1028 354 1162 415 loco,
1197 353 1435 419 relinque
1464 351 1665 418 sedem,
1696 352 1923 405 abscede
1954 352 2162 420 longius
2197 358 2238 409 Α
2268 351 2409 402 dabit
2441 366 2458 401 :
2490 362 2536 401 et
2565 355 2648 419 qui
2692 371 2790 403 non
2833 350 3001 413 habet,
3037 355 3203 418 ipsum
3237 356 3374 422 quod
3416 354 3558 406 habet
3581 358 3815 419 auferent:

592 463 622 497 a
650 448 884 514 regione.
922 447 981 497 Et
1022 445 1135 497 lucc
1174 444 1377 499 diccus.
1413 443 1610 508 virgam
1655 457 1811 509 quam
1844 441 2064 493 habebat
2111 442 2160 493 itt

593 549 778 597 manu,
811 535 1007 601 pectori
1037 533 1150 598 ejus
1179 546 1296 586 cum
1331 532 1436 584 ictu
1469 531 1642 583 valido
1688 532 1912 598 impulit.
1960 531 2013 583 In
2062 547 2163 598 quo

595 627 688 677 ille
714 625 991 690 evigilans,
1024 625 1148 677 dum
1192 625 1382 692 cogitat
1415 622 1537 689 qttid
1569 622 1670 676 hoc
1715 633 1878 686 esset,
1931 623 2032 676 fixa
2057 632 2082 659 ἰ
2114 625 2164 676 ἱη

599 720 718 768 loco
748 715 835 767 illo
863 715 1130 783 deligitur,
1163 730 1224 767 ac
1253 716 1437 766 dolore
1484 715 1717 766 maximo
1769 715 2057 768 cruciatur.
2112 715 2165 766 In

603 809 703 858 hoc
729 805 887 872 igitur
907 820 1106 872 angore
1129 819 1370 868 manens,
1395 804 1643 857 abhorret
1665 804 1837 858 cibum
1863 814 2166 873 potumque,

601 906 658 949 et
707 903 929 948 mortem
971 899 1084 963 jam
1141 895 1238 947 sibi
1292 895 1584 962 proximam
1632 897 1984 966 praestolatur.
2035 895 2168 960 Quid

606 988 794 1056 plura?
820 987 994 1041 Tertia
1026 987 1112 1040 die
1142 1002 1259 1040 cum
1291 986 1598 1055 sanguinem
1627 1001 1721 1039 ore
1747 987 2048 1055 projiceret,
2080 1003 2172 1039 ex-

603 1082 851 1148 spiravit;
884 1081 1075 1133 exiude
1121 1080 1290 1133 elatus
1341 1078 1623 1149 Lingonas,
1676 1087 1758 1131 est
1804 1082 2063 1145 sepultus.
2119 1080 2170 1131 In

602 1171 756 1240 cujus
788 1172 958 1223 locum
987 1169 1304 1223 Mummolus
1345 1168 1508 1222 abbas
1539 1166 1588 1233 δ,
1620 1182 1776 1235 quem
1820 1168 2020 1220 Bonum
2073 1181 2174 1220 co-

604 1273 891 1331 gnomento
941 1271 1176 1326 vocant,
1225 1262 1510 1331 episcopus
1569 1260 1904 1314 substituitur
1951 1278 1964 1312 :
2015 1276 2170 1329 quem

610 1355 757 1406 uuilti
791 1353 993 1422 magnis
1023 1353 1267 1406 laudibus
1308 1360 1697 1420 prosequuntur
1725 1367 1738 1402 :
1769 1350 2008 1405 dicentes
2053 1367 2173 1404 eum

607 1459 727 1497 esse
753 1454 980 1506 castum,
1009 1442 1268 1505 sobrium,
1299 1440 1650 1505 moderatum,
1683 1455 1744 1493 ac
1772 1440 1822 1492 in
1854 1441 1996 1494 omni
2025 1441 2175 1494 boni-

613 1544 719 1588 tate
747 1535 1221 1602 promptissimum,
1249 1540 1511 1584 amantem
1550 1530 1829 1599 justitiam,
1860 1531 2172 1584 charitatem

609 1629 750 1679 omni
779 1627 1070 1680 intentione
1095 1625 1423 1694 diligentem.
1449 1623 1548 1688 Qui
1585 1633 1800 1689 accepto
1843 1623 2169 1690 episcOpatu.

2268 442 2329 492 ab
2357 458 2415 492 eo
2448 441 2658 512 (.Ilall/t.
2698 459 2813 502 xm.
2860 444 2924 496 1:!
2949 446 2986 512 ).
3023 446 3085 496 Et
3116 445 3240 497 illttd
3274 462 3286 496 :
3323 445 3450 498 Ecce
3476 463 3627 498 sanus
3677 449 3727 513 fa
3755 460 3824 501 tu:

2268 548 2342 594 es,
2379 535 2491 600 jam
2544 535 2647 585 noli
2689 550 2915 600 peccare,
2969 551 3029 586 ne
3075 536 3200 603 quid
3249 536 3338 586 tibi
3387 537 3602 588 deterius
3649 543 3825 591 ctenim

2270 621 2447 693 (Joan.
2480 639 2531 688 v,
2563 624 2680 693 IL).
2706 624 2835 677 Nam
2869 627 3193 692 perstitisset
3225 629 3308 679 hic
3339 626 3389 678 iu
3423 628 3662 685 sanitate.
3689 630 3824 680 silu-

2271 717 2444 770 dzcum
2475 733 2578 768 nou
2613 717 2908 768 induxisset
2942 731 3104 782 super
3127 717 3356 769 divinam
3383 726 3650 771 virtutem.
3685 719 3822 771 Tales

2273 807 2415 860 enim
2464 807 2715 861 admonet
2764 815 2817 858 et
2849 808 3023 875 arguit
3063 808 3372 874 Apostolus,
3422 810 3638 862 dicens:
3674 809 3823 862 Nolite

2273 900 2403 952 enim
2418 900 2603 968 jugutn
2633 899 2816 951 ducere
2857 915 2972 950 cum
2999 899 3310 966 inﬁdelibus.
3357 901 3487 967 Qua:
3509 903 3634 955 enim
3678 904 3822 969 parti-

2275 990 2462 1054 cipatio
2479 989 2691 1055 jns'ititc
2712 1005 2827 1040 cum
2867 990 3136 1057 iniquitate
3158 990 3301 1042 .’Aut
3327 1007 3438 1055 qua,
3466 994 3673 1045 societas
3716 995 3824 1046 lacis

2277 1097 2392 1130 cunt
2423 1081 2635 1131 tenebris
2660 1090 2682 1116 ⁸
2710 1082 2732 1133 ?
2756 1080 2883 1145 ρυω
2905 1092 3071 1132 autem
3101 1084 3491 1135 communicatio
3511 1084 3694 1138 Christi
3729 1103 3826 1137 cum

2278 1168 2438 1222 Belial
2461 1171 2485 1221 ?
2513 1171 2613 1222 Aut
2635 1186 2749 1239 quae
2772 1187 2892 1238 pars
2921 1171 3062 1236 ﬁdeli
3112 1187 3225 1224 cum
3249 1175 3391 1238 inﬁdo
3407 1175 3444 1225 li
3468 1175 3493 1227 Ρ
3535 1175 3654 1239 Quis
3677 1188 3825 1228 autem

2278 1277 2549 1314 consensus
2573 1265 2760 1332 tentplo
2793 1263 2885 1315 Dei
2909 1279 3020 1315 cum
3048 1263 3201 1316 idolis
3235 1267 3257 1318 ?
3291 1265 3391 1318 Vos
3419 1267 3538 1320 estis
3564 1270 3692 1319 enim
3717 1278 3822 1319 lem-

2282 1353 2421 1417 plum
2451 1349 2540 1402 Dei
2564 1352 2682 1404 vivi.
2713 1352 2993 1419 Propterea
3031 1356 3161 1407 exite
3185 1358 3245 1406 de
3287 1359 3450 1409 medio
3477 1374 3672 1426 eorum,
3700 1368 3740 1410 et
3761 1375 3830 1411 sc-

2281 1442 2530 1506 puramini
2571 1441 2630 1494 ab
2668 1441 2770 1504 his,
2800 1443 2870 1494 ait
2902 1443 3187 1496 Dominus‘
3223 1444 3324 1513 (Il
3352 1447 3470 1498 Cor.
3509 1462 3584 1515 vr,
3619 1449 3831 1514 14-17).

2287 1531 2408 1584 Ideo
2438 1533 2628 1586 doceat
2671 1548 3101 1602 unumquemque
3139 1536 3497 1590 Christianum
3535 1540 3643 1590 lucc.
3668 1554 3832 1599 czius:i,

2284 1633 2341 1676 ιιι
2369 1623 2580 1692 quando
2623 1623 2898 1678 caelestem
2931 1627 3176 1693 accipere
3216 1628 3469 1680 meruerit
3512 1628 3830 1690 medicinam,

612 1729 940 1783 cognoscens
965 1716 1110 1783 quod
1145 1713 1460 1778 Lampadius
1490 1711 1711 1767 multum
1743 1712 1810 1767 de
1834 1713 1992 1767 rebus
2039 1714 2178 1766 lrau-
2209 1712 2255 1770 Β
2284 1719 2491 1766 terrena
2523 1727 2627 1765 non
2660 1714 2895 1781 requirat
2924 1715 3121 1766 studia.

609 1806 787 1859 dasset
815 1807 1076 1869 ecclesizr,
1111 1818 1172 1858 ac
1201 1803 1267 1856 de
1297 1803 1482 1872 spoliis
1508 1817 1820 1871 pauperum,
1868 1817 2044 1872 agros,
2103 1802 2179 1855 vi-

613 1910 866 1964 neasque,
895 1894 975 1948 vel
1001 1894 1258 1961 mancipia
1287 1902 1684 1962 congregasset,
1717 1907 1836 1944 eum
1867 1893 1932 1943 ab
1959 1893 2099 1944 omni
2124 1907 2180 1945 re

610 1984 862 2038 nudatum
892 1999 920 2036 a
950 1984 1228 2052 praesentia
1260 1997 1352 2036 sua
1380 1983 1535 2050 jussit
1582 1982 1738 2051 abigi.
1792 1983 1891 2048 Qui
1933 1998 2072 2037 nunc
2125 1983 2177 2036 in

609 2075 834 2128 maxima
866 2084 1172 2142 paupertate
1201 2074 1420 2143 degens,
1451 2073 1692 2128 manibus
1724 2074 1952 2142 propriis
1985 2075 2177 2128 victum

607 2163 818 2232 quierit.
844 2163 966 2218 l-Izec
993 2163 1060 2218 de
1089 2163 1168 2217 bis
1189 2162 1473 2218 sufliciaut.

683 2254 766 2308 Vl.
794 2258 944 2308 Anno
970 2269 1094 2306 vero
1120 2264 1142 2291 α
1175 2269 1279 2321 quo
1307 2268 1488 2319 supra,
1515 2253 1566 2306 id
1595 2262 1677 2307 est
1707 2268 1810 2322 quo
1857 2264 2069 2309 mortuo
2094 2255 2179 2310 Si-

609 2342 815 2409 giberto
842 2342 1207 2395 Childebertus
1239 2342 1378 2394 filius
1405 2342 1520 2409 ejus
1551 2356 1769 2410 regnare
1789 2344 1973 2411 cwpit,
1999 2345 2178 2398 multa:

611 2437 833 2487 virtutes
881 2432 947 2484 ad
999 2433 1296 2501 sepulcrum
1349 2433 1488 2486 beati
1532 2433 1735 2486 Martini
1784 2445 2177 2503 apparuerunt,

613 2541 744 2596 quas
773 2526 823 2579 iu
859 2524 961 2578 illis
987 2524 1176 2579 libellis
1206 2525 1428 2592 scripsi,
1466 2540 1598 2592 quos
1623 2526 1687 2578 de
1710 2525 1878 2591 ipsius
1913 2527 2180 2582 miraculis

612 2630 932 2684 componere
963 2616 1180 2670 tentavi.
1223 2615 1290 2669 Et
1320 2617 1442 2670 licet
1480 2632 1726 2670 sermone
1755 2617 1969 2680 rustico,
2004 2625 2177 2672 tamen

613 2708 790 2763 celare
821 2721 1007 2774 passus
1037 2721 1142 2760 non
1163 2722 1300 2770 sum,
1332 2721 1450 2774 qurc
1473 2717 1563 2758 aut
1590 2707 1702 2774 ipse
1730 2707 1853 2769 vidi,
1885 2717 1976 2760 aut
1998 2723 2025 2759 a
2048 2709 2178 2762 ﬁde-

616 2802 750 2854 libus
779 2799 942 2854 relata
988 2797 1232 2867 cognovi.
1280 2799 1374 2853 llic
1404 2809 1606 2852 tauttnn
1645 2800 1765 2868 quid
1797 2800 2182 2870 negligentibus

614 2892 875 2955 evenerit,
906 2891 993 2960 qui
1026 2898 1150 2960 post
1177 2890 1428 2944 virtutem
1461 2892 1738 2945 caelestem
1772 2901 1985 2946 terrena
2015 2892 2181 2946 medi-

617 2989 862 3035 camenta
906 2982 1251 3049 qumsieruul,
1282 2982 1551 3034 exsolvam
1583 2999 1596 3033 :
1626 2981 1748 3050 quia
1777 2981 1911 3035 sicut
1945 2997 2036 3050 per
2065 2997 2182 3050 gra-

2358 1803 2464 1858 VII.
2518 1803 2623 1859 Sed
2651 1814 2676 1851 ε
2708 1814 2760 1859 et
2798 1805 2922 1859 illud
2963 1819 3382 1859 commemorare
3424 1807 3580 1867 libet,
3620 1811 3721 1875 qui.
3759 1808 3835 1859 ch

2281 1893 2467 1962 quales
2499 1893 2600 1948 viri
2644 1894 2744 1948 hoc
2783 1909 2923 1947 anoo
2953 1909 2981 1946 a
3017 1895 3238 1948 Domino
3283 1905 3407 1947 sunt
3453 1898 3643 1950 vocati.
3699 1897 3838 1950 [inde

2282 2000 2527 2054 magnum
2552 1999 2673 2040 eum
2697 1993 2751 2039 et
2781 1984 2886 2038 Deo
2917 1983 2944 2021 ιι
2975 1984 3354 2052 acceptabilem
3386 2001 3484 2054 ego
3514 2001 3722 2050 censeo,
3749 1989 3831 2054 qui

2281 2076 2399 2130 talis
2427 2077 2495 2130 de
2532 2084 2712 2130 nostra
2755 2083 2896 2128 terra
2939 2090 3034 2129 suo
3078 2076 3323 2143 paradiso
3362 2078 3672 2132 collocatur.
3713 2078 3832 2128 Nam

2282 2168 2591 2222 benedictus
2636 2165 2844 2221 Senoch
2905 2167 3219 2234 presbyter,
3278 2165 3369 2234 qui
3424 2167 3562 2236 apud
3611 2167 3834 2220 Turoaos

2282 2263 2440 2330 211
2487 2257 2814 2321 morabatur,
2845 2256 2924 2310 sic
2951 2256 3194 2324 migravit
3219 2272 3247 2308 a
3278 2256 3496 2309 saeculo.
3531 2256 3648 2310 I-‘uit
3669 2266 3827 2309 autem

2281 2365 2477 2420 genere
2504 2347 2800 2412 Tlteilalus,
2841 2355 2896 2400 et
2945 2347 2994 2398 iu
3022 2347 3286 2400 Turonico
3314 2345 3540 2399 clericus
3578 2347 3752 2408 factus,
3782 2349 3831 2398 in

2281 2440 2526 2494 cellulam
2557 2453 2717 2508 quam
2761 2437 2873 2504 ipse
2910 2437 3048 2489 inter
3092 2437 3317 2504 parietes
3354 2436 3599 2504 antiquos
3633 2451 3833 2502 cumpo-

2281 2539 2483 2592 suerat,
2531 2542 2590 2582 se
2642 2526 3285 2594 retnovitzcollectisque
3330 2527 3622 2590 monachis,
3666 2536 3831 2578 orato-

2284 2622 2440 2678 rium.
2477 2617 2616 2687 quod
2659 2617 2826 2670 multo
2865 2625 3103 2685 tempore
3141 2617 3374 2670 dirutum
3404 2617 3594 2682 fuerat,
3630 2631 3832 2684 repara-

2283 2713 2376 2765 vit.
2407 2711 2548 2764 Idem
2581 2724 2743 2777 super
2784 2707 3026 2761 infirmos
3070 2708 3265 2760 multas
3298 2711 3520 2762 virtutes
3548 2707 3682 2769 fecit,
3709 2721 3836 2775 quas

2285 2801 2334 2854 in
2359 2800 2496 2853 libro
2524 2798 2657 2852 Vita:
2686 2797 2802 2864 ejus
2829 2795 3140 2864 scripsimus
3179 2791 3224 2848 ί.

2356 2888 2488 2943 VIII.
2537 2887 2614 2941 Eo
2665 2886 2844 2940 annol
2882 2895 2934 2939 et
2975 2885 3160 2939 beatus
3191 2883 3486 2939 Germanus
3531 2883 3839 2938 Patisiomm

2286 2980 2563 3048 episcopus
2603 2977 2811 3031 transiit
2841 2992 2854 3027 :
2882 2976 2932 3029 in
2962 2975 3112 3043 Cujus
3141 2975 3440 3044 exsequiis,
3477 2975 3651 3028 multis
3677 2974 3842 3025 virtu-

618 3075 742 3126 tiam
775 3072 938 3142 210
967 3071 1273 3135 sanitatum,
1318 3071 1385 3124 ita
1419 3080 1473 3126 et
1497 3087 1588 3140 per
1626 3073 2021 3141 castigationem
2053 3071 2185 3126 stuI-
2212 3075 2258 3139 C
2289 3072 2429 3124 tibus
2455 3082 2583 3137 quas
2611 3068 2662 3121 in
2702 3081 2926 3134 corpore
2965 3076 3224 3135 gesserat,
3255 3066 3355 3120 hoc
3383 3065 3686 3119 miraculum
3712 3078 3844 3116 con-

623 3173 796 3216 torum
826 3163 989 3215 virtus
1017 3162 1132 3230 ejus
1168 3163 1488 3215 ostenditur.
1533 3162 1823 3217 Leonastes
1870 3163 2133 3232 Biturigus
2155 3159 2182 3199 (¹

620 3253 1047 3320 archidiaconus,
1077 3252 1447 3306 decidentibus
1467 3256 1764 3319 cataractis,
1791 3256 1989 3311 lumine
2015 3259 2184 3310 caruit

620 3343 912 3398 oculorum.
947 3344 1046 3410 Qui
1077 3359 1197 3398 cum
1230 3359 1323 3413 per
1361 3345 1554 3399 multos
1600 3347 1836 3401 medicos
1880 3348 2182 3414 ambulans,

623 3431 753 3487 nihil
776 3432 992 3486 omnino
1021 3431 1238 3485 visionis
1269 3434 1505 3501 recipere
1535 3442 1731 3501 posset,
1752 3436 1977 3490 accessit
2002 3438 2066 3490 ad
2097 3439 2186 3492 ba-

622 3523 827 3576 silicam
858 3521 997 3576 beati
1031 3520 1237 3577 Martini
1272 3537 1286 3575 :
1318 3521 1406 3575 ubi
1441 3537 1532 3591 per
1557 3523 1691 3577 duos
1720 3534 1808 3577 aut
1839 3532 1947 3580 tres
1979 3541 2187 3582 menses

625 3615 951 3676 consistens,
975 3621 1028 3668 et
1054 3612 1302 3680 jejunans
1339 3615 1574 3679 assidue,
1621 3615 1795 3668 lumen
1829 3624 1885 3669 ut
1928 3617 2188 3685 reciperet

624 3703 911 3774 flagitabat.
960 3703 1288 3758 Adveniente
1318 3712 1494 3759 autem
1538 3705 1843 3771 festivitate,
1888 3705 2188 3761 cIarilicatis

625 3796 794 3850 oculis
825 3809 1048 3850 cernere
1067 3796 1258 3864 coepit;
1290 3809 1564 3864 regressus
1590 3811 1800 3866 quoque
1821 3797 2059 3862 domum,
2092 3812 2189 3852 vo-

626 3897 745 3942 cato
772 3887 998 3956 quodam
1030 3886 1237 3950 Iudaeo,
1263 3897 1508 3942 ventosas
1532 3902 1751 3956 quarum
1783 3887 2038 3942 beneficio
2065 3902 2193 3941 ocu-

629 3978 693 4032 lis
729 3977 905 4031 lumen
956 3985 1190 4046 augeret,
1237 3977 1471 4031 humeris
1517 3979 1847 4046 superponit.
1904 3978 2191 4033 Decidente

625 4084 836 4139 quoque
877 4069 1168 4138 sanguine,
1221 4083 1405 4122 rursus
1450 4068 1500 4122 in
1554 4071 1845 4124 recidivam
1897 4071 2190 4124 eiecitatem

630 4159 905 4226 redigitur.
932 4158 1084 4224 Quod
1113 4173 1234 4212 cum
1265 4159 1458 4213 factum
1485 4156 1693 4225 fuisset,
1729 4175 1941 4213 rursum
1970 4161 2034 4212 ad
2060 4169 2194 4212 tem-

631 4247 774 4315 plum
816 4257 1053 4300 sanctum
1093 4261 1368 4315 regressus
1416 4256 1515 4300 est.
1565 4247 1746 4314 Ibique
1793 4249 1981 4300 iterum
2040 4249 2194 4316 longo

632 4338 806 4407 spatio
858 4347 1254 4399 commoratus,
1311 4339 1486 4391 lumen
1539 4341 1775 4404 recipere
1827 4353 1929 4391 non
1980 4339 2192 4391 meruit.

2285 3159 2634 3214 lirmationem
2677 3156 2820 3211 fecit.
2869 3157 3000 3210 Nam
3048 3157 3364 3211 carcerariis
3412 3155 3839 3216 acclamantibus,

2284 3264 2477 3319 corpus
2507 3250 2559 3302 in
2591 3248 2764 3317 platea
2812 3257 3151 3316 aggravatum
3183 3257 3282 3310 est,
3315 3245 3604 3314 solutisque
3625 3245 3838 3307 eisdem,

2286 3355 2493 3393 rursum
2538 3338 2653 3394 sine
2694 3337 2876 3391 labore
2921 3337 3162 3391 levatur;
3213 3336 3310 3404 ipsi
3339 3350 3546 3404 quoque
3568 3334 3654 3403 qui
3685 3335 3838 3387 soluti

2288 3431 2512 3495 fuerant,
2547 3432 2596 3483 in
2623 3429 2929 3498 obsequium
2968 3428 3167 3482 funeris
3195 3443 3360 3496 usque
3390 3427 3454 3480 ad
3487 3425 3750 3479 basilicam
3785 3425 3834 3478 in

2289 3538 2391 3590 qua
2422 3520 2661 3589 sepultus
2686 3529 2790 3588 est,
2816 3519 2965 3572 liberi
2999 3527 3372 3586 pervenerunt.
3407 3519 3483 3573 Ad
3511 3515 3832 3586 sepulcrum"

2289 3625 2462 3664 autem
2492 3609 2607 3678 ejus
2640 3609 2832 3662 multas
2871 3608 3116 3674 virtutes,
3151 3608 3372 3662 Domino
3409 3608 3691 3664 tribuente.
3736 3621 3842 3659 cre-

2289 3703 2476 3755 dentes
2502 3701 2882 3769 experiuntur:
2910 3699 2980 3752 ita
3011 3708 3070 3752 ut
3097 3699 3340 3767 quisque,
3379 3700 3421 3751 si
3449 3697 3592 3766 justa
3626 3696 3840 3764 petierit,

2291 3795 2550 3848 velociter
2585 3801 2833 3857 exoptata
2875 3800 3130 3860 reportet.
3163 3790 3219 3845 Si
3249 3792 3365 3859 quis
3397 3800 3572 3843 tamen
3613 3799 3845 3842 strenuus

2295 3887 2518 3938 virtutes
2566 3884 2730 3945 illius,
2762 3897 2893 3952 quas
2942 3884 2992 3936 in
3026 3896 3250 3950 corpore
3296 3882 3436 3944 fecit,
3483 3880 3708 3934 sollicite
3744 3880 3848 3930 vult

2295 3977 2578 4043 inquirere,
2621 3974 2814 4027 librum
2849 3971 2981 4026 Vita:
3028 3973 3204 4036 illius,
3237 3973 3323 4040 qui
3355 3985 3384 4022 a
3419 3970 3706 4024 Fortunato
3741 3983 3841 4036 pre-

2295 4068 2512 4135 sbytero
2539 4067 2864 4130 compositus
2894 4075 2997 4130 est,
3024 4065 3205 4134 lcgcus
3239 4074 3427 4117 cuncta
3461 4065 3685 4132 reperiet
3709 4059 3749 4114 ι.

2379 4160 2465 4212 IX.
2524 4157 2726 4211 Eodem
2755 4167 2793 4193 ω
2823 4171 3033 4226 quoque
3071 4170 3212 4209 anno
3241 4164 3294 4208 et
3331 4153 3562 4222 Caluppa
3602 4153 3850 4206 reclausus

2297 4249 2447 4302 obiit.
2491 4248 2585 4300 llic
2619 4258 2795 4300 autem
2833 4247 2898 4300 ab
2945 4244 3160 4299 infantia
3204 4259 3296 4299 sua
3341 4259 3552 4309 semper
3591 4242 3852 4310 religiosus

2302 4340 2413 4404 fuit,
2447 4347 2500 4392 et
2530 4337 2664 4405 apud
2713 4337 3091 4390 monasterium
3139 4335 3415 4389 Melitense
3446 4343 3472 4370 ιι
3505 4333 3711 4386 termini
3762 4332 3848 4383 Ar-

635 4429 786 4495 Quod
812 4430 859 4483 ei
887 4430 955 4482 ob
982 4438 1251 4498 peccatum
1276 4443 1377 4481 non
1405 4429 1694 4497 praestitum
1720 4442 1861 4492 reor,
1886 4427 2033 4495 juxta
2062 4429 2187 4482 illud
2227 4443 2278 4502 D
2303 4429 2448 4484 verni
2481 4443 2798 4493 conversus,
2837 4427 2890 4481 in
2935 4441 3123 4494 magna
3171 4440 3228 4479 se
3273 4425 3571 4477 humilitate
3619 4419 3852 4476 fratribus

634 4523 956 4577 dominicum
1003 4522 1278 4576 oraculum
1310 4538 1324 4574 :
1355 4520 1455 4585 Qui
1475 4521 1640 4584 habet,
1665 4520 1869 4572 dabitur
1889 4522 1954 4585 ri,
1983 4521 2203 4574 etabun-

711 4684 736 4709 ἰ
761 4673 848 4728 Sic
877 4673 1060 4741 Regm.
1091 4673 1228 4726 Editi
1255 4687 1382 4726 vero
1405 4688 1523 4725 cum
1554 4673 1675 4727 Bec.
1697 4713 1715 4737 ,
1761 4673 1877 4739 ﬁcta
1897 4716 1909 4736 ,
1940 4690 2041 4737 qua
2073 4689 2204 4728 voce

641 4745 804 4797 utitur
848 4746 970 4796 item
1010 4743 1297 4811 Gregorius
1337 4742 1430 4796 lib.
1465 4757 1520 4795 III
1559 4743 1626 4797 de
1656 4744 1840 4796 Mirac.
1879 4745 1935 4796 S.
1972 4745 2202 4808 Martini,

639 4830 756 4880 cap.
792 4813 877 4866 IO.
912 4813 1002 4865 ESt
1040 4827 1213 4865 autem
1259 4814 1396 4875 ficta,
1432 4823 1486 4864 ttt
1526 4823 1671 4879 putat
1712 4816 2004 4876 Alteserra,
2047 4814 2202 4866 dolor

639 4883 1131 4956 subitaneus,‘quasi
1144 4882 1326 4956 clavus
1342 4881 1550 4956 infixus,
1564 4882 1698 4934 sicut
1712 4883 1900 4956 medici
1920 4884 2200 4956 πλερρὶτιν,

644 4956 802 5010 telum
836 4953 1125 5021 appellant.
1153 4951 1339 5021 Nostra
1371 4952 1528 5021 lectio
1555 4966 1666 5003 rem
1701 4952 1867 5018 magis
1896 4951 2162 5019 exprimit.

715 5025 740 5062 δ
771 5024 817 5078 Is
843 5020 935 5076 fuit
961 5023 1124 5075 abbas
1155 5023 1211 5076 S.
1241 5020 1459 5074 Joannis
1489 5020 1828 5074 Reomaensis
1847 5023 1897 5074 in
1926 5036 2051 5089 agro
2072 5023 2204 5075 Tor-

643 5095 946 5156 uodoreusi,
979 5095 1066 5160 qui
1098 5102 1280 5144 sancto
1302 5092 1562 5145 Silvestre
1591 5102 1948 5154 succestserat;
1979 5092 2076 5159 ipsi
2110 5107 2204 5144 ve-

645 5180 702 5215 ro
728 5166 1040 5217 substitutus
1063 5170 1145 5214 est
1173 5160 1551 5230 Lcopardinus.
1587 5161 1902 5214 Mummolus
1946 5161 2055 5229 jam
2096 5162 2209 5230 epi-

648 5247 839 5300 scopus
862 5233 1174 5298 subscripsit
1201 5229 1391 5300 i'oncil.
1424 5229 1675 5300 Matiscg
1708 5239 1759 5283 et
1781 5245 1841 5284 ll.

719 5299 757 5369 9’
777 5303 885 5355 lluc
911 5313 1069 5369 caput
1093 5305 1236 5354 ileeSI
1270 5301 1320 5352 iit
1350 5299 1506 5353 Corb.
1538 5309 1589 5352 et
1621 5299 1824 5354 Beli-iv.

716 5368 740 5404 ά
775 5371 924 5424 Becc.
957 5367 1010 5424 et
1037 5369 1211 5432 Colh.,
1248 5370 1528 5422 Leonnatis.
1574 5370 1782 5436 Regm.,
1818 5369 2078 5424 Leonastis
2118 5367 2209 5422 Bi-

647 5439 930 5492 luricensis.
986 5441 1164 5502 Freb.,
1212 5442 1486 5492 lautvastis.
1550 5441 1683 5492 Editi
1739 5449 1931 5507 prmter
1980 5442 2205 5504 Chcsu.,

646 5510 912 5559 Leonnate:
941 5507 1195 5575 Biturigis.

720 5586 742 5610 °
780 5578 988 5642 Itcgut.,
1018 5576 1140 5627 Luci
1163 5579 1228 5628 ad
1259 5579 1543 5630 tenebras...
1575 5580 1641 5628 ad
1665 5576 1850 5630 Belial.

725 5645 740 5681 ί
775 5646 903 5698 ldctt
926 5684 938 5704 ,
972 5645 1090 5695 dicit
1121 5645 1385 5698 Dominus.

2301 4521 2548 4589 praebuit,
2581 4519 2721 4573 sicut
2750 4519 2801 4572 iu
2832 4518 2966 4572 libro
3000 4517 3131 4571 Vita:
3152 4526 3174 4552 ο
3203 4515 3319 4585 ejus
3345 4515 3657 4584 scripsimus

2376 4683 2398 4741 Β
2435 4673 2546 4726 lloc
2573 4679 2732 4741 caput
2759 4671 2909 4724 deest
2936 4671 2986 4722 in
3014 4669 3201 4741 Corb.,
3233 4667 3436 4741 Bellov.
3465 4679 3517 4721 et
3547 4665 3697 4720 Colb.

2377 4740 2400 4778 ιε
2435 4736 2654 4812 Reguiu-
2689 4751 2736 4794 et
2763 4741 2896 4793 ideo.
2939 4741 3003 4794 Et
3039 4739 3173 4793 iufia
3201 4739 3310 4804 alii,
3352 4739 3436 4806 qui
3474 4741 3667 4792 tales...
3710 4736 3850 4788 collo-

2305 4824 2452 4867 cavit.

2383 4881 2397 4917 ί
2434 4883 2574 4934 later
2598 4880 2746 4934 Vitas
2770 4878 2984 4932 Patrum
3017 4891 3135 4944 cap.
3163 4875 3247 4930 15.
3282 4876 3354 4929 De
3381 4875 3696 4930 Teifalorum
3719 4881 3856 4941 gente

2306 4953 2428 5006 vide
2451 4967 2606 5018 supra
2637 4952 2725 5002 lib:
2759 4965 2828 5011 tv,
2858 4946 3093 5018 capiti).

2385 5023 2398 5070 l
2440 5015 2600 5074 Corb.
2635 5029 2688 5072 et
2721 5015 2948 5077 Bellov.,
2980 5016 3057 5069 Eo
3081 5025 3304 5080 tempore
3327 5015 3522 5068 beatus.

2379 5089 2403 5126 ¹ί
2433 5091 2483 5144 Id
2514 5103 2595 5144 εει
2627 5090 2897 5141 basilicuu
2931 5089 2988 5142 S.
3023 5087 3208 5139 Crucis
3233 5097 3284 5138 et
3311 5085 3369 5139 S.
3397 5083 3804 5150 Vlncentiifqum
3832 5090 3854 5124 a

2310 5160 2670 5228 compluribus
2693 5159 2904 5228 smculis
2932 5158 3102 5228 sancti
3136 5155 3465 5228 confessoris
3489 5149 3858 5228 tt0tttitievulgo

2314 5224 2641 5297 designatur.
2673 5227 2818 5282 Obiit
2843 5227 2932 5280 die
2957 5227 3026 5280 28
3056 5225 3177 5279 Maii
3204 5239 3309 5291 quo
3335 5225 3638 5277 celebratur
3668 5224 3776 5290 ejus
3800 5225 3860 5268 tc-

2315 5311 2542 5355 ειινιωε.

2392 5373 2405 5404 ι
2445 5369 2626 5420 Exstat
2652 5365 2788 5432 apud
2814 5366 3028 5420 Surium
3058 5372 3110 5415 et
3142 5360 3450 5415 Bollandum
3474 5361 3544 5432 28
3577 5361 3718 5424 Maii,
3742 5366 3788 5412 et
3816 5357 3854 5404 in

2317 5441 2515 5493 smculo
2543 5457 2554 5490 I
2586 5431 2838 5491 Actorum
2870 5435 2967 5489 SS.
3004 5433 3131 5486 Old.
3170 5431 3517 5484 Benedicttni.

2390 5520 2426 5544 ω
2456 5508 2612 5561 [)eest
2635 5507 2734 5558 hoc
2763 5516 2921 5572 caput
2946 5506 2997 5555 in
3026 5503 3208 5564 Corlv.,
3245 5501 3446 5553 Bellov.
3475 5511 3529 5554 et
3559 5499 3708 5553 Colu.

2392 5587 2418 5613 ⁸³
2450 5579 2635 5644 Regni.
2663 5586 2716 5628 et
2746 5576 2895 5636 Bad.,
2932 5573 3224 5624 Meletcnse.

2391 5658 2416 5683 ο
2441 5640 2696 5701 Εεῐίηιετ
2729 5645 2872 5698 Vitas
2902 5644 3138 5702 Patrum,
3162 5657 3279 5704 cap.
3313 5640 3395 5692 Il.
