3994 6194
240 198 336 251 5⁵25

1228 198 1535 254 HISTORIA
1585 193 2024 250 FRANCORUM.
2068 191 2267 247 LIBER
2306 194 2621 262 QUINTUS.

3387 203 3490 257 5:6

310 313 376 366 Χ.
437 313 559 368 Fuit
587 322 812 368 tlautcm
857 314 908 367 in
965 314 1196 367 Biturica
1244 313 1476 366 termino
1523 309 1814 374 reclausus,
1848 315 1890 369 Α
1923 319 2243 374 synagogam
2297 305 2601 360 ludicorum
2646 305 2925 362 multitudo
2973 318 3079 363 tota
3131 315 3490 381 sequentium,

249 407 457 460 nomine
505 408 834 475 Patroclus,
891 408 1206 476 presbyterii
1267 408 1470 462 honore
1523 405 1816 475 praeditus,

250 502 390 551 mine
417 500 717 552 sanctitatis
744 515 805 553 ac
832 500 1134 570 religionis,
1165 500 1246 553 vir
1284 513 1488 567 magnae
1529 498 1806 551 abstinen-

248 589 359 646 tiae.
386 591 476 656 qui
524 590 838 657 plerumque
879 591 945 643 ab
995 590 1165 644 inedia
1207 590 1434 645 diversis
1467 588 1818 642 incommodis

247 682 568 735 vexabatur.
604 682 819 747 Vinum,
865 682 1134 746 siceram,
1174 683 1256 736 vel
1309 697 1466 736 omne
1513 679 1651 750 quod
1699 679 1816 732 ine-

247 777 420 830 briare
450 784 651 841 potest,
685 790 788 828 non
819 775 1035 828 bibebat
1088 784 1285 842 praiter
1313 789 1500 842 aquam
1539 785 1819 839 parumper

247 866 402 916 melle
448 865 654 916 linitam
690 881 701 916 :
733 864 827 918 sed
875 879 974 916 nec
1020 863 1291 931 pulmento
1332 864 1509 930 aliquo
1553 861 1815 912 utebatur.

247 953 408 1019 Cujus
431 955 600 1007 victus
639 962 750 1007 erat
779 953 926 1022 panis
957 953 1010 1006 in
1040 968 1229 1021 aquam
1269 955 1490 1015 infusus,
1521 960 1679 1019 atque
1709 950 1818 1002 sale

246 1047 403 1113 212
459 1057 737 1110 respersus
781 1060 794 1096 :
837 1044 993 1111 hujus
1046 1044 1184 1097 oculi
1238 1058 1505 1112 nunquam
1557 1042 1818 1109 caligare-

244 1143 382 1183 rnnt.
421 1132 548 1185 Erat
573 1140 749 1185 autem
786 1134 835 1186 in
866 1133 1107 1186 oratione
1146 1135 1426 1186 assiduus.
1459 1147 1617 1199 quam
1649 1133 1692 1184 si
1727 1146 1818 1191 ia-

245 1238 461 1289 rumper
491 1228 940 1291 praetermiswset,
972 1235 1064 1278 aut
1090 1225 1297 1293 legebat
1319 1223 1540 1290 aliquid,
1562 1231 1652 1275 aut
1683 1221 1819 1274 scri-

247 1316 420 1367 bebat.
454 1315 782 1383 Frigoriticis
809 1315 858 1384 δ,
902 1316 1128 1386 pustulis
1156 1315 1516 1369 laborantibus
1535 1355 1550 1379 ,
1579 1313 1663 1366 vcl
1697 1313 1817 1368 relic

242 1406 366 1473 quis
397 1405 628 1468 morbis,
662 1421 806 1475 smpe
832 1423 927 1476 per
956 1407 1253 1461 orationem
1292 1404 1528 1459 remedia
1568 1404 1813 1458 confere-

243 1495 350 1548 bat.
393 1494 500 1548 Sed
533 1505 585 1548 et
614 1496 715 1548 alia
747 1497 895 1566 signa
927 1497 1086 1549 multa
1117 1495 1259 1557 fecit,
1303 1509 1422 1563 qua:
1453 1507 1545 1560 per
1569 1490 1814 1544 ordinem

243 1583 458 1652 longum
490 1592 572 1638 est
595 1599 866 1639 enarrare.
907 1584 1147 1640 Cilicium
1177 1598 1390 1654 semper
1419 1597 1550 1650 puro
1594 1581 1816 1636 adhibe-

1918 393 2349 462 destructamquc
2386 409 2414 447 a
2457 393 2836 462 fundamentis,
2867 401 3036 469 campi
3065 403 3222 472 213
3260 405 3491 471 planitioi

1917 484 2176 537 assimilat
2204 481 2253 536 δ.
2284 483 2401 537 Alia
2431 495 2607 539 autem
2635 486 2721 539 die
2744 488 2997 541 sacerdos
3025 491 3102 542 eis
3133 492 3334 559 legatos
3365 497 3491 546 mit-

1919 576 2000 637 tit,
2056 573 2287 627 dicens:
2327 573 2385 626 Vi
2425 588 2526 644 ego
2577 589 2668 627 vos
2706 576 2947 630 confiteri
3002 577 3094 630 D.i
3146 580 3339 635 Filium
3385 600 3489 637 non

1919 661 2154 729 impello,
2197 662 2288 715 sed
2321 670 2491 716 tamen
2524 663 2774 730 praedico,
2809 679 2859 719 et
2885 668 3048 719 salem
3079 670 3315 724 scientia:
3351 683 3362 708 ι
3402 690 3493 726 ve-

1917 754 2044 806 stris
2097 755 2398 822 pectoribus
2427 756 2597 809 trado.
2653 757 2840 811 Pastor
2869 774 2985 812 sum
3027 761 3169 815 enim
3208 763 3491 821 dominicis

1916 846 2102 897 ovibus
2136 846 2534 913 superpositus,
2575 855 2630 900 et
2667 847 2734 900 de
2761 848 2909 901 vobis
2941 849 3027 904 ille
3065 866 3223 905 verus
3265 855 3472 922 Pastor,

1918 938 2004 1003 qui
2036 951 2131 1005 pro
2160 937 2313 991 nobis
2357 951 2542 1005 passus
2569 947 2670 1003 est,
2704 940 2846 993 dixit
2878 941 3075 998 habere
3114 958 3175 998 se
3202 943 3334 1000 alias
3362 962 3490 1002 oves

1917 1049 2035 1102 qua:
2066 1048 2170 1087 non
2200 1044 2411 1089 suntex
2445 1036 2568 1089 ovili
2599 1051 2718 1103 suo,
2757 1054 2887 1107 quas
2920 1055 3038 1094 eum
3071 1052 3299 1110 uporteat
3324 1047 3491 1099 addu.

1917 1139 2048 1189 cere,
2095 1135 2149 1176 ut
2176 1124 2267 1192 ﬁat
2294 1142 2423 1178 unus
2451 1143 2574 1196 grex
2603 1136 2650 1181 et
2678 1145 2807 1182 unus
2834 1140 3005 1197 pastor
3036 1136 3054 1194 (
3083 1131 3236 1186 Jaan.
3269 1151 3322 1201 x,
3359 1135 3425 1189 16
3446 1135 3485 1200 ).

1918 1219 2147 1287 Ideoque
2175 1221 2217 1274 si
2264 1222 2422 1276 vultis
2451 1223 2672 1278 credere
2703 1235 2761 1278 ut
2789 1241 2905 1294 ego,
2948 1236 3116 1283 estote
3155 1245 3291 1285 unus
3334 1247 3487 1299 grex,

1917 1311 2139 1366 custode
2170 1326 2254 1365 me
2280 1313 2451 1378 posito
2476 1331 2489 1378 ;
2517 1315 2599 1367 sin
2634 1329 2761 1368 vero
2784 1317 2946 1379 aliud,
2990 1319 3260 1375 abscedite
3285 1336 3312 1372 a
3348 1323 3484 1376 loco.

1918 1398 1994 1453 llli
2026 1410 2202 1454 autem
2232 1401 2320 1455 diu
2345 1413 2630 1459 aestuantes
2658 1415 2816 1472 atque
2845 1407 3166 1474 dubitantes,
3195 1412 3347 1466 tertia
3371 1415 3479 1479 die,

1919 1494 2167 1559 utcredo,
2189 1495 2408 1549 obtentu
2429 1497 2709 1564 pontificis,
2727 1501 2998 1566 conjuncti
3019 1504 3068 1556 in
3090 1519 3246 1558 unum
3273 1506 3337 1560 ad
3361 1522 3482 1561 eum

1917 1584 2166 1637 mandata
2221 1586 2519 1653 remittunt,
2571 1588 2810 1644 dicentes
2847 1591 3162 1649 :Credimus
3199 1595 3379 1652 Jesum
3419 1600 3485 1651 li-

247 1679 336 1731 bat
361 1679 595 1746 corpori.
629 1677 728 1742 Qni
768 1675 1106 1746 octogenaria
1136 1683 1293 1728 aetate
1327 1672 1618 1727 abscedens
1658 1686 1686 1724 a
1716 1684 1816 1724 εαξ-
1845 1665 1892 1723 Β
1919 1671 2043 1725 lium
2075 1674 2166 1728 Dei
2195 1674 2325 1738 vivi,
2359 1677 2512 1730 nobis
2545 1680 2923 1748 prophetarum
2950 1685 3171 1740 vocibus
3201 1691 3488 1756 repromis-

242 1769 382 1835 culo,
413 1769 666 1838 migravit
691 1768 758 1823 ad
787 1766 1076 1822 Christum.
1125 1766 1452 1834 Scripsimus
1478 1773 1532 1819 et
1559 1763 1627 1818 de
1659 1763 1813 1830 hujus

245 1858 356 1912 Vita
389 1860 624 1913 libellum
654 1870 704 1910 ο.

311 1951 398 2005 Xl.
445 1951 512 2006 Et
539 1950 661 2021 quia
703 1965 918 2020 semper
950 1950 1093 2004 Deus
1141 1958 1323 2003 noster
1350 1947 1656 2003 sacerdotes
1688 1958 1813 1999 suos

243 2041 541 2109 glorificare
588 2041 868 2109 dignatur,
916 2040 1040 2110 quid
1083 2045 1323 2093 Arverno
1363 2038 1430 2092 de
1466 2036 1662 2091 Judacis
1712 2035 1813 2087 hoc

247 2145 380 2183 anno
418 2131 723 2198 contigerit,
775 2129 1021 2198 pandam.
1063 2131 1192 2184 Cum
1238 2129 1455 2183 eosdem
1503 2129 1812 2196 plerumque

251 2221 428 2276 beatus
477 2218 1024 2290 Avitusdepiscopus
1076 2229 1462 2283 commoneret,
1521 2230 1573 2271 ut
1629 2221 1814 2272 relicto

253 2314 500 2367 velamine
545 2313 677 2382 legis
709 2313 983 2376 Mosaicaa,
1031 2312 1344 2382 spiritaliter
1384 2313 1517 2365 lecta
1550 2310 1812 2378 intellige-

256 2411 383 2466 rent,
414 2411 468 2454 et
493 2400 766 2454 Christum
809 2401 972 2453 filium
1005 2400 1226 2454 viventis
1262 2399 1372 2463 Dei,
1425 2397 1729 2466 prophetica
1759 2403 1814 2449 et

259 2493 447 2561 regali°
477 2493 794 2545 auctoritate
835 2491 1174 2559 promissum,
1219 2490 1378 2543 corde
1426 2489 1710 2556 purissimo
1756 2487 1810 2541 in

259 2583 410 2635 sacris
451 2583 642 2635 litteris
672 2589 1191 2650 contemplarentur;
1226 2580 1472 2634 manebat
1501 2580 1551 2633 in
1585 2580 1814 2649 pectori-

261 2673 346 2726 bus
389 2690 595 2740 eorum,
640 2688 750 2742 iam
781 2691 886 2728 non
916 2675 1109 2736 dicam,
1143 2674 1382 2727 velamen
1416 2672 1572 2736 illud,
1603 2688 1707 2741 quo
1738 2675 1813 2726 fa-

263 2767 360 2820 cies
387 2767 552 2838 Moysi
581 2769 1018 2833 obumbrabatur,
1047 2769 1138 2823 sed
1165 2769 1360 2837 paries,
1387 2769 1664 2822 sacerdote
1680 2783 1813 2837 quo-

263 2871 351 2924 que
375 2868 588 2922 orante,
637 2868 694 2912 ut
743 2860 986 2914 conversi
1013 2859 1078 2913 ad
1120 2859 1429 2922 Dominum,
1477 2858 1718 2912 velamen
1745 2857 1812 2913 ab

266 2947 330 2999 cis
357 2947 540 3002 litterae
568 2958 908 3017 rumperetur
937 2947 956 2988 ί
986 2990 1001 3013 ,
1025 2949 1242 3019 quidam
1270 2965 1334 3002 ex
1365 2947 1446 3002 his
1474 2948 1539 3002 ad
1564 2959 1806 3003 sanctum

1914 1779 2064 1825 sum:
2091 1775 2143 1819 et
2170 1766 2187 1817 l
2223 1768 2344 1822 ideo
2371 1770 2597 1837 petimus
2628 1780 2684 1825 ut
2714 1774 2994 1828 abluamur
3024 1776 3304 1845 baptismo,
3338 1795 3404 1834 ne
3430 1781 3479 1833 in

1917 1855 2016 1910 hoc
2069 1857 2264 1912 delicto
2315 1875 2742 1926 permaneamus.
2795 1856 3020 1919 G'avisus
3065 1878 3246 1922 autem
3298 1871 3484 1924 nuntio

1916 1947 2173 2013 pontifex,
2209 1959 2363 2004 nocte
2391 1961 2570 2006 sancta
2603 1951 2968 2021 Pentecostes,
3010 1957 3206 2026 vigiliis
3244 1961 3482 2015 celebra-

1917 2036 2003 2099 tis,
2051 2038 2114 2090 ad
2157 2039 2519 2107 baptisterium
2566 2042 2709 2099 foras
2750 2061 3062 2103 muraneum
3089 2063 3334 2118 egressus
3359 2062 3480 2109 est'

1917 2123 2094 2193 ibique
2123 2142 2297 2182 omnis
2330 2131 2613 2187 multitudo
2639 2148 2818 2189 coram
2854 2151 2919 2189 eo
2949 2148 3232 2206 prostrata,
3285 2142 3484 2209 baptis-

1918 2229 2059 2267 mum
2094 2216 2362 2283 flagitavit.
2396 2220 2465 2272 At
2497 2221 2582 2275 ille
2615 2237 2724 2290 prze
2753 2224 2944 2293 gaudio
2986 2227 3317 2296 lacrymans,
3345 2248 3479 2287 cun-

1913 2314 2027 2358 ctos
2055 2321 2189 2374 aqua
2214 2308 2460 2375 abluens,
2488 2313 2777 2368 chrismate
2806 2314 3020 2384 liniens,
3068 2318 3121 2371 in
3150 2319 3270 2375 sinu
3298 2324 3483 2378 matris

1915 2396 2170 2451 Ecclesiae
2215 2402 2573 2469 congregavit.
2629 2403 2946 2474 Flagrabant
2997 2411 3162 2479 cerei,
3214 2413 3484 2484 lampades

1914 2488 2266 2557 refulgebant,
2299 2492 2562 2548 albicabat
2587 2503 2694 2550 tota
2723 2497 2910 2551 civitas
2940 2498 3008 2554 de
3037 2517 3194 2571 grege
3220 2505 3483 2562 candido:

1915 2596 2012 2636 nec
2040 2583 2214 2636 minus
2244 2584 2336 2638 fuit
2370 2585 2488 2640 urbi
2519 2588 2962 2659 gaudium,quam
2986 2595 3250 2661 quondam
3281 2597 3484 2664 Spiritu

1911 2680 2098 2725 sancto
2119 2671 2478 2729 descendente
2491 2690 2650 2745 super
2671 2679 2963 2746 apostolos,
2981 2681 3272 2738 Jerusalem
3303 2688 3485 2742 videre

1914 2762 2221 2828 promeruit.
2240 2763 2656 2819 Fueruntautem
2675 2767 2762 2835 qui
2791 2768 3040 2838 baptizati
3070 2782 3223 2838 sunt,
3257 2775 3484 2842 amplius

1912 2848 2204 2917 quingenti.
2235 2851 2438 2908 llivcro
2460 2854 2549 2922 qui
2589 2855 2903 2923 baptismum
2949 2861 3224 2929 percipere
3251 2860 3279 2900 ι
3304 2867 3484 2919 uolne-

1913 2950 2057 3006 runt,
2091 2940 2426 2998 discedentes
2454 2944 2521 2999 ab
2551 2945 2639 2999 illa
2671 2947 2820 3012 urbe,
2848 2950 3093 3005 Massiliae
3123 2953 3314 3009 redditi
3339 2968 3485 3014 sunt.

269 3035 469 3102 Pascha,
500 3049 557 3093 ut
580 3040 940 3106 baptizaretur
967 3039 1206 3107 expetiit,
1232 3048 1555 3106 renatusque
1584 3038 1694 3092 Deo
1719 3053 1811 3106 per
1836 3026 1886 3090 C
1985 3029 2098 3084 ΧΙΙ.
2138 3031 2371 3087 Transiit
2403 3033 2416 3070 ¹
2457 3036 2692 3103 ροειὴωθ
2722 3046 2775 3090 et
2802 3037 3027 3093 Brachio
3071 3042 3235 3097 abbas
3279 3047 3487 3102 cellula:

272 3129 496 3198 baptismi
526 3139 918 3185 sacramentum
939 3171 955 3197 ,
986 3146 1108 3184 cum
1137 3131 1327 3183 albatis
1354 3131 1568 3199 reliquis
1599 3131 1652 3183 in
1683 3129 1816 3184 albis

271 3229 314 3272 et
339 3220 442 3287 ipse
478 3222 736 3289 procedit.
780 3220 1202 3290 lngredientibus
1241 3229 1417 3275 autem
1452 3221 1662 3291 pupulis
1695 3235 1818 3290 pur-

274 3322 363 3366 tam
384 3315 632 3379 civitatis,
675 3329 812 3368 unus
838 3313 1141 3368 Iudaeorum
1173 3328 1332 3381 super
1374 3321 1535 3381 caput
1572 3311 1817 3367 conversi

274 3399 417 3457 Judaei
463 3406 637 3460 oleum
689 3403 932 3470 fetidum,
982 3404 1193 3458 diabolo
1243 3404 1548 3472 instigante,
1581 3402 1812 3457 diffudit.

273 3497 404 3559 Quod
436 3512 553 3551 cum
585 3505 809 3551 cunctus
833 3494 1129 3550 abhorrens
1162 3496 1385 3563 populus
1414 3495 1670 3549 voluisset
1696 3510 1816 3549 eum

276 3601 443 3655 urgere
472 3587 755 3657 lapidibus,
783 3585 1020 3656 pontifex
1043 3595 1101 3639 ut
1127 3585 1278 3639 fieret
1305 3601 1406 3639 non
1433 3585 1693 3654 permisit.
1725 3585 1819 3640 Dic

275 3689 428 3731 autem
455 3677 630 3742 beato,
655 3692 760 3746 quo
782 3677 1036 3730 Dominus
1054 3675 1119 3729 ad
1142 3676 1309 3730 caelos
1337 3684 1456 3744 post
1479 3676 1816 3745 redemptum

279 3769 520 3822 hominem
551 3767 796 3822 ascendit
822 3767 1104 3837 gloriosus,
1137 3780 1258 3821 cum
1281 3766 1531 3821 sacerdos
1557 3766 1622 3820 de
1648 3765 1820 3820 eccle-

276 3861 340 3912 sia
367 3862 424 3914 ad
455 3861 729 3915 basilicam
755 3868 780 3906 ε
815 3857 1090 3928 psallendo
1121 3859 1452 3927 procederet,
1484 3858 1633 3911 irruit
1660 3871 1818 3927 super

343 4019 368 4047 ⁸
389 4010 536 4065 Deest
556 4019 612 4064 et
634 4010 734 4063 hoc
765 4018 922 4076 caput
949 4010 999 4064 in
1033 4009 1218 4064 iisdem
1252 4008 1284 4060 5
1312 4024 1440 4063 mss.

344 4077 727 4152 l*l-‘rigoriticos
769 4082 961 4152 passim
1009 4076 1603 4152 metltnra‘t‘Gl‘chfitlS,
1648 4077 1699 4152 id
1738 4086 1822 4152 est

279 4147 405 4203 febre
430 4147 924 4218 laborantes,’quud
956 4151 1192 4203 accessio
1225 4149 1385 4201 febris
1408 4164 1434 4201 a
1467 4148 1661 4216 frigore
1688 4149 1820 4202 inci-

277 4220 633 4282 piat.Pustulas
657 4229 712 4273 ut
729 4221 1006 4287 plurimum
1041 4220 1240 4273 habent
1271 4219 1420 4286 editi,
1447 4220 1658 4285 pusulas
1689 4232 1816 4272 vero

277 4289 458 4357 scripti.
487 4291 718 4344 Pustulae
745 4300 915 4343 tamen
944 4291 1154 4357 proprie
1192 4297 1313 4341 sunt
1346 4299 1580 4341 tumores
1605 4303 1700 4341 seu
1731 4303 1821 4342 ve-

1917 3120 2261 3176 Manatensis.
2296 3123 2414 3178 Fuit
2442 3135 2618 3180 autem
2650 3142 2846 3196 genere
2877 3129 3198 3202 Thoringus,
3230 3137 3283 3191 in
3315 3143 3488 3195 servi-

1919 3209 2047 3263 tium
2074 3210 2111 3266 S
2132 3213 2325 3278 givaldi
2353 3215 2615 3282 quondam
2650 3217 2798 3271 ducis
2825 3221 3160 3277 venationem
3188 3240 3446 3284 exercens
3472 3274 3487 3296 ,

1919 3302 2054 3356 sicut
2083 3304 2204 3356 a'ibi
2235 3304 2541 3372 scripsimus
2564 3315 2623 3359 ιιι.

1987 3395 2149 3464 214.
2186 3396 2322 3449 ΧΙΙΙ.
2365 3397 2504 3467 Ergo
2554 3407 2609 3451 nt
2654 3399 2720 3454 ad
2767 3403 3093 3470 propositum
3133 3420 3484 3477 revertamur,

1917 3487 2248 3554 Chilpericus
2279 3503 2371 3543 rex
2393 3490 2826 3547 Chlodovechum
2854 3494 3019 3550 ﬁlium
3065 3511 3217 3552 suum
3262 3500 3493 3556 Turonis

1920 3579 2230 3633 transmisit.
2265 3580 2366 3646 Qui
2394 3593 2717 3653 congregato
2749 3588 3022 3653 exercitu,
3067 3589 3118 3642 in
3152 3592 3434 3647 terminum
3462 3603 3491 3630 τι

1921 3665 2270 3734 Turonicum,
2301 3679 2355 3723 et
2381 3671 2724 3740 Andegavum
2770 3687 2940 3742 usque
2970 3675 3233 3732 Santonas
3258 3682 3491 3748 transiit,

1920 3771 2143 3827 eamque
2185 3761 2438 3828 pervasit.
2472 3762 2794 3816 Mummolus
2821 3769 2846 3797 ο
2878 3779 3007 3818 vero
3047 3768 3300 3833 patricius
3326 3769 3494 3824 Gunt-

1919 3850 2158 3905 chramni
2190 3853 2330 3922 regis
2354 3891 2370 3917 ,
2419 3869 2536 3906 cum
2565 3870 2757 3924 magno
2779 3856 3012 3910 exercitu
3053 3873 3219 3928 usque
3245 3860 3492 3916 Lemovi-

2003 4003 2023 4084 ξ
2055 4006 2109 4084 l_n
2152 4006 2260 4084 die,
2287 4006 2631 4084 Parasceves,
2663 4009 3007 4084 quapublice
3042 4011 3094 4065 in
3133 4013 3368 4068 Ecclesia
3400 4033 3494 4084 pro

1921 4075 2117 4130 Iudaeis
2155 4083 2356 4138 oratur,
2385 4086 2440 4129 ut
2468 4077 2707 4130 velamen
2744 4075 2810 4131 ab
2833 4095 3019 4133 eorum
3038 4084 3208 4136 oculis
3244 4075 3477 4140 tollatur.

1923 4146 2053 4218 yide
2088 4145 2373 4218 Mabillonii
2404 4156 2582 4218 notam
2632 4146 2685 4199 in
2727 4148 2935 4202 hiis-sale
2975 4151 3208 4218 GOIhic.,
3239 4171 3385 4210 num.
3417 4158 3489 4211 2‘9

1922 4215 2168 4278 Liturgim
2195 4213 2404 4281 Gallic.,
2437 4215 2530 4268 lib.
2563 4231 2638 4270 ιιι.

1995 4294 2020 4331 s
2048 4285 2244 4356 Yigilize
2271 4288 2409 4356 apud
2435 4286 2679 4340 Turonos
2703 4303 2768 4342 ex
2799 4287 3044 4356 Perpetui
3079 4292 3406 4348 institutione
3427 4312 3496 4352 eo

276 4355 439 4440 sit-ultu
467 4360 519 4440 in
543 4370 696 4440 cute;
729 4355 1297 4451 pusdlze‘verohmprbi
1327 4372 1514 4424 genus,
1541 4357 1700 4426 vulgo
1722 4373 1818 4413 sa-
1848 4389 1902 4451 υ
1924 4355 2010 4451 die
2042 4355 2240 4451 licebant
2268 4355 2320 4451 ip
2351 4356 2566 4451 basilica
2592 4359 2761 4451 sancti
2791 4359 3019 4451 Martini.

275 4440 356 4479 cer
381 4429 529 4495 ignis,
556 4439 650 4481 aut
673 4429 809 4496 ignis
833 4428 888 4482 S.
910 4428 1142 4489 Antonii,
1167 4427 1387 4481 dictum.

339 4507 361 4564 ς
389 4497 520 4552 Inter
543 4498 689 4552 Vitas
719 4499 952 4560 Patrum,
981 4512 1098 4564 cap.
1123 4496 1178 4549 9.

333 4562 358 4601 ⁸
391 4567 597 4635 llegm.,
621 4568 866 4635 Adfatus.
893 4566 1026 4620 Eum
1050 4562 1238 4619 laudat
1262 4566 1584 4636 Fortunatus
1610 4566 1704 4621 lib.
1737 4581 1817 4636 III,

272 4647 423 4690 carm.
451 4633 538 4691 ξι.
576 4633 715 4691 Vide
737 4651 895 4704 supra
926 4636 1019 4689 lib.
1049 4651 1130 4699 tv,
1160 4651 1280 4702 cap.
1311 4633 1399 4688 55.
1433 4635 1581 4691 Hanc
1608 4633 1822 4691 luds-.0;

272 4719 377 4758 rum
415 4707 481 4760 ab
527 4708 686 4761 Avito
736 4707 987 4774 episcopo
1041 4715 1374 4774 procuratam
1416 4707 1819 4760 conversionem

271 4777 495 4829 versibus
533 4773 818 4845 descripsit
861 4773 1182 4829 Fortunatus
1228 4775 1321 4845 lib.
1350 4789 1404 4827 v.
1437 4788 1602 4827 carm.
1642 4775 1698 4840 4,
1723 4776 1820 4828 ad-

272 4845 505 4914 Iurtante
526 4846 642 4912 ipso
662 4844 917 4914 Gregorio
946 4855 1147 4909 nostro,
1171 4844 1254 4898 cui
1285 4858 1501 4897 carmen
1531 4857 1652 4898 cum
1681 4859 1821 4913 prac-

273 4913 422 4984 rn’issa
459 4916 684 4981 epistola
724 4922 1084 4981 nuncupatum
1118 4923 1220 4968 est.
1253 4913 1343 4968 Sic
1380 4922 1557 4968 autem
1595 4915 1820 4984 gratiam

273 4982 454 5038 Christi
474 4985 684 5040 Domini
711 4985 1093 5040 commendans
1119 4984 1331 5052 incipit:

355 5120 406 5171 in
423 5123 786 5172 verterabilibus
810 5120 1020 5184 famulis,
1043 5121 1457 5184 operatorupime
1473 5158 1487 5182 ,

412 5184 674 5245 Condecet,
701 5190 753 5232 ut
777 5196 975 5243 semper
1001 5181 1222 5245 lau’sgtua,
1245 5181 1456 5239 Christe,
1473 5181 1650 5238 sonet,

358 5243 594 5319 inspirans
615 5243 849 5304 animum,
873 5254 1035 5292 vutum
1055 5243 1385 5304 effectumque
1410 5244 1704 5305 ministraus,

413 5306 471 5356 ht
493 5320 598 5356 sme
622 5319 719 5370 quo
747 5305 932 5353 nullum
957 5303 1190 5366 praevalet
1214 5316 1326 5352 esse
1353 5305 1550 5351 bonum.

343 5417 362 5444 ε
388 5407 476 5463 Sic
509 5407 670 5463 Corb.
711 5419 765 5462 et
816 5407 945 5462 Bell.
968 5448 984 5473 ,
1028 5407 1115 5476 qui
1148 5407 1294 5460 locus
1334 5406 1410 5460 sic
1448 5420 1732 5473 expressus
1761 5405 1829 5459 de

275 5475 463 5548 Davide
523 5479 854 5548 intcliigitnr.
905 5475 1091 5548 Qzeteri
1144 5487 1320 5548 tamen
1370 5477 1494 5530 editi
1537 5487 1591 5530 et
1635 5476 1824 5548 scripti

273 5547 460 5601 habent
489 5545 764 5618 lega.'i,"et
792 5548 874 5603 sic
904 5545 1042 5604 idem
1074 5547 1222 5602 locus
1251 5546 1422 5615 legem
1455 5553 1509 5600 et
1538 5546 1824 5615 prophetas

269 5618 586 5684 exprimeret.

1995 4423 2022 4460 ιι
2055 4425 2142 4479 Sic
2167 4425 2328 4498 Corb.
2355 4426 2491 4490 Alii,
2524 4426 2947 4498 destruensque...
2979 4431 3119 4484 locus
3153 4434 3488 4493 assimilatur.

1923 4494 2109 4571 Regm.
2121 4539 2133 4554 .
2147 4495 2557 4571 destructumque
2572 4498 2778 4571 redegit
2797 4494 2857 4550 in
2878 4502 3042 4571 campi
3064 4501 3351 4570 planitiem.

2002 4565 2015 4603 ί
2051 4565 2185 4637 Qud.
2219 4567 2429 4633 Regm.,
2448 4568 2670 4637 justitiat
2695 4565 2869 4620 solem.

1997 4646 2013 4686 ι
2055 4635 2180 4710 lla-c
2202 4637 2377 4710 verba,
2408 4635 2459 4710 εἰ
2478 4637 2612 4710 ideo,
2638 4652 2803 4706 usque
2839 4636 2904 4691 ad
2948 4655 3333 4710 permaneamus
3354 4683 3371 4709 ,
3402 4644 3495 4698 de-

1921 4716 2044 4761 sunt
2065 4705 2116 4758 in
2143 4705 2302 4758 (ἐστι).
2327 4714 2380 4759 et
2406 4704 2610 4760 Bellov.

1994 4773 2284 4848 ‘f_l_nCorb.
2301 4774 2544 4848 _et__Bell.
2576 4777 2732 4848 deest
2769 4779 3043 4845 percipere.
3088 4781 3153 4833 Et
3192 4780 3356 4844 infra,
3395 4796 3496 4848 pro

1927 4845 2111 4918 redditi
2124 4844 2442 4918 _s_unt,_Colb.
2465 4844 2626 4918 habet
2645 4844 2921 4901 redierunt.
2948 4849 3287 4903 PorroJudari
3311 4844 3493 4918 postea

1930 4916 2090 4986 etiam
2121 4913 2370 4986 Massilia:
2415 4913 2480 4966 ad
2522 4915 2836 4986 baptismum
2886 4919 3278 4986 suscipiendum
3311 4913 3494 4986 adacti

1933 4983 2394 5058 fuissevidentur,
2426 4998 2493 5036 ex
2644 4985 2998 5058 Greg0iii__M.
3027 4983 3187 5058 epist.
3219 4985 3408 5058 l5lih.
3435 5005 3448 5041 ι
3473 5027 3494 5058 ,

1934 5052 2153 5134 .Virgilio
2199 5053 2401 5107 Arelat.
2447 5062 2502 5106 et
2549 5052 2833 5109 Theodoro
2879 5056 3190 5109 Massiliensi
3226 5052 3492 5127 episcoins

1933 5129 2209 5188 inscripta.

2011 5189 2027 5228 ι
2061 5191 2219 5244 Deest
2249 5190 2350 5245 hoc
2376 5200 2534 5254 caput
2565 5193 2614 5246 in
2645 5189 2831 5255 Corb.,
2858 5193 2989 5246 Bell.
3019 5201 3072 5246 et
3099 5191 3252 5247 Colb.

2008 5261 2132 5333 ιιι-1η
2155 5260 2369 5333 eap,_12
2393 5260 2509 5314 libri
2540 5264 2607 5315 de
2631 5261 2764 5314 Vitis
2794 5263 3028 5333 Patrum.
3069 5263 3124 5316 lu
3155 5265 3340 5333 Hegtn.
3364 5267 3497 5321 dici-

1920 5341 2017 5386 (ur
2045 5331 2228 5386 Braco.
2255 5329 2552 5384 Menatense
2576 5331 2950 5387 monaSterium
2979 5334 3136 5386 etiam
3161 5329 3301 5389 nunc
3324 5345 3497 5392 exstat

1931 5403 1983 5457 in
2011 5402 2223 5455 dioecesi
2254 5401 2676 5454 Claromontensi
2700 5402 2826 5455 0rd.
2857 5403 2912 5456 S.
2951 5403 3244 5456 Benedicti.

2001 5481 2027 5506 υ
2057 5472 2142 5524 Sic
2170 5471 2331 5523 Curb.
2363 5478 2417 5523 et
2445 5468 2579 5523 Bell.
2605 5470 2793 5524 Caeteri
2819 5483 3016 5535 autem,
3046 5475 3179 5526 inter
3200 5475 3494 5530 terminum.

2003 5552 2027 5576 ο
2059 5542 2112 5594 ln
2139 5542 2368 5611 capitum
2399 5539 2626 5597 indiculo
2653 5539 2775 5596 cod.
2817 5541 2971 5597 Colb.
3015 5543 3210 5600 dicitur
3254 5543 3501 5596 Μοηιυιε-

1931 5628 2046 5670 nus.
