3994 6194
512 296 611 353 527

510 417 686 470 cinnm
712 413 952 477 transiit,
984 422 1039 466 et
1064 417 1245 463 contra
1274 401 1605 459 Desitlcrium
1640 398 1829 450 ducem
1874 390 2090 455 Chilpe-

514 505 608 559 riei
657 504 796 567 regis
842 502 1035 557 bellum
1071 498 1259 567 gessit.
1294 496 1347 549 ltt
1385 506 1492 558 quo
1520 486 1699 554 pra-lio
1741 480 1981 537 cecidere
2021 478 2089 531 de

514 605 752 649 exercttu
782 600 898 663 ejus
920 596 1151 660 quinque
1182 590 1381 651 millia;
1407 586 1475 640 de
1506 592 1530 619 ⁸
1576 578 1831 636 Desiderii
1860 591 1984 627 vero
2014 573 2091 624 vi-

515 687 645 755 ginti
675 662 904 754 quatuor
946 681 1130 736 millia.
1156 680 1274 748 Ipse
1304 689 1515 747 quoque
1555 669 1858 726 Desiderins
1887 662 2091 733 fugiens

513 776 602 828 vix
634 775 825 828 evasit.
858 771 1176 825 Mummolus
1220 782 1347 821 vero
1392 762 1643 834 patricius
1674 773 1765 826 per
1791 758 2088 809 Arvernum

516 866 690 930 rediit,
721 878 947 933 eamque
1001 860 1107 934 μί.
1142 858 1331 929 eaque]
1386 872 1477 925 per
1506 856 1619 908 loca
1667 847 1933 905 exercitus
1976 846 2091 912 ejus

513 955 828 1020 devasmvit,
852 963 906 1009 et
928 952 1079 1007 sicin
1106 948 1464 1018 Burgundiam
1496 942 1841 1013 peraccessit.

584 1038 725 1099 XIV.
776 1044 1021 1097 Posthacc
1046 1040 1393 1096 Merovecbus
1422 1053 1543 1090 cum
1587 1035 1639 1087 in
1670 1030 1907 1087 custodia
1938 1044 1964 1082 a
1996 1042 2088 1097 pa-

508 1147 600 1191 tre
626 1137 943 1191 retineretur
963 1176 977 1201 ,
1008 1141 1317 1188 tonsuratns
1336 1140 1439 1193 est,
1469 1135 1773 1193 mutataque
1799 1133 1964 1185 veste,
1990 1134 2091 1185 qua

516 1228 728 1283 clericis
760 1227 831 1280 uti
881 1238 999 1278 mos
1028 1234 1131 1287 est,
1164 1222 1443 1290 presbyter
1469 1218 1766 1277 ordinatur,
1809 1221 1864 1265 et
1884 1213 1950 1263 ad
1982 1223 2093 1261 tuo-

522 1320 810 1369 nasterium
831 1312 1285 1369 Cenomannicum
1307 1353 1319 1370 .
1355 1309 1493 1379 quod
1517 1317 1732 1359 vocatur
1754 1300 2007 1356 Aninsnla
2043 1297 2092 1359 ιι,

522 1408 797 1474 dirigitur,
829 1416 885 1459 ut
913 1404 983 1457 ibi
1030 1401 1345 1456 sacerdotali
1377 1397 1681 1452 erudiretur
1715 1392 1917 1461 regula.
1971 1388 2095 1440 Ilzec

519 1498 742 1550 audiens
796 1494 1229 1549 Guntcltramnus
1278 1491 1439 1552 Boso,
1475 1486 1565 1555 qui
1615 1496 1742 1540 tunc
1772 1483 1823 1537 in
1872 1478 2091 1535 basilica

519 1586 692 1641 sancti
718 1584 950 1645 Martini,
976 1594 1029 1637 ut
1051 1583 1303 1642 diximus,
1332 1577 1623 1641 residebat,
1652 1574 1795 1628 misit
1830 1570 2092 1625 Rieu'fnm

517 1679 630 1750 {AL
662 1674 954 1747 Rigull’um]
978 1674 1383 1735 subdiaconum,
1418 1680 1475 1723 ut
1503 1669 1552 1722 ei
1583 1666 1862 1721 consilium
1886 1663 2095 1717 occolze

1566 280 1624 336 S.
1667 267 1992 333 CREGORH
2034 258 2341 319 EPlSCOPl
2380 251 2805 313 TURONENSIS

3682 246 3787 259 -ιιν

3685 247 3712 258 π
3778 250 3787 259 ν

3685 247 3791 299 eis

2123 388 2164 440 Α
2201 379 2428 431 ticorttm
2462 390 2566 426 non
2592 374 2784 433 fuerat,
2814 368 3240 424 Christianorum
3283 383 3417 419 nunt
3455 366 3792 434 temporibus

2201 470 2314 522 licri
2338 510 2353 531 ,
2389 468 2503 535 ipse
2532 465 2825 519 exercitum
2854 470 3176 524 commovet,
3207 470 3259 512 et
3287 460 3411 514 illuc
3441 459 3636 526 dirigit.

2266 564 2421 612 Anno
2450 568 2627 610 autem
2659 555 2896 610 secundo
2922 554 3253 608 Cbiltleberti
3284 556 3437 617 regis.
3477 566 3594 604 cum
3631 552 3795 601 vitle-

2194 660 2275 703 rct
2305 648 2650 703 lllerovechns
2702 654 2905 714 patrem
2953 660 3105 699 suttm
3154 644 3206 697 in
3256 642 3356 696 hac
3395 641 3795 696 deliberativae

2195 738 2489 796 intentum.
2539 746 2816 806 assumpto
2864 751 3045 791 secum
3097 734 3499 788 Guntchramno
3530 739 3672 786 duce
3712 732 3783 782 ad

2195 832 2593 885 Brunicliildem
2656 844 2880 898 pergere
2934 828 3174 898 cogitat,
3241 827 3457 881 dicens:
3519 826 3671 879 Absit
3733 835 3792 877 tu:

2196 935 2410 991 propter
2438 937 2608 975 meam
2644 935 2925 989 personam
2958 919 3173 974 basilica
3206 918 3389 971 domm
3419 916 3626 970 Martini
3668 917 3784 969 vio-

2196 1017 2413 1069 lentiam
2448 1011 2703 1080 perferat,
2735 1022 2826 1066 aut
2862 1012 2970 1084 [ΑΙ.
3012 1012 3090 1082 et]
3147 1012 3290 1079 regio
3317 1010 3433 1080 ejus
3457 1026 3548 1077 per
3580 1026 3669 1062 tne
3700 1023 3791 1062 ea-

2197 1104 2423 1173 ptivitati
2467 1102 2747 1156 subdatur.
2794 1102 2859 1154 Et
2907 1103 3175 1171 ingressus
3206 1102 3509 1164 basilicam,
3542 1100 3672 1152 dum
3707 1104 3792 1149 vi-

2197 1198 2348 1267 gilias
2378 1204 2581 1262 ageret,
2616 1210 2704 1249 res
2725 1209 2857 1264 quas
2883 1209 3065 1248 secum
3091 1193 3351 1257 habebat,
3381 1190 3446 1243 ad
3477 1196 3791 1258 sepulcrum

2197 1288 2336 1341 beati
2369 1287 2576 1340 Martini
2608 1285 2871 1350 exhibuit,
2904 1298 3064 1338 orans
3095 1292 3155 1336 ut
3183 1282 3283 1336 sibi
3323 1289 3537 1335 sanctus
3563 1294 3792 1333 succur-

2201 1389 2362 1440 reret,
2393 1391 2553 1446 atque
2577 1378 2625 1431 ei
2664 1377 2983 1431 concederet
3014 1375 3237 1444 gratiam
3269 1389 3439 1437 suam,
3472 1381 3529 1424 ut
3560 1386 3790 1440 regnum

2196 1472 2439 1539 accipere
2468 1480 2669 1540 posset.
2700 1470 2993 1523 Leudastes
3039 1477 3163 1522 tunc
3201 1480 3383 1522 comes
3408 1481 3528 1519 cum
3578 1464 3788 1518 multas

2198 1564 2247 1619 ei
2270 1565 2320 1615 in
2344 1578 2526 1616 amore
2552 1560 2919 1629 Fredcgundis
2952 1559 3173 1612 insidias
3202 1558 3466 1623 tenderet,
3502 1560 3567 1609 ad
3594 1564 3791 1609 extre-

2202 1671 2342 1709 mum
2369 1669 2564 1723 pueros
2587 1656 2726 1720 ejus,
2761 1654 2851 1721 qtti
2881 1654 2933 1706 in
2964 1666 3098 1722 pago
3126 1651 3328 1720 egressi
3361 1651 3521 1721 216
3547 1648 3791 1710 fuerant,

517 1742 783 1840 praiberet
802 1742 1080 1836 expetendi
1110 1764 1377 1817 basilicam
1404 1764 1572 1814 sancti
1602 1759 1832 1812 Martini.
1857 1757 1954 1823 Qui
1977 1771 2095 1809 cum
2134 1769 2176 1827 Β
2201 1749 2592 1801 circumventos
2615 1746 2751 1799 dolis
2771 1745 2949 1814 gladio
2969 1743 3269 1807 trucidavit,
3294 1744 3571 1811 ipsumque
3594 1742 3793 1795 interi-

520 1862 769 1929 abiisset,
799 1858 867 1913 ab
894 1858 1003 1911 alia
1032 1865 1182 1926 parte
1206 1854 1459 1910 Galli-nus
1488 1862 1509 1889 ο
1538 1866 1667 1919 puer
1705 1848 1821 1916 ejus
1864 1847 2097 1901 advenit.

520 1953 761 2021 Cumque
793 1965 1008 2019 parvum
1039 1948 1287 2002 solatium
1320 1945 1408 2013 qui
1451 1959 1573 1999 eum
1615 1940 1879 1995 docebant
1927 1937 2099 1991 liabe-

526 2052 669 2106 rent,
698 2042 765 2095 ab
791 2041 906 2110 ipso
933 2037 1154 2092 Gaileno
1180 2036 1232 2088 in
1285 2037 1476 2088 itinere
1515 2046 1772 2085 excussus
1800 2037 1905 2093 est,
1938 2041 2099 2094 cper-

523 2140 686 2201 toque
727 2131 923 2198 capite,
961 2128 1283 2194 indutosque
1304 2136 1452 2177 veste
1489 2119 1754 2188 sa‘culari,
1783 2116 1924 2172 beati
1968 2117 2099 2169 Mar-

526 2221 621 2273 tini
667 2218 919 2287 templum
949 2216 1189 2283 expetiit.
1221 2213 1384 2267 Nobis
1407 2221 1583 2266 autem
1615 2212 1801 2264 Missas
1828 2207 2100 2262 celebran-

524 2315 693 2375 tibus,
717 2311 768 2364 in
799 2316 1035 2363 sanctam
1067 2306 1363 2369 basilicam,
1397 2312 1576 2371 aperta
1617 2302 1888 2369 reperiens
1932 2302 2064 2350 ostia
2086 2339 2102 2363 ,

528 2406 804 2470 ingressus
845 2407 948 2454 est.
977 2396 1101 2451 Post
1134 2397 1322 2449 Missas
1363 2402 1541 2447 autem
1586 2393 1766 2461 petiit,
1800 2400 1850 2443 ut
1881 2392 1928 2442 ei
1957 2387 2103 2440 culo-

534 2496 647 2562 gias
671 2490 695 2529 ί¹
729 2492 859 2545 dare
895 2490 1234 2543 deberemus.
1290 2488 1414 2540 Erat
1438 2494 1613 2539 autem
1658 2494 1783 2537 tunc
1829 2481 2101 2536 nobiseum

531 2580 907 2653 ltagoemodus
936 2579 1220 2633 Parisiacae
1248 2577 1387 2632 sedis
1418 2577 1735 2645 episcopus,
1781 2573 1870 2644 qui
1915 2586 2105 2626 sancto

531 2676 803 2731 Germano
832 2682 1185 2728 successerat.
1212 2672 1361 2737 Quod
1392 2685 1512 2725 cum
1541 2668 1914 2732 refutaretuus,
1946 2666 2105 2736 215

535 2770 588 2838 ip
618 2783 649 2822 e
676 2766 913 2821 clamare
938 2764 1101 2831 erepit
1125 2775 1182 2818 et
1207 2765 1410 2828 dicere,
1441 2760 1584 2830 quod
1616 2774 1719 2814 non
1751 2767 1896 2814 recte
1925 2774 2045 2812 eunt
2076 2774 2104 2809 ει

532 2861 912 2916 communique
957 2858 1073 2911 sine
1112 2859 1330 2910 fratrum
1371 2850 1708 2909 conniventia
1756 2851 2110 2920 suspendere-

537 2967 675 3008 tnus.
704 2951 800 3006 lllo
830 2960 1006 3005 autem
1039 2948 1151 3001 bace
1182 2948 1391 3001 dicente
1415 2988 1429 3011 ,
1458 2961 1578 2999 cum
1621 2958 1883 2999 consensu
1932 2941 2109 2995 lratris

534 3046 622 3112 qui
653 3057 889 3113 prmsens
908 3049 1056 3107 erat,
1080 3046 1376 3093 contestata
1421 3051 1576 3090 causa
1607 3035 1861 3090 canonica
1891 3041 1937 3097 ⁸,
1962 3033 2111 3085 eulo-

2203 1853 2350 1892 mcre
2400 1836 2623 1905 cupiens
2642 1876 2657 1898 ,
2688 1838 2731 1890 si
2760 1836 2993 1902 reperire
3035 1834 3153 1888 loco
3178 1844 3475 1902 opportuno
3500 1834 3792 1901 potuisset.

2203 1929 2307 1981 Sed
2335 1929 2426 1982 illc
2451 1929 2679 1981 consilio
2712 1941 2837 1979 usus
2867 1924 3276 1985 Guntcbramni,
3310 1932 3368 1978 et
3392 1939 3448 1978 se
3475 1924 3663 1977 ulcisci
3694 1925 3796 1976 tle-

2202 2022 2462 2083 siderans,
2495 2021 2752 2073 redeunte
2780 2018 3036 2072 Marileilo
3068 2015 3086 2054 ί
3118 2018 3387 2073 arcltiatro
3412 2018 3479 2071 de
3502 2020 3795 2085 prmsetttia

2203 2114 2364 2182 regis,
2391 2110 2773 2178 comprehendi
2798 2109 3084 2177 prmeepit:
3116 2122 3419 2175 eaesumqoc
3442 2107 3793 2177 gravissime,

2204 2200 2388 2253 ablato
2433 2214 2566 2252 auro
2595 2210 2924 2268 argentoque
2953 2197 3070 2266 ejus
3091 2237 3105 2259 ,
3136 2209 3187 2251 et
3216 2196 3434 2264 reliquis
3467 2200 3628 2252 rebus
3657 2214 3797 2267 quas

2204 2306 2384 2345 secum
2434 2290 2751 2357 exhibebat,
2789 2291 2983 2344 nudum
3032 2289 3267 2358 reliquit.
3318 2288 3382 2341 Et
3434 2289 3797 2344 ittterfcctssct

2206 2383 2405 2450 utique.
2432 2382 2474 2433 si
2500 2393 2603 2433 non
2638 2379 2774 2434 inter
2803 2393 2991 2432 manus
3012 2380 3332 2432 euidentium
3362 2377 3598 2447 elapsus,
3618 2384 3796 2433 eccle-

2204 2472 2336 2524 siam
2358 2473 2690 2538 expetisset:
2723 2483 2884 2538 quem
2911 2484 3006 2523 nos
3030 2482 3209 2537 postea
3237 2469 3473 2522 indutum
3496 2470 3796 2523 vestimen-

2207 2564 2296 2626 tis,
2330 2561 2546 2616 obtenta
2592 2561 2693 2615 vita
2743 2560 3016 2615 Pictavum
3069 2561 3391 2614 remisimus.
3440 2561 3794 2614 hie-oveettus

2206 2668 2333 2708 vero
2362 2652 2427 2707 de
2457 2663 2603 2721 patre
2630 2660 2790 2720 atque
2821 2665 3047 2704 noverca
3085 2651 3247 2703 multa
3276 2650 3497 2703 crimina
3528 2651 3790 2719 loqueba-

2210 2751 2326 2796 tur:
2358 2758 2475 2811 qua:
2503 2758 2621 2797 cum
2653 2757 2719 2797 ex
2749 2750 2896 2811 parte
2915 2756 3037 2794 vera
3066 2749 3281 2805 essent,
3312 2740 3473 2794 credo
3500 2750 3789 2809 acceptum

2212 2850 2317 2888 non
2350 2833 2512 2888 luisse
2544 2834 2675 2899 Deo,
2709 2842 2766 2886 ut
2797 2833 2912 2886 bare
2942 2847 3038 2901 per
3065 2830 3229 2885 lilium
3262 2830 3631 2899 vulgarentur,
3658 2831 3797 2885 sicut

2217 2927 2267 2979 itt
2298 2926 2645 2995 sequentibus
2680 2925 2924 2994 cognovi.
2951 2924 3188 2991 Quadam
3224 2924 3366 2977 enim
3396 2923 3483 2978 die
3512 2924 3577 2977 ad
3609 2926 3801 2978 cunvi~

2219 3016 2359 3070 vium
2383 3016 2500 3086 ejus
2529 3016 2728 3071 ascitus
2750 3025 2799 3085 ι,
2834 3015 2957 3069 dum
2992 3018 3186 3083 pariter
3226 3015 3554 3081 sederemus,
3595 3019 3803 3086 suppli-

535 3104 709 3203 éias'a
755 3131 911 3186 ηοωε
954 3104 1179 3197 πέρρίι,
1232 3126 1449 3185 vernus
1476 3136 1652 3180 autem
1681 3141 1821 3187 sum,
1873 3139 1939 3177 ne
1984 3124 2106 3176 dum
2140 3135 2184 3195 ε
2214 3107 2349 3160 ci'er
2372 3108 2525 3174 petiit
2550 3109 2727 3174 aliqua
2758 3106 2825 3159 ad
2866 3104 3272 3158 instruetiuuem
3304 3108 3495 3159 anima:
3527 3107 3651 3175 legi.
3686 3107 3804 3177 Ego

538 3239 700 3277 unum
728 3239 755 3275 a
775 3220 1151 3276 communione
1177 3220 1589 3286 suspendebant,
1616 3218 1667 3270 in
1689 3218 1883 3270 multos
1909 3216 2114 3269 existe-

538 3330 655 3371 retn
704 3312 995 3368 homicida.
1046 3312 1343 3365 Minabatur
1380 3310 1521 3363 enitn
1563 3309 1768 3377 aliquos
1812 3307 1879 3359 de
1918 3306 2113 3374 populo

537 3420 722 3466 nostro
775 3409 1113 3473 interficere,
1155 3406 1200 3460 si
1246 3404 1677 3460 communionem
1730 3411 1963 3455 nostram
2007 3415 2112 3453 non

538 3503 846 3557 meruisset.
870 3499 1059 3555 Multas
1088 3506 1262 3551 tamen
1296 3511 1391 3565 pro
1423 3495 1522 3548 hac
1547 3507 1703 3547 causa
1729 3491 1994 3545 Turouiea
2025 3504 2114 3543 re-

537 3594 627 3664 gio
679 3591 931 3647 sustinuit
958 3589 1158 3644 clades.
1205 3587 1296 3641 llis
1335 3586 1525 3640 diebus
1566 3584 1805 3638 Nicetius
1836 3587 1916 3636 vir
1945 3580 2117 3649 neptis

542 3701 697 3749 mete,
726 3684 997 3754 propriam
1022 3682 1228 3736 babens
1264 3694 1513 3743 causam,
1545 3677 1611 3730 ad
1642 3674 1999 3743 Cltilpericum
2030 3688 2119 3727 re-

538 3790 657 3844 gem
682 3774 816 3827 abitt
844 3788 964 3827 curn
994 3770 1219 3825 diacono
1246 3777 1450 3833 nostro,
1482 3767 1571 3836 qui
1598 3767 1708 3835 regi
1740 3764 1914 3834 fugam
1946 3763 2100 3841 Mero-

540 3865 695 3919 veclti
723 3874 989 3918 narraret.
1021 3862 1223 3929 Quibus
1254 3859 1401 3923 visis,
1437 3857 1800 3926 Fredegundis
1821 3857 2001 3924 regina
2018 3838 2113 3908 ait:

541 3955 929 4024 Exploratores
951 3962 1104 4016 sunt,
1134 3962 1187 4007 et
1210 3952 1276 4006 ad
1302 3948 1681 4004 sciscitantium
1716 3945 1844 4015 quid
1879 3954 1999 4013 agat
2027 3958 2119 3996 rex

542 4047 900 4112 advenerunt,
934 4052 992 4098 ut
1035 4043 1209 4097 sciant
1255 4039 1381 4109 quid
1420 4036 1737 4093 Meroveclto
1786 4033 2118 4089 renuntient.

546 4137 614 4189 Et
640 4136 817 4189 statim
842 4133 1170 4203 exspoliatos
1209 4132 1259 4185 itt
1298 4128 1547 4183 exsilium
1593 4124 1800 4181 retrudi
1830 4124 2120 4193 prmcepit,

552 4229 619 4282 tle
641 4242 754 4296 quo
802 4241 985 4280 mense
1029 4225 1256 4293 septimo
1286 4221 1501 4289 expleto
1523 4217 1743 4273 relaxati
1786 4220 1931 4268 sunt.
1964 4212 2126 4281 Igitur

552 4319 887 4387 Cbilperieus
938 4316 1150 4371 nuntios
1195 4315 1258 4367 ad
1294 4327 1392 4366 nos
1429 4311 1653 4374 direxit,
1686 4309 1905 4362 dicens:
1938 4303 2126 4371 Ejicite

546 4421 843 4479 apostatam
877 4412 1022 4463 illum
1055 4410 1120 4462 de
1149 4406 1363 4459 basilica
1389 4422 1403 4459 ε
1435 4404 1518 4457 sin
1537 4410 1713 4455 autem
1747 4400 1891 4452 aliud
1914 4438 1929 4461 ,
1958 4406 2123 4451 totant

2218 3212 2344 3250 vero
2380 3208 2629 3255 reserato
2678 3195 2980 3251 Salomonis
3010 3194 3147 3247 libro
3169 3233 3184 3258 ,
3219 3195 3533 3249 versiculum
3563 3197 3653 3264 qui
3689 3201 3803 3264 pri-

2218 3305 2336 3344 u:us
2363 3291 2597 3343 occurrit
2649 3288 2879 3354 arripui,
2911 3287 3000 3356 qui
3034 3287 3148 3339 lucc
3198 3287 3533 3340 continebat:
3581 3287 3803 3339 ()culunt

2217 3380 2303 3449 qui
2343 3378 2587 3432 adversus
2617 3380 2868 3448 aspexerit
2910 3374 2937 3412 ιι
2982 3387 3198 3446 patrem,
3230 3375 3476 3442 e/fodiaut
3513 3392 3631 3429 eum
3664 3379 3804 3429 corvi

2219 3472 2282 3524 de
2304 3471 2614 3523 convallibus
2661 3468 2846 3539 (Prov.
2879 3484 2957 3532 ιιι,
2990 3470 3110 3533 17).
3147 3467 3241 3521 lllo
3270 3483 3481 3536 quoque
3510 3483 3613 3522 non
3648 3470 3809 3523 intel-

2222 3566 2438 3633 ligente,
2465 3562 2802 3619 consideravi
2837 3562 2976 3615 hunc
3004 3562 3326 3615 versiculum
3359 3577 3387 3614 a
3416 3561 3645 3615 Domino
3671 3577 3806 3629 prae-

2222 3666 2483 3724 paratum.
2515 3655 2666 3709 Tunc
2695 3653 2889 3707 direxit
2918 3651 3348 3705 Gunteltratnnus
3401 3649 3419 3689 ι
3476 3667 3699 3720 puer-tm
3743 3652 3807 3705 ad

2223 3746 2501 3801 mulierem
2536 3744 2855 3814 quamdam,
2897 3744 2996 3799 sibi
3019 3743 3129 3813 jam
3180 3745 3446 3813 cognitam
3485 3758 3516 3796 a
3565 3755 3808 3812 tempore

2222 3837 2517 3889 L'hatiberti
2550 3836 2712 3904 regis,
2758 3834 3042 3888 habentem
3075 3835 3318 3901 spititum
3351 3835 3634 3904 pythonis,
3668 3846 3731 3890 ut
3759 3838 3805 3891 ei

2224 3944 2342 3994 qua:
2373 3935 2527 3981 erant
2580 3935 2837 3981 eventura
2889 3935 3149 3978 narratet.
3207 3928 3492 3979 Asserebat
3547 3936 3807 3995 pra-terea

2226 4021 2393 4088 ipsam
2424 4020 2524 4073 sibi
2565 4030 2689 4073 ante
2721 4018 2822 4071 hoc
2846 4027 3075 4086 tempus,
3110 4033 3213 4070 non
3244 4019 3415 4072 solum
3444 4033 3669 4082 annum,
3714 4020 3807 4074 sed

2225 4122 2280 4167 ct
2303 4113 2442 4166 diem
2474 4122 2528 4166 ct
2560 4113 2769 4177 horam,
2801 4111 2854 4165 in
2886 4126 2985 4179 qua
3016 4126 3105 4164 rex
3132 4111 3477 4165 Ultaribertus
3508 4112 3685 4165 obiret
3717 4113 3810 4166 de-

2227 4204 2523 4258 nuntiasse.
2552 4204 2683 4269 Qua:
2712 4205 2826 4257 haec
2846 4204 2895 4257 ei
2937 4219 3029 4270 per
3059 4217 3250 4270 pueros
3280 4205 3529 4257 mandata
3559 4204 3809 4257 remisit:

2229 4299 2491 4353 Futurum
2520 4307 2596 4350 est
2621 4298 2763 4351 enim
2802 4307 2859 4349 ttt
2891 4312 2980 4349 rex
3012 4296 3341 4364 Cbilperieus
3373 4296 3473 4349 hoc
3501 4311 3644 4348 anno
3674 4296 3813 4349 deli-

2228 4390 2365 4455 ciat,
2420 4400 2474 4441 et
2523 4388 2872 4442 Meroveeltus
2904 4402 2993 4440 rex
3041 4387 3271 4439 exclusis
3316 4385 3613 4439 fratrtbusi
3654 4400 3814 4439 omne

547 4503 822 4570 regionem
847 4501 989 4554 illam
1018 4499 1123 4568 igni
1150 4496 1492 4552 succendam.
1514 4496 1753 4562 Cumque
1798 4505 1894 4544 nos
1935 4489 2129 4544 rescri-
2162 4513 2208 4571 υ
2233 4481 2411 4547 capiat
2441 4493 2689 4547 regnum.
2719 4478 2795 4530 Tu
2836 4493 2961 4529 vero
2989 4477 3239 4528 ducatum
3294 4476 3455 4529 totius
3509 4476 3657 4542 regni
3698 4476 3815 4541 ejus

552 4592 875 4660 psissetnns,
905 4589 1237 4657 lmpossibile
1276 4601 1397 4640 ese
1425 4582 1568 4651 quod
1600 4581 1926 4651 temporibus
1955 4581 2127 4633 haere-

618 4747 643 4774 ⁸
677 4736 799 4792 llaac
824 4738 979 4789 verba
1013 4776 1027 4798 ,
1058 4736 1121 4788 de
1152 4733 1401 4787 Desiderii
1426 4748 1539 4786 vero
1568 4731 1744 4801 viginti
1764 4741 1984 4799 quatuor
2009 4728 2126 4781 mil-

552 4808 647 4873 lia,
678 4809 872 4862 desunt
898 4808 949 4859 ιιι
976 4808 1171 4859 Bellov.

618 4869 646 4921 ιδ
678 4877 832 4934 Colb.
866 4881 916 4930 itt
947 4876 1282 4929 Cenoniacum
1304 4914 1318 4937 ,
1359 4874 1445 4939 qui
1483 4883 1687 4923 uocatur
1721 4869 1984 4922 Annisoln.
2020 4870 2125 4921 Atl-

550 4948 653 5006 ltuc
683 4950 921 5004 subsistit
952 4963 979 4999 a
1011 4945 1303 5000 conditoris
1332 4955 1387 4996 et
1411 4947 1565 5008 pruni
1592 4943 1798 4994 abbatis
1826 4941 1993 4993 sancti
2028 4939 2125 4991 Ca-

552 5021 683 5075 rileli
710 5022 943 5085 nomine,
975 5019 1131 5085 vulgo
1156 5013 1511 5085 S’aint-Calais
1531 5011 1734 5085 dictum
1755 5012 1910 5085 ,“sub
1940 5012 2127 5085 orline

551 5087 609 5143 S.
646 5079 995 5145 llenedicti'et
1024 5079 1448 5153 congregatione
1468 5084 1525 5135 S.
1556 5082 1739 5153 Mauri.
1774 5079 2128 5153 Observabic

556 5163 855 5215 Meroveom
888 5161 940 5213 in
966 5149 1291 5212 monasterio
1328 5166 1599 5209 versatum
1625 5152 1791 5204 fuisse
1826 5160 1881 5202 ιιι
1902 5149 2127 5202 ειμι-ἱροε-

556 5229 691 5283 libus
720 5230 909 5283 muniis
938 5230 1260 5291 ermlirotttr,
1300 5236 1354 5279 et
1397 5235 1597 5278 vestem
1628 5220 1927 5275 clericolem
1966 5236 1993 5271 a
2024 5234 2128 5291 ste-

555 5299 719 5350 cttlari
768 5300 931 5352 fuisse
961 5289 1297 5353 dissitttilettt.
1354 5298 1415 5349 Et
1455 5294 1669 5363 quidem
1695 5291 1988 5363 Gregorius
2021 5289 2128 5363 him

556 5382 689 5430 pnus
707 5366 866 5435 jussit
884 5371 1042 5436 epist.
1080 5370 1143 5421 l0
1172 5368 1265 5419 lib.
1311 5382 1360 5429 v,
1407 5360 1653 5432 ut'pueri
1686 5364 1835 5429 Angli
1869 5360 1920 5413 in
1946 5360 2127 5413 Gallic

540 5439 967 5516 .tnouaste‘riislin
1000 5438 1110 5516 [ide
1127 5437 1487 5516 erudirentur.

633 5516 657 5575 ἦ
683 5508 769 5575 Sic
790 5508 970 5568 Corb.,
1004 5508 1134 5560 Bell.
1155 5518 1220 5558 'et
1249 5506 1461 5575 ltegtn.;
1494 5502 1676 5575 czeteri
1707 5500 1990 5575 Gaulcttus.

633 5573 659 5611 (ί
690 5574 821 5629 Nota
850 5584 932 5633 est
959 5577 1285 5643 eulogiaruttt
1323 5568 1561 5639 acceptio
1607 5586 1701 5638 pro
1726 5568 1964 5643 quolibet
1990 5582 2129 5643 _mu-

563 5645 800 5708 nusculo,
829 5645 1055 5697 maxime
1084 5638 1111 5695 5
1142 5646 1268 5697 viris
1302 5645 1400 5711 piis
1431 5638 1596 5711 misso
1620 5679 1634 5701 ,
1674 5654 1792 5711 cum
1824 5638 1955 5690 alias
1990 5638 2038 5687 in
2073 5651 2129 5711 re

565 5728 717 5769 sacra
762 5706 950 5785 panem
997 5706 1335 5768 benedictum
1376 5710 1658 5780 signiticet.
1715 5708 2031 5761 llincmarns
2078 5706 2127 5758 in

2232 4572 2388 4625 anuis
2428 4570 2662 4638 quinque
2693 4568 2921 4622 tenebis.
2949 4566 3112 4621 Sexto
3142 4581 3267 4619 vero
3301 4580 3442 4618 anno
3473 4565 3524 4617 itt
3552 4580 3652 4616 una
3682 4564 3815 4617 rivi-

2232 4724 2491 4792 Capitulis
2517 4727 2637 4777 anni
2685 4722 2789 4775 87.59.
2809 4767 2822 4781 ,
2869 4740 3015 4775 Itllln.
3045 4724 3075 4774 ’Τ
3107 4742 3117 4773 :
3157 4722 3224 4777 Ut
3243 4723 3306 4774 de
3335 4722 3516 4773 oblatis
3546 4739 3659 4787 qua:
3687 4724 3816 4790 0ῆέ-

2232 4808 2413 4849 runtur
2438 4812 2468 4847 (ι
2490 4796 2709 4865 populo,
2725 4806 2769 4865 et
2796 4793 3159 4845 συνιέτω-(υἱοθιὶ
3180 4803 3467 4865 supersunt,
3488 4794 3565 4844 vel
3588 4795 3651 4843 de
3674 4798 3818 4857 pani-

2235 4867 2344 4925 bus.
2378 4863 2508 4928 etc.,
2542 4875 2651 4930 past
2686 4863 2962 4916 Missurum
3005 4864 3271 4924 solemnia,
3318 4864 3402 4930 qui
3443 4866 3818 4915 communicare

2234 4953 2333 4988 nou
2366 4938 2564 5005 [unum
2599 4935 2784 4999 parati,
2819 4936 2953 4986 omni
2982 4936 3064 4986 die
3103 4933 3355 4985 dominico
3389 4941 3436 4984 el
3464 4933 3641 4985 diebus
3678 4934 3818 5003 [estis

2235 5008 2416 5059 ea'intle
2438 5007 2713 5071 accipiant,
2745 5014 2849 5057 etc.

2308 5087 2331 5111 θ
2369 5076 2582 5142 llegtn.,
2612 5083 2921 5126 contestata:
2952 5090 3157 5126 causam
3181 5072 3500 5125 canonicam.

2311 5144 2328 5182 ΐ
2362 5144 2487 5205 Atti,
2522 5143 2814 5209 Mareleit'o.
2844 5143 3054 5211 chtn.,
3091 5144 3370 5209 Mante/io.

2304 5224 2329 5262 κ
2361 5214 2539 5277 Colb.,
2563 5213 2771 5266 accessi.

2304 5282 2332 5320 ιι
2361 5282 2547 5345 Corb.,
2582 5292 2869 5347 exasperat.
2895 5280 3077 5347 Colb.,
3100 5282 3188 5351 qui
3213 5297 3420 5335 aversus
3448 5282 3751 5343 dispexerit.

2310 5354 2325 5390 ί
2362 5354 2451 5407 Sic
2480 5352 2666 5417 Corb.,
2704 5355 2858 5415 Both,
2902 5352 3054 5406 Colb.
3088 5366 3140 5404 et
3180 5353 3335 5406 Becc.
3370 5368 3493 5403 cum
3529 5351 3699 5412 Bai;
3732 5351 3823 5405 alii

2234 5424 2696 5485 Guntchramnnm,
2722 5439 2835 5491 qua!
2860 5425 3013 5474 unius
3036 5422 3237 5475 litterul
3256 5441 3283 5471 ι·
3308 5423 3704 5473 mutatiodocet
3727 5438 3824 5474 nos

2238 5509 2457 5564 puerum
2485 5507 2514 5544 a
2541 5493 2904 5564 Guntratnno,
2931 5508 3037 5545 non
3064 5507 3092 5543 a
3125 5491 3819 5564 Meroveu_(;untramnutn,

2236 5560 2300 5617 ad
2333 5563 2698 5630 pytltouissam
2725 5563 3104 5615 consulcndam
3135 5564 3352 5613 missum
3384 5560 3569 5612 fuisse.

2312 5629 2340 5680 i'
2368 5634 2461 5686 Sic
2503 5631 2691 5693 Corb.,
2734 5632 2862 5683 Bell.
2907 5643 2959 5684 ct
3006 5630 3187 5694 Colb.;
3232 5632 3413 5682 ca-teri
3464 5645 3587 5681 cum
3634 5629 3822 5691 edtis,

2243 5701 2566 5756 Mcrorecltus
2593 5701 2806 5754 inclusis
2832 5698 3219 5769 [ratribus.Vos
3262 5715 3351 5754 rea:
3375 5708 3457 5753 est
3480 5698 3533 5752 itt
3557 5703 3674 5754 solo
3699 5702 3806 5752 Bell
