3994 6194
246 326 321 383 329
1185 335 1496 391 HISTORIA
1536 336 1980 393 FRANCORUM.
2024 337 2226 392 LIBER
2267 338 2566 406 QUINTUS

3404 348 3509 406 δερ

255 454 384 498 mum
417 451 468 505 ι.
500 460 626 513 quzc
649 460 823 513 super
849 447 1049 517 Ligeris
1078 447 1287 503 alveum
1313 449 1410 502 sila
1439 461 1521 504 est
1556 450 1607 504 in
1641 450 1826 502 tlextra
1856 453 1908 507 Α
1937 461 1992 502 ut
2021 452 2067 504 ei
2116 451 2298 505 beatus
2326 453 2580 506 Martinus
2612 456 2951 522 rescriberet,
2989 471 3162 516 utrum
3193 462 3376 521 liceret
3405 485 3498 523 ex-

259 538 347 607 ejus
393 548 583 605 parte,
637 538 864 593 iavente
921 540 1150 607 populo,
1210 544 1552 611 episcopatus
1602 543 1826 612 gratiam

259 627 566 696 adipisceris.
599 642 664 682 ac
695 644 865 683 senex
890 640 943 684 et
967 630 1152 700 plenus
1175 632 1379 687 dierum
1409 636 1475 689 ab
1503 635 1600 688 hoc
1625 636 1826 690 mundo

256 721 505 790 tuigrabis.
529 720 778 791 Cumque
813 723 929 776 hare
959 726 1109 794 pueri
1141 728 1424 782 redeuntes
1451 729 1666 782 domino
1695 746 1830 782 nun-

255 818 482 882 tiassent,
516 818 695 870 statim
731 817 822 871 ille
851 821 1087 872 vanitate
1137 819 1331 886 elatus,
1387 832 1632 890 tanquam
1664 824 1824 894 217

251 908 287 960 si
309 906 416 976 jam
440 907 494 961 in
533 907 788 962 cathedra
821 909 1103 964 Turonica:
1133 912 1375 965 ecclesia:
1422 914 1705 978 resideret,
1757 916 1822 968 ad

247 1016 324 1054 me
353 1002 469 1054 haec
497 1000 687 1056 detulit
709 1003 890 1057 verba.
924 1003 1091 1071 Cujus
1113 1020 1211 1073 ego
1255 1007 1483 1060 irridens
1512 1008 1818 1073 stultitiam,

245 1091 384 1145 dixi:
411 1095 455 1145 A
491 1091 602 1146 Deo
634 1094 750 1148 haec
775 1095 1036 1163 poscenda
1061 1104 1219 1152 sunt:
1252 1112 1372 1149 nam
1405 1098 1550 1151 credi
1600 1115 1702 1152 non
1730 1099 1824 1153 de-

245 1182 505 1253 bentquae
534 1184 780 1240 diabolus
817 1188 1159 1255 repromittit.
1215 1189 1316 1243 Ille
1349 1187 1375 1227 δ
1398 1201 1567 1244 autem
1591 1192 1653 1244 ab
1674 1193 1822 1246 initio

246 1278 458 1330 mendax
482 1287 587 1341 est,
615 1289 662 1330 et
692 1279 745 1331 in
792 1280 1002 1334 veritate
1029 1298 1291 1348 nunquam
1318 1283 1451 1335 stetit
1482 1282 1659 1354 (Joan.
1695 1302 1784 1339 vm
1804 1327 1817 1350 ,

244 1366 352 1434 44).
386 1367 486 1421 Illo
514 1383 726 1436 quoque
771 1385 892 1423 cum
924 1372 1237 1427 cautusiune
1285 1372 1612 1438 discedente,
1667 1375 1821 1429 valde

244 1458 525 1512 irridebam
577 1457 888 1531 hominem,
918 1463 1006 1529 qui
1039 1465 1160 1516 talia
1191 1463 1337 1517 credi
1386 1466 1621 1532 putabat.
1654 1465 1818 1519 Deni-

244 1563 338 1608 que
363 1551 595 1618 quadam
627 1560 785 1604 nocte
814 1551 1008 1621 vigiliis
1034 1551 1086 1606 in
1115 1553 1334 1609 basilica
1365 1558 1534 1611 sancti
1563 1558 1819 1612 antistitis

242 1638 548 1705 celebratis,
585 1640 709 1694 dum
739 1642 933 1696 lectulo
960 1642 1231 1698 decubans
1266 1645 1679 1712 obdormissem,
1709 1648 1817 1703 vidi

247 1732 486 1798 angelum
531 1749 624 1799 per
654 1749 779 1788 aera
803 1735 1088 1790 volantem.
1119 1737 1361 1806 Cumque
1389 1754 1549 1808 super
1573 1751 1812 1795 sanctam

1934 543 2070 596 trahi
2101 543 2561 600 Guntchramnum
2605 548 2672 603 de
2702 551 2918 605 basilica
2961 554 3105 622 ejus,
3138 572 3203 610 an
3235 575 3364 618 non.
3393 563 3497 618 Sed

1933 633 2253 702 Baudegilus
2304 634 2323 672 ί
2373 637 2659 704 diaconus,
2714 641 2802 708 qui
2854 641 2988 696 hanc
3031 646 3309 713 epistolam
3342 653 3496 707 exhi-

1929 723 2064 790 buit,
2093 725 2332 779 chartam
2366 743 2546 793 puram
2576 744 2694 782 cum
2722 732 2906 786 eadem
2931 752 3086 804 quam
3125 740 3404 810 detulerat,
3437 747 3502 800 ad

1931 828 2174 871 sanctum
2203 821 2460 874 tumulum
2494 823 2658 877 misit.
2695 824 2939 896 Cumque
2990 846 3084 898 per
3134 836 3362 890 triduum
3409 857 3503 894 ex-

1929 917 2223 974 spectasset
2245 955 2258 974 ,
2291 920 2346 964 et
2376 912 2504 964 nihil
2548 916 2788 982 rescripti
2822 922 3083 987 reciperet
3110 934 3166 989 ε,
3214 928 3398 982 redivit
3434 933 3498 983 ad

1927 997 2307 1066 Chilpericum.
2331 1003 2421 1056 Ille
2448 1018 2574 1057 vero
2598 1007 2736 1060 misit
2757 1009 2912 1076 alios,
2937 1013 3025 1081 qui
3049 1030 3077 1067 a
3103 1014 3500 1074 Guntchramno

1925 1103 2258 1146 sacramenta
2283 1097 2599 1169 exigerent,
2636 1112 2693 1156 ut
2733 1103 2850 1156 sine
2879 1110 2994 1173 ejus
3040 1107 3261 1163 scientia
3296 1108 3324 1147 ιι
3354 1113 3495 1166 basi-

1927 1178 2080 1234 licam
2114 1199 2217 1238 nou
2251 1188 2593 1257 relinqueret.
2628 1196 2722 1262 Qu.
2756 1197 3051 1252 ambienter
3078 1200 3266 1269 juraus
3298 1205 3496 1270 pallam

1924 1269 2107 1327 altatis
2139 1275 2503 1344 lidcjttssorem
2526 1285 2675 1338 dedit
2707 1283 2746 1349 ί,
2774 1304 3040 1357 nunquam
3074 1306 3131 1345 se
3159 1269 3350 1349 exinde
3379 1296 3498 1351 sine

1916 1360 2164 1429 jussione
2213 1371 2356 1439 regia
2404 1387 2764 1450 egreSsurutn.
2827 1381 3170 1436 Meruveclms
3215 1401 3343 1439 vero
3393 1403 3498 1441 non

1921 1454 2148 1509 credens
2180 1460 2528 1530 pythonissai,
2574 1474 2682 1521 tres
2735 1470 2898 1524 libros
2939 1488 3097 1540 super
3124 1478 3294 1530 sancti
3322 1479 3499 1546 sepul-

1918 1556 2068 1596 crum
2101 1550 2363 1614 posuit,id
2395 1562 2477 1606 est
2503 1553 2767 1622 Psalterii,
2802 1559 3023 1629 llegnm,
3054 1564 3491 1634 EVangeliorum:

1921 1642 1976 1688 et
2004 1636 2226 1705 vigilans
2253 1650 2357 1694 tota
2393 1654 2567 1704 nocte.
2599 1648 2749 1712 petiit
2775 1660 2829 1702 ut
2853 1653 2949 1705 sibi
2978 1656 3163 1709 beatus
3217 1657 3490 1715 confessor

1919 1727 2045 1793 quid
2101 1732 2343 1786 eveniret
2370 1737 2708 1802 ostenderet,
2759 1753 2807 1795 et
2859 1752 3034 1798 utrum
3069 1751 3232 1814 pOSsil
3273 1765 3490 1818 regnum

243 1823 502 1879 basilicam
534 1828 833 1889 “ﬁeri”,
857 1870 872 1896 ’
909 1843 1037 1883 voce
1094 1847 1282 1901 magna
1333 1832 1447 1886 an:
1501 1832 1614 1887 ne"
1667 1834 1803 1888 heu!
1846 1819 1893 1877 B
1926 1820 2186 1888 accipere,
2207 1840 2273 1877 an
2304 1842 2426 1890 non,
2452 1839 2507 1881 ut
2535 1828 3041 1890 Dominoindicante
3063 1853 3409 1907 cognosceret
3443 1845 3488 1897 ἰ.

241 1920 494 1985 percussit
546 1920 688 1975 Deus
734 1921 1120 1992 Cbilpericum,
1150 1937 1202 1980 et
1240 1941 1428 1981 omnes
1474 1927 1613 1982 ﬁlios
1659 1930 1804 1996 ejus;

242 2024 336 2064 nec
359 2012 632 2079 superabit
659 2013 728 2068 de
757 2014 838 2069 his
861 2015 950 2085 qui
976 2027 1358 2086 processerunt
1373 2035 1435 2072 ex
1461 2019 1654 2074 lumbis
1670 2020 1807 2090 ejus,

240 2101 326 2168 qui
350 2112 491 2170 regat
520 2118 746 2174 regnum
769 2106 910 2160 illius
934 2109 984 2160 in
1013 2116 1298 2162 teternum.
1333 2110 1496 2164 Erant
1518 2111 1566 2164 ei
1589 2125 1654 2164 eo
1678 2121 1811 2164 tetu-

240 2206 364 2258 pore
391 2194 717 2251 de'diversis
748 2197 1002 2253 uxoribus
1033 2199 1128 2254 filii
1158 2209 1417 2270 quatuor,
1473 2201 1715 2270 exceptis
1745 2204 1808 2256 li-

239 2280 419 2336 lisbus.
450 2283 581 2339 Cum
601 2298 780 2341 autem
811 2288 926 2342 haec
957 2291 1006 2342 in
1032 2297 1303 2358 posterum
1329 2291 1544 2361 impleta
1563 2291 1806 2357 fuissent,

240 2382 363 2428 tunc
388 2377 450 2430 ad
477 2378 738 2447 liquidum
788 2383 1013 2450 cognovi
1065 2383 1198 2437 falsa
1229 2398 1350 2439 esse
1397 2400 1518 2454 qua:
1549 2385 1805 2455 promise-

238 2479 354 2522 rant
382 2471 584 2526 harioli.
635 2471 799 2541 Igitur
827 2476 1284 2530 commorantibus
1333 2478 1415 2531 his
1443 2478 1580 2545 apud
1626 2478 1807 2533 basili-

238 2573 350 2614 cam
395 2566 558 2618 sancti
589 2564 834 2630 Martini,
869 2567 1013 2622 misit
1039 2568 1106 2622 ad
1137 2568 1596 2624 Guutchramnum
1644 2571 1808 2625 Doso-

245 2668 367 2708 nem
396 2656 756 2726 Fredegundis
794 2661 997 2728 regina,
1031 2675 1256 2730 quaeque
1284 2664 1330 2717 ei
1354 2661 1464 2731 jam
1512 2679 1606 2732 pro
1637 2675 1808 2719 morte

239 2742 588 2803 Theodoberti
620 2737 1049 2817 patrocinabatur
1077 2753 1302 2819 occulte,
1336 2754 1558 2811 dicens:
1609 2755 1667 2809 Si
1682 2755 1807 2838 ,Με-

236 2840 513 2894 rovechum
557 2839 755 2911 ejicere
785 2845 1023 2912 potueris
1051 2845 1116 2899 de
1152 2845 1374 2902 basilica
1419 2857 1474 2900 ut
1520 2848 1806 2903 interficia-

235 2937 354 2994 tur,
387 2945 627 3000 magnum
670 2933 738 2988 de
759 2949 845 2990 me
874 2950 1069 2990 munus
1098 2937 1346 3006 accipies.
1379 2939 1448 2993 At
1486 2939 1577 2995 ille
1606 2952 1805 3010 praesto

232 3032 422 3087 putans
462 3039 580 3079 esse
634 3026 1024 3092 interfectores,
1058 3029 1131 3082 ait
1176 3031 1240 3083 ad
1271 3031 1680 3088 Merovechum:
1737 3033 1806 3089 Ut

231 3113 357 3178 quid
388 3113 468 3171 bic
492 3116 642 3186 quasi
670 3132 863 3188 segnes
903 3130 956 3174 et
986 3121 1156 3176 timidi
1199 3123 1513 3191 residemus,
1542 3135 1595 3179 et
1625 3134 1681 3179 ut
1711 3130 1803 3180 he-

1916 1908 2160 1967 Posthaac
2189 1918 2497 1972 continuato
2523 1921 2694 1974 triduo
2718 1922 2767 1975 in
2793 1924 3032 1994 jejuuiis,
3065 1930 3278 2000 viglits,
3325 1947 3484 2001 atque

1913 2001 2273 2068 orationibus,
2303 2007 2366 2059 ad
2428 2011 2636 2064 beatum
2672 2017 2929 2069 tumulum
2984 2021 3172 2073 iterum
3207 2026 3488 2088 accedens,

1913 2093 2144 2148 revolvit
2197 2096 2389 2152 librtun
2417 2145 2432 2167 ,
2485 2103 2575 2170 qui
2630 2115 2746 2160 erat
2797 2107 3038 2178 llegum:
3080 2128 3267 2169 versus
3313 2129 3489 2174 autent

1914 2185 2118 2252 primus
2151 2191 2354 2256 paginae
2399 2209 2554 2262 quum
2616 2201 2908 2269 reseravit,
2941 2204 3024 2257 hic
3071 2215 3226 2260 erat:
3280 2206 3384 2262 Pro
3429 2229 3488 2264 co

1910 2280 2046 2345 quod
2073 2281 2413 2352 dereliquistis
2463 2283 2740 2341 Dominum
2777 2291 2940 2345 Deum
2966 2304 3206 2362 vestrum,
3237 2310 3283 2352 et
3309 2302 3489 2356 ambu-

1911 2369 2054 2424 lastis
2085 2381 2197 2439 post
2225 2373 2347 2427 deos
2372 2377 2566 2430 alienos
2587 2418 2601 2443 ,
2632 2396 2724 2433 nec
2759 2384 2950 2450 fecistis
2976 2397 3165 2440 rectum
3204 2404 3320 2444 ante
3363 2410 3488 2447 con-

1908 2473 2132 2530 spectum
2160 2466 2272 2534 ejus
2295 2481 2314 2519 :
2343 2466 2459 2521 ideo
2502 2472 2716 2524 tradidit
2744 2489 2830 2527 vos
2856 2473 3110 2533 Dominus
3141 2481 3280 2537 Deus
3325 2500 3488 2538 vester

1909 2557 1961 2608 in
1992 2557 2223 2611 ntanibus
2256 2559 2577 2616 inimicorum
2607 2575 2887 2620 vestrorum
2939 2569 3060 2641 (111
3109 2572 3237 2644 Reg.
3289 2592 3363 2641 ix,
3395 2580 3475 2649 9).

1911 2645 2154 2703 Psalterii
2185 2663 2360 2706 autem
2393 2669 2582 2710 versus
2627 2658 2713 2711 hic
2765 2671 2846 2713 est
2890 2661 3168 2718 iuventus:
3213 2667 3483 2724 Verumta-

1907 2757 2022 2795 men
2071 2755 2277 2810 pmpter
2303 2747 2624 2802 dolositatem
2669 2755 2882 2821 posuisti
2928 2759 3000 2811 eis
3047 2764 3223 2816 mula:
3253 2764 3484 2834 dejecisti

1907 2853 2013 2902 eos,
2041 2841 2163 2891 dum
2191 2839 2550 2896 allevarentur.
2593 2845 2863 2911 Quomodo
2893 2849 3018 2918 facti
3045 2865 3163 2906 sunt
3195 2855 3247 2908 in
3285 2858 3483 2913 desola~

1907 2931 2092 2983 tionem
2119 2932 2142 2984 ξ)
2168 2933 2333 2987 subito
2362 2936 2692 3005 defecerunt:
2734 2943 2997 3011 perierunt
3042 2959 3248 3018 prapter
3293 2953 3483 3019 iniqui-

1907 3035 2034 3077 tates
2055 3042 2172 3078 suas
2194 3025 2414 3097 (Psalm.
2444 3045 2589 3096 ωλι,
2620 3032 2703 3088 18.
2745 3032 2855 3106 19).
2888 3036 2943 3091 In
2973 3037 3271 3111 Evangeliis
3303 3055 3482 3103 autem

1909 3117 2007 3172 hoc
2035 3128 2116 3173 est
2167 3131 2467 3188 repertum:
2500 3123 2657 3178 Scitis
2687 3129 2805 3195 quia
2852 3139 2965 3200 post
3019 3131 3225 3187 biduum
3273 3134 3483 3194 Pascha

228 3201 382 3257 betes
402 3207 535 3261 circa
566 3207 843 3264 basilicam
874 3209 1010 3267 hanc
1038 3213 1370 3269 occulimur?
1400 3215 1628 3271 Veniant
1655 3218 1798 3272 enim
1829 3195 1875 3258 (ἶ
1905 3209 2012 3276 ﬁt“,
2037 3219 2083 3262 ετ
2109 3209 2280 3264 Filius
2309 3213 2527 3269 ἢοωίηίδ
2559 3219 2791 3273 "ﬁdem"
2830 3231 2881 3274 αι
2912 3225 3243 3298 mm7590"!"
3265 3229 3480 3299 (Μαιυι-

232 3296 354 3362 equi
389 3298 572 3363 nostri,
603 3310 658 3354 et
709 3302 944 3370 acceptis
973 3304 1322 3372 accipitribus
1345 3345 1363 3372 ,
1410 3321 1530 3360 cum
1580 3307 1803 3362 canibus

229 3399 576 3445 exerceamur
615 3396 919 3459 venatiOne,
952 3397 1380 3467 Spectaculisquc
1403 3399 1597 3466 patulis
1614 3397 1803 3469 jucun-

229 3474 440 3533 demur.
472 3481 582 3536 Hoc
608 3484 750 3537 enim
795 3484 982 3553 agebat
1016 3496 1038 3523 ι·
1070 3487 1281 3552 callide,
1329 3499 1384 3541 ut
1413 3505 1535 3543 eum
1566 3507 1594 3544 a
1619 3502 1801 3544 sancta

226 3564 442 3626 basilica
487 3584 783 3643 separaret.
842 3576 1273 3634 Guntchramnus
1323 3595 1450 3635 vero
1499 3583 1633 3635 alias
1673 3596 1803 3637 sane

227 3653 418 3714 bonus.
447 3661 574 3718 Nam
605 3663 674 3718 ad
724 3664 957 3734 petjuria
1005 3666 1230 3722 nimium
1278 3680 1608 3739 praeparatus
1649 3682 1798 3740 erat,

229 3764 589 3811 verumtamen
641 3757 773 3811 nulli
828 3759 1118 3812 amicorum
1176 3775 1573 3817 sacramentum
1620 3765 1799 3833 dedit,

229 3846 378 3910 quod
403 3862 501 3901 non
546 3849 789 3918 protinus
817 3850 1106 3905 omisisset.
1143 3852 1358 3923 Egressi
1406 3857 1604 3926 itaque,
1638 3869 1691 3912 ut
1722 3859 1799 3912 di-

237 3935 432 4003 ximus,
455 3942 519 3995 de
545 3941 789 4009 basilica,
830 3943 895 3997 ad
927 3943 1397 4002 Jocundiaccnsem
1430 3949 1644 4004 domum
1673 3934 1706 3986 δ’
1726 3953 1802 4005 ci-

233 4030 387 4084 vitati
415 4038 707 4101 proximam
742 4037 1007 4106 progressi
1037 4050 1190 4097 sunt;
1224 4043 1314 4095 sed
1344 4044 1508 4114 218
1529 4061 1555 4096 a
1588 4046 1801 4101 nemine

228 4118 570 4181 llerovechns
599 4128 810 4181 nocitus
840 4138 923 4183 est
955 4141 1001 4182 ε.
1033 4130 1097 4184 Et
1125 4133 1248 4200 quia
1294 4133 1650 4199 impetebatur
1676 4146 1801 4192 tunc

227 4210 658 4273 Guutchramnus
687 4220 758 4275 de
778 4220 1020 4288 interitu,
1051 4232 1108 4276 ut
1126 4223 1384 4291 diximus,
1414 4225 1798 4294 Theodoberti,

225 4303 371 4359 misit
395 4309 726 4380 Chilpericus
753 4325 847 4365 rex
897 4314 1110 4368 nuntios
1136 4325 1191 4370 et
1218 4316 1500 4385 epistolam
1545 4318 1797 4388 scriptam

227 4397 292 4448 ad
320 4403 612 4469 sepulcrum
644 4403 814 4456 sancti
837 4403 1069 4473 Martini,
1109 4422 1227 4476 qua:
1256 4407 1484 4463 habebat
1514 4411 1794 4479 insertum,

296 4517 349 4594 1‘
352 4509 399 4564 ld
422 4514 486 4568 de
507 4514 810 4594 Turonensi
845 4516 1182 4594 episcopatu_
1203 4520 1462 4594 intellexit
1509 4524 1748 4580 Valesius
1777 4545 1791 4594 ;

223 4590 277 4659 at
306 4579 630 4659 Turonensis
662 4587 789 4659 urbs
834 4579 1130 4659 adiltevam
1166 4591 1370 4659 Ligeris
1410 4594 1509 4647 sita
1555 4606 1661 4650 est.
1707 4579 1789 4652 Ad

222 4649 485 4736 dexteram
516 4655 724 4736 Ligeris
740 4666 866 4736 sunt
890 4658 1200 4736 Nivernum,
1224 4649 1463 4736 Eurelia,
1485 4649 1787 4736 Natnneta—BE

221 4722 286 4770 dc
339 4722 606 4792 postrema
651 4726 748 4780 hac
790 4728 838 4779 id
881 4732 1059 4795 potius
1105 4722 1508 4798 intelligendum
1549 4722 1790 4795 Cointius

221 4803 419 4867 Censet,
451 4811 552 4849 nec
583 4807 850 4865 repugnat
879 4799 1120 4867 Gregorii
1152 4812 1342 4855 textus.

290 4862 332 4943 IL
351 4867 477 4943 Qua:
501 4862 797 4935 sequuntur
826 4862 1011 4938 usque'
1032 4876 1095 4924 ad
1119 4875 1275 4943 stetit,
1318 4875 1510 4931 desunt
1540 4878 1593 4932 in
1623 4879 1784 4938 Corb.

219 4941 268 4984 et
298 4934 420 4991 Bell.

291 5015 311 5076 ’ἒ
353 5007 486 5060 Editi
517 5023 642 5062 cum
673 5007 825 5076 Bec.,
858 5010 1042 5064 aiebat.

285 5075 309 5161 ξι
346 5076 514 5161 Locus
563 5087 666 5161 est
683 5081 748 5131 ad
789 5089 979 5134 Larum
1029 5081 1244 5137 ﬂuvium
1284 5096 1472 5142 contra
1513 5089 1784 5161 Turonos,

220 5144 360 5214 vulgo
389 5149 581 5217 Jouay,
613 5153 807 5205 dictus.

285 5228 306 5251 ε
341 5220 426 5274 Sic
453 5220 617 5273 Corb.
648 5229 703 5273 et
748 5222 906 5287 Bec.;
938 5223 1027 5277 alii
1075 5226 1296 5279 noscita:
1334 5239 1425 5281 est.
1457 5229 1661 5296 Casin.,
1699 5250 1789 5286 uo-

221 5290 294 5338 ιιι
316 5300 404 5342 est.

285 5355 302 5394 ί
339 5358 698 5445 §ic_Cor'h..e't
726 5360 892 5445 Bella
923 5371 978 5445 ﬁt.
1006 5363 1192 5445 Regni.
1225 5377 1279 5445 et
1305 5368 1460 5445 Bait,
1490 5369 1784 5445 [ξραάὶθίδί-

224 5423 307 5481 ius.
336 5428 903 5508 Culbq-Baidegisilus.
935 5423 1489 5508 Bec.,vBaudegisilus.
1515 5423 1786 5499 Edtttaaii-

227 5510 350 5564 quot,
385 5499 670 5554 Bttudmus.

282 5579 303 5648 s
340 5573 497 5648 βυτ-ιι.
527 5583 580 5627 et
613 5573 768 5635 Bell.,
799 5573 1073 5630 rescribere
1097 5578 1322 5648 coeperit.

276 5640 303 5677 ³
338 5643 544 5710 ltegm.,
569 5658 838 5697 consensu.

282 5720 300 5750 ⁸
347 5714 468 5766 Eant
491 5715 697 5766 scilicet
720 5717 1002 5776 tangendo.

279 5779 298 5835 i
341 5783 462 5837 llaec
490 5786 853 5849 consuetudo,
907 5790 1238 5852 potissimum
1289 5793 1375 5848 ubi
1429 5795 1685 5864 agebatur
1713 5797 1781 5855 de

482 5877 752 5936 Ps't'noL.
803 5877 1027 5940 LXXL

1907 3315 2028 3353 xxv:
2052 3345 2064 3366 ,
2117 3299 2197 3370 ‘2).
2229 3301 2287 3357 In
2319 3305 2400 3358 his
2429 3309 2866 3376 responsionibus
2917 3315 3004 3370 ille
3031 3317 3317 3386 confusus,
3348 3323 3482 3379 flens

1905 3392 2202 3449 diutissime
2230 3398 2394 3468 219
2429 3399 2495 3451 ad
2525 3403 2826 3471 sepulcrum
2879 3405 3017 3462 beati
3057 3414 3344 3481 antistitis,
3394 3435 3481 3470 us-

1904 3495 2080 3539 sumto
2103 3502 2284 3541 secqu
2311 3489 2714 3547 Guntchramno
2737 3497 2892 3563 duce,
2919 3514 3036 3553 cum
3068 3502 3369 3575 quingentis
3390 3521 3481 3566 aut

1903 3592 1968 3630 co
2001 3579 2228 3646 amplius
2253 3580 2381 3635 viris
2409 3581 2676 3637 discessit.
2710 3585 2972 3657 Egressus
3001 3601 3176 3646 autem
3208 3595 3480 3655 basilicum

1904 3681 2166 3734 sanctam,
2198 3687 2318 3727 cum
2345 3674 2444 3728 iter
2471 3689 2654 3746 ageret
2684 3693 2779 3748 per
2807 3683 3275 3743 Atttissiodorense
3317 3694 3479 3744 terri-

1903 3761 2118 3828 torium,
2147 3765 2213 3817 ab
2245 3765 2454 3833 Erpoue
2484 3765 2510 3805 κ
2544 3769 2679 3824 duce
2719 3771 3102 3831 Guntchramni
3143 3783 3282 3849 regis
3328 3799 3479 3838 COtlt-

1905 3854 2200 3921 prehensus
2223 3866 2324 3911 est.
2358 3858 2594 3917 Cumuue
2621 3862 2689 3917 ab
2730 3878 2796 3918 eo
2841 3865 3200 3935 detineretur,
3231 3887 3360 3928 casn
3387 3891 3478 3931 ηε-

1901 3945 2015 4001 scio
2044 3961 2148 4014 quo
2201 3949 2465 4016 dilapsus,
2515 3953 2788 4009 basilicam
2830 3959 3000 4013 sancti
3043 3961 3292 4020 Germani
3345 3965 3362 4004 ι
3397 3970 3477 4022 iu-

1901 4051 2115 4105 gressus
2144 4048 2245 4093 est.
2274 4040 2509 4096 Audiens
2540 4043 2654 4098 haec
2681 4046 3115 4107 Guntchramnus
3146 4069 3239 4109 rex
3263 4100 3279 4124 ,
3312 4057 3364 4113 in
3397 4061 3476 4116 ira

1901 4139 2196 4186 commotus
2224 4131 2489 4202 Erponem
2519 4136 2870 4208 septingentis
2894 4151 2930 4177 ω
2956 4147 3130 4200 aureis
3158 4147 3394 4215 damnat,
3421 4167 3476 4208 et

1898 4223 1968 4278 ab
1999 4223 2203 4280 honore
2229 4234 2498 4292 removet,
2528 4229 2745 4285 dicens:
2781 4232 3089 4304 Retinuisti,
3121 4251 3177 4294 ut
3203 4244 3278 4296 ait
3309 4243 3475 4301 frater

1902 4328 2074 4380 meus,
2107 4316 2376 4371 inimicum
2404 4334 2580 4375 suum.
2611 4320 2761 4388 Quod
2788 4325 2832 4377 si
2852 4325 2952 4380 hoc
2967 4327 3144 4384 facere
3173 4335 3470 4407 cogitabas,

1900 4405 1966 4459 ad
1989 4422 2074 4461 me
2095 4423 2215 4461 eum
2243 4408 2473 4465 debuiSti
2502 4411 2647 4480 prius
2662 4413 2959 4481 adducere;
2992 4421 3073 4474 sin
3098 4433 3273 4478 autem
3302 4405 3472 4498 aliud,

1902 4528 2452 4615 remissam-laribus,
2485 4530 2638 4615 valde
2783 4534 3074 4603 Augustino
3121 4541 3469 4615 displicebat,

1898 4615 1962 4676 ex
1991 4599 2156 4676 epiSt._
2303 4671 2313 4676 _
2331 4599 2461 4676 alias
2512 4603 2646 4676 119,Δ
2666 4604 2841 4659 Sortes
2869 4598 3191 4676 sanctorum,
3209 4598 3221 4613 ’
3244 4598 3302 4670 et
3320 4598 3473 4675 Stis;

1895 4671 2158 4745 ejusmodi
2204 4671 2563 4745 divinationes
2614 4673 2935 4732 damnarunt
2985 4671 3218 4740 (Juncilia
3278 4671 3468 4745 Gallic:

1893 4741 2110 4822 Aga.th.,
2141 4755 2257 4824 can.
2289 4741 2379 4824 δὲ,
2407 4745 2596 4824 Aurel:
2626 4760 2661 4808 I,
2692 4763 2810 4824 can.
2840 4747 2931 4824 ὃς),
2951 4761 3053 4824 ctc.
3074 4770 3088 4819 ;
3109 4772 3225 4824 qua:
3255 4741 3469 4816 tandem

1895 4813 2103 4896 penitus
2130 4812 2398 4896 abrogata:
2427 4815 2635 4896 suntin
2682 4819 2838 4896 tertio
2862 4812 3152 4896 Capitulari
3192 4843 3280 4880 an.
3325 4812 3461 4896 789,

1896 4882 1982 4959 ubi
2016 4896 2134 4959 cap.
2183 4881 2216 4932 4
2263 4886 2502 4959 legitur__:_
2525 4884 2591 4939 Ut
2622 4889 2807 4959 nullus
2855 4890 2907 4943 in
2947 4881 3236 4959 'Psulterio,
3293 4881 3469 4956 retain

1893 4952 2188 5020 Evangelia,
2224 4953 2299 5030 uel
2329 4954 2382 5004 in
2412 4957 2527 5030 aliis
2555 4958 2701 5011 rebus
2730 4962 2911 5014 sortire
2951 4952 3244 5030 prmsumat,
3270 4986 3358 5020 nec

1891 5024 2170 5076 vinationes
2192 5021 2391 5096 aliquas
2426 5029 2705 5080 obserrare.
2749 5031 2864 5096 Quo
2892 5021 3067 5085 autem
3105 5038 3204 5089 ritu
3233 5021 3468 5096 'lieretﬂi‘d

1895 5109 1988 5166 per
2024 5107 2201 5166 sacros
2242 5094 2403 5166 libros
2443 5094 2802 5166 sortilegium',
2842 5101 2990 5156 disce
3017 5117 3081 5156 ex
3114 5104 3174 5157 V.
3219 5109 3296 5160 Cl.
3349 5094 3470 5165 Ste:

1895 5164 2052 5243 phani
2103 5163 2295 5249 Calusit
2337 5166 2566 5249 notis__i_u
2598 5163 2858 5249 eumdem
2904 5173 3099 5249 locum.
3152 5175 3278 5232 Vide
3306 5163 3467 5249 supra

1894 5234 2090 5316 not._in
2114 5235 2207 5316 lib.
2233 5248 2289 5316 tt,
2315 5235 2553 5316 cap.
2596 5237 2708 5290 Mos
2751 5239 3034 5316 illeﬂetiam
3073 5249 3208 5312 apud
3238 5234 3466 5316 gentiles

1894 5250 2007 5287 nor.
2039 5250 2090 5286 m
2114 5250 2207 5287 nu.
2233 5250 2289 5294 ιι,
2315 5250 2374 5287 ca
2420 5275 2433 5289 .
2467 5250 2553 5290 ot.
2596 5250 2708 5290 Mos
2751 5250 2840 5292 Ille
2872 5251 3034 5297 etiam
3073 5250 3208 5312 apud
3238 5255 3466 5316 gentiles

1891 5305 2205 5360 invaluerat.
2234 5305 2326 5380 S_ic
2357 5250 2657 5380 {ﬁndrianu}:
2667 5310 2810 5380 apud
2834 5310 3168 5379 Spurtiauum
3195 5333 3258 5372 ex
3282 5318 3467 5380 fortui-

1893 5388 1946 5429 ιο
1979 5390 2158 5453 versu,
2187 5375 2274 5442 qui
2306 5375 2506 5443 primus
2533 5378 2585 5430 iu
2618 5377 2836 5449 Virgilio
2857 5375 3194 5453 occurrisset,
3229 5375 3464 5452 futurum

1888 5446 2265 5514 augurabatur.
2717 5446 2734 5449 ’

1960 5515 1985 5586 ξι
2030 5517 2239 5584 ltegm.,
2272 5514 2545 5586 lierpone;
2575 5517 2723 5583 Bec.,
2750 5519 3058 5582 Herbonem.

1965 5585 1998 5660 ιγ
2024 5586 2180 5641 Juxta
2204 5588 2388 5641 urbem
2413 5588 2860 5660 Autissiodorum,
2882 5597 2969 5651 ubi
2988 5598 3148 5652 etiam
3174 5618 3313 5657 nunc
3338 5606 3463 5660 sub-

1882 5659 2047 5732 sistit,
2080 5659 2257 5732 sedin
2285 5660 2584 5732 urbe,cum
2617 5659 2908 5729 percelebri
2945 5675 3267 5727 monasterio
3297 5659 3429 5732 Ortii
3451 5713 3463 5724 -

1887 5731 1968 5783 uis
1999 5731 2346 5811 Benedictini,
2375 5730 2474 5810 sub
2498 5733 2664 5788 sancti
2691 5734 3316 5811 MauriCougrcgatione.

1957 5811 1995 5838 ¹¹²
2019 5802 2202 5870 Corb.,
2233 5802 2573 5872 septuaginta.

2987 5902 3050 5963 11
