3994 6194
570 358 659 416 351

1565 358 1620 415 S.
1661 358 1982 415 GREGORII
2032 358 2333 415 EPISCOPI
2369 354 2795 413 TURONENSIS

3716 358 3813 413 352

558 492 668 533 tiec
714 485 932 548 tangere
977 474 1241 530 debueras
1293 490 1451 545 quem
1505 485 1689 530 tenere
1740 477 2135 531 dissiinulabas.
2167 491 2213 545 Α
2314 474 2447 530 XVI.
2491 477 2545 529 In
2576 476 2863 530 Britanniis
2892 476 3005 531 haec
3025 484 3141 529 acta
3170 482 3313 529 sunt.
3343 475 3637 530 Mactiavus
3660 492 3816 545 quon-

567 574 847 631 Exercitus
875 581 1051 626 autem
1072 571 1376 641 “CitiipCI'iCi
1409 574 1547 642 regis
1581 590 1746 643 usque
1775 575 2004 628 Turonis
2046 589 2135 627 ac-

554 667 783 731 cedens,
801 664 1103 737 regionem
1124 663 1264 717 illam
1306 664 1361 717 in
1387 664 1594 732 prmdas
1631 665 1815 731 mittit,
1846 666 2141 731 succendit,

565 765 724 824 atque
769 753 1046 808 devastat:
1082 768 1181 807 nec
1226 753 1387 808 rebus
1417 755 1587 807 sancti
1644 756 1854 809 Martini
1887 755 2139 824 pepercit,

564 848 660 902 sed
702 844 843 915 quod
886 860 1044 899 manu
1078 844 1275 913 tetigit,
1327 846 1444 899 sine
1491 845 1598 899 ullo
1647 846 1742 900 Dei
1787 847 1995 912 intuitu,
2056 860 2145 900 aut

570 938 763 993 timore
809 937 1047 1007 diripuit.
1077 936 1427 992 Merovechus
1460 953 1624 1007 prope
1653 937 1788 993 duos
1836 953 2047 994 menses
2079 938 2143 992 ad

568 1034 891 1090 antedictam
939 1032 1211 1085 basilicam
1266 1031 1534 1095 residens,
1587 1031 1761 1099 fugam
1818 1034 1953 1098 iniit,
1987 1043 2041 1087 et
2078 1032 2144 1086 ad

567 1123 967 1180 Brunicliildem
1014 1120 1249 1189 reginam
1284 1135 1450 1189 usque
1501 1123 1774 1188 pervenit:
1808 1126 1899 1176 sel
1929 1123 1996 1176 ab
2030 1124 2140 1176 Au-

567 1216 777 1273 strasiis
803 1230 908 1271 non
935 1224 1018 1269 est
1045 1214 1323 1267 collectus.
1359 1213 1516 1267 Pater
1546 1230 1673 1267 vero
1690 1216 1820 1283 ejus
1850 1217 2142 1270 exercitum

568 1319 757 1364 contra
776 1306 1179 1372 Campaneiisos
1206 1300 1533 1368 ‘coinmovit,
1569 1316 1756 1373 putans
1785 1321 1904 1359 eum
1948 1307 2144 1371 ibidem

566 1398 858 1454 occultari:
890 1395 1162 1451 seitniliil
1212 1396 1420 1461 nocuit,
1453 1410 1551 1450 nec
1594 1412 1715 1450 eum
1765 1396 1937 1465 potuit
1994 1412 2147 1467 repe-

566 1496 675 1548 rire

630 1582 752 1639 XV.
789 1584 853 1638 Et
879 1582 998 1652 quia
1032 1591 1267 1650 tempore
1294 1581 1407 1648 illo,
1439 1597 1545 1652 quo
1572 1583 1830 1638 Alboinus
1861 1585 1910 1637 in
1941 1585 2143 1640 Italiam

551 1678 840 1748 ingressus
860 1685 962 1742 est,
985 1673 1426 1728 Clilotliactiariiis
1447 1682 1502 1728 et
1523 1674 1818 1744 Sigibertus
1848 1676 2053 1731 Snavos
2093 1688 2146 1732 et

566 1771 701 1825 alias
727 1779 912 1839 gentes
939 1769 990 1821 iii
1017 1768 1134 1822 loco
1166 1767 1258 1821 illo
1280 1778 1662 1846 .posuerunt‘;
1696 1769 1747 1822 hi
1770 1769 1866 1837 qui
1908 1781 2146 1839 tempore

558 1865 820 1936 ‘Sigiberti
869 1863 1099 1932 regressi
1128 1872 1273 1928 sunt,
1303 1862 1355 1916 id
1383 1873 1465 1917 est
1493 1866 1583 1930 qui
1624 1879 1744 1917 eum
1775 1864 2002 1918 Alboino
2029 1865 2143 1919 Itie—
2175 1862 2241 1927 B,

566 1964 709 2023 rant,
737 1965 920 2010 contra
961 1955 1058 2008 hos
1085 1964 1434 2023 consurgunt,
1472 1954 1710 2009 volentes
1751 1970 1849 2010 eos
1873 1970 1904 2009 a
1936 1957 2149 2026 regione

542 2048 655 2103 -illa
675 2047 959 2102 eXtrudere
990 2060 1053 2099 ac
1077 2045 1280 2100 delere.
1306 2048 1372 2097 At
1395 2044 1469 2097 illi
1499 2045 1898 2101 obtulerunteis
1940 2047 2147 2101 tertiam

544 2151 770 2208 opartem
804 2147 980 2202 terrae,
1010 2137 1247 2191 dicentes
1274 2153 1286 2189 :
1321 2136 1493 2192 Siiiitil
1526 2139 1704 2191 vivere
1728 2140 1842 2191 sine
1872 2138 2150 2194 collisione

569 2245 868 2300 possumus.
904 2228 1007 2283 Sed
1041 2229 1114 2281 illi
1152 2236 1335 2281 contra
1363 2242 1458 2281 eos
1486 2228 1627 2290 irati,
1655 2243 1721 2281 eo
1750 2228 1888 2297 quod
1919 2230 2015 2296 ipsi
2050 2230 2151 2283 lioc

566 2335 723 2377 antea
749 2320 1064 2383 tenuissent,
1095 2318 1393 2370 nullatenus
1419 2315 1697 2383 pacilicare
1719 2320 2024 2372 voluerunt.
2050 2317 2153 2374 De-

566 2416 694 2468 hiiic
742 2411 905 2483 220
931 2409 1238 2464 obtulerunt
1278 2408 1358 2462 eis
1406 2409 1596 2462 iterum
1639 2412 1721 2463 isti
1762 2411 2100 2465 medietatem
2135 2430 2147 2464 :

567 2506 807 2576 posthaec
828 2519 958 2557 unus
982 2513 1177 2568 partes,
1201 2500 1301 2554 sibi
1327 2503 1537 2554 tertiam
1560 2502 1940 2569 relinquentes.
1964 2503 2154 2558 Nolen-

567 2598 711 2652 tibus
731 2602 906 2649 autem
925 2593 1052 2656 illis,
1078 2591 1389 2646 obtulerunt
1417 2606 1537 2645 cum
1563 2602 1699 2645 terra
1730 2595 1906 2645 omnia
1936 2608 2147 2661 pecora,

546 2699 773 2744 -tantum
806 2693 863 2740 ut
889 2701 916 2739 a
943 2685 1083 2739 bello
1112 2694 1405 2738 cessarent.
1434 2682 1535 2737 Sed
1582 2699 1678 2736 nec
1707 2685 1807 2737 hoc
1831 2682 1906 2737 illi
1937 2686 2150 2752 acquie-

546 2790 801 2848 scentes,
837 2790 1109 2833 certamen
1141 2785 1415 2846 expetunt.
1457 2776 1520 2829 Et
1548 2775 1688 2829 inter
1726 2790 1785 2829 se
1814 2788 1940 2831 ante
1976 2789 2149 2831 certa-

538 2891 714 2943 ~meii,
761 2871 991 2942 qualiter
1040 2883 1234 2923 uxores
1289 2868 1583 2923 Suavoruin
1615 2867 1936 2933 dividerent,
1979 2878 2034 2923 et
2061 2870 2150 2938 qui

564 2982 724 3035 quam
752 2974 869 3035 post
897 2977 1081 3016 eorum
1113 2962 1317 3014 exitum
1361 2959 1649 3028 acciperet,
1680 2967 1930 3028 tractant,
1964 2971 2154 3029 putan-

540 3067 648 3111 .tes
670 3070 763 3109 eos
786 3054 893 3123 jam
911 3050 1061 3121 quasi
1092 3046 1400 3104 interfectos
1428 3049 1646 3106 habere.
1676 3049 1777 3103 Sed
1812 3049 2022 3104 Domini
2052 3054 2151 3104 mi-

566 3146 788 3207 seratio,
820 3157 940 3212 quae
966 3140 1223 3210 justitiam
1266 3136 1414 3203 facit,
1448 3138 1497 3192 in
1532 3140 1686 3191 aliam
1729 3150 1931 3208 partem
1967 3141 2153 3194 volun-

2245 567 2366 621 dam
2396 576 2450 622 et
2470 567 2698 621 Bodicus
2727 568 3096 621 Britannorum
3119 567 3341 621 comites
3357 563 3409 631 ιι,
3432 579 3817 622 sacramentum

2246 661 2383 712 inter
2412 671 2470 714 se
2496 658 2774 726 dederant,
2823 670 2879 713 ut
2928 659 3018 727 qui
3047 675 3111 713 ex
3141 659 3219 714 eis
3250 660 3644 727 superviveret,
3687 661 3820 715 tilios

2247 748 2409 818 partis
2439 751 2660 805 alterius
2692 763 2939 818 tanquam
2966 758 3208 821 proprios
3233 750 3562 807 defensaret.
3593 754 3820 807 Mortuus

2248 851 2423 894 autem
2457 841 2681 896 Budicus
2709 845 2922 913 reliquit
2949 844 3138 909 tilium,
3169 845 3560 899 Theodericum
3592 846 3817 899 nomine.

2246 930 2384 995 Quo,
2414 931 2695 987 Maeliavus
2723 933 2918 988 oblitus
2943 935 3294 999 sacramenti,
3326 936 3551 1005 eXpulso
3577 950 3606 987 a
3638 936 3820 1004 patria,

2247 1039 2467 1093 regnum
2501 1026 2662 1094 patris
2698 1026 2816 1096 ejus
2857 1028 3083 1096 accepit.
3119 1027 3213 1081 llic
3237 1043 3368 1083 vero
3398 1027 3564 1083 multo
3591 1037 3821 1095 tempore

2249 1120 2503 1187 profugus
2528 1135 2795 1191 vagosque
2834 1118 2934 1174 fuit
2968 1138 2981 1173 :
3014 1124 3097 1175 cui
3128 1121 3339 1174 tandem
3368 1123 3620 1176 misertus
3648 1122 3821 1175 Deus'

2247 1209 2488 1265 collectis
2508 1226 2690 1265 secum
2712 1227 2743 1266 a
2770 1212 3040 1266 Britannia
3065 1213 3211 1277 viris,
3245 1227 3304 1267 se
3329 1227 3491 1281 super
3519 1212 3823 1266 Maeliavum

2248 1301 2464 1371 objecit,
2487 1317 2716 1372 eumque
2738 1318 2858 1359 cuin
2881 1302 2994 1357 Iilio
3016 1308 3131 1373 ejus
3151 1304 3313 1359 Iacob
3338 1304 3515 1372 gladio
3540 1304 3823 1368 interemit,

2251 1402 2561 1462 partemque
2590 1396 2761 1464 regni,
2789 1411 2945 1462 quam
2968 1397 3233 1464 quondam
3258 1405 3406 1465 pater
3427 1395 3546 1465 ejus
3563 1402 3824 1459 tenuerat,

2250 1485 2299 1536 in
2327 1498 2424 1538 sua
2464 1494 2724 1554 potestate
2755 1487 3015 1551 restituit;
3049 1497 3252 1556 partem
3284 1502 3411 1540 vero
3451 1487 3613 1540 aliam
3647 1486 3828 1539 Waro—

2248 1573 2421 1629 chusf
2462 1576 2701 1630 Maeliavi
2730 1577 2871 1631 ﬁlius
2901 1578 3183 1632 vindicavit
3214 1579 3332 1633 sibi.

2321 1711 2482 1766 XVII.
2523 1711 2953 1768 Guntcliramnus
2987 1728 3114 1768 vero
3147 1730 3239 1768 rex
3266 1714 3399 1769 duos
3425 1713 3784 1783 Magnacliarii
3804 1724 3826 1761 ε

2249 1804 2517 1871 quondam
2550 1804 2685 1859 tilios
2718 1807 2876 1875 221
2919 1804 3096 1875 gladio
3142 1806 3428 1870 interemit,
3463 1821 3560 1873 pro
3589 1822 3656 1861 eo
3693 1807 3829 1876 quod

2251 1898 2303 1950 iu
2334 1895 2757 1951 Austreohildem
2789 1895 2817 1933 h
2841 1898 3106 1963 reginam,
3138 1898 3361 1967 ejusque
3404 1900 3624 1953 soboles
3673 1899 3831 1952 multa

2253 1986 2591 2041 detestabilia
2614 1996 2776 2056 atque
2798 1988 3123 2041 exsecranda
3172 1987 3497 2057 proferrent;
3530 1990 3831 2044 facultates-

2252 2095 2355 2146 que
2383 2094 2566 2133 eorum
2598 2080 2725 2134 ﬁsco
2755 2094 2852 2133 suo
2880 2079 3101 2146 redegit.
3134 2084 3251 2149 Ipse
3294 2097 3506 2150 quoque
3534 2084 3673 2136 duos
3703 2083 3830 2136 filios

2254 2189 2379 2228 suos
2403 2174 2579 2229 subito
2610 2176 2797 2228 morbo
2835 2190 3121 2244 oppressos
3171 2175 3400 2243 perdidit
3445 2174 3487 2239 ί,
3511 2174 3581 2229 de
3606 2189 3828 2244 quorum

2252 2265 2451 2320 funere
2481 2265 2636 2321 valde
2664 2268 3009 2321 contristatus
3050 2276 3152 2329 est,
3184 2281 3249 2320 eo
3279 2265 3418 2333 quod
3455 2267 3677 2320 orbatus
3711 2266 3827 2319 abs-

2253 2373 2358 2427 que
2388 2357 2574 2412 liberis
2606 2359 2982 2412 remansisset.
3020 2357 3097 2411 Eo
3128 2372 3269 2410 anno
3324 2357 3570 2412 dubietas
3621 2357 3829 2411 Pascha

2254 2448 2372 2505 fuit.
2404 2449 2457 2504 In
2481 2449 2666 2504 Galliis
2713 2465 2841 2505 vero
2863 2465 2960 2504 nos
2986 2464 3106 2504 cum
3120 2451 3305 2504 multis
3320 2450 3629 2505 civitatibus
3647 2460 3829 2519 quarto

2253 2541 2757 2596 decimoKalendas
2784 2542 2980 2597 Maiasl
3020 2551 3259 2598 sanctum
3289 2544 3494 2598 Pascha
3537 2544 3831 2599 celebravi-

2255 2646 2393 2687 mus.
2425 2633 2528 2686 Alii
2574 2648 2704 2687 vero
2742 2648 2862 2686 cum
2907 2634 3175 2701 Hispanis,
3222 2634 3542 2689 duodecimo
3570 2634 3832 2689 Kalendas

2254 2724 2454 2794 Aprilis
2485 2724 2873 2780 solemnitatem
2915 2727 3051 2779 lianc
3090 2736 3375 2780 tenuerunt
3406 2742 3421 2779 ε
3456 2737 3631 2783 tamen
3669 2737 3729 2780 ut
3764 2726 3833 2780 Ie:

2255 2826 2400 2881 runt,
2424 2818 2596 2873 Iontes
2633 2819 2729 2885 illi,
2762 2818 2851 2887 qui
2886 2818 2938 2871 in
2973 2818 3241 2887 Hispaniis
3272 2827 3403 2872 nutu
3444 2818 3537 2873 Dei
3564 2820 3833 2889 complen-

2234 2921 2339 2966 -tur
2358 2909 2407 2976 1‘,
2443 2912 2493 2964 in
2518 2921 2700 2966 nostro
2733 2912 2929 2965 Pascha
2954 2909 3140 2979 repleti
3167 2921 3309 2964 sunt.

2326 3044 2511 3099 XVIII.
2552 3046 2788 3100 Cainone
2833 3043 3013 3098 itero1
3049 3034 3322 3102 Turniiico
3366 3048 3505 3113 vico,
3549 3048 3674 3103 dum
3724 3050 3834 3120 ipso

2255 3138 2487 3206 glorioso
2512 3136 2936 3191 Resurrectloiiis
2968 3137 3259 3192 Dominicm
3286 3138 3372 3192 die
3400 3140 3573 3193 Missa;
3599 3141 3834 3196 celebra-

560 3243 737 3290 tatem
757 3249 942 3288 eorum
974 3231 1208 3285 retorsit.
1238 3230 1365 3283 Nam
1389 3230 1794 3298 conﬂigentibus
1821 3230 1923 3285 illis
1952 3248 1965 3283 :
1997 3240 2149 3284 erant
2177 3229 2222 3292 C
2255 3241 2460 3297 rentur,
2498 3232 2719 3285 ecclesia
2759 3232 3102 3295 contremuit,
3146 3234 3475 3301 pupulusque
3513 3236 3833 3289 conterritus

571 3332 752 3378 autem
781 3322 964 3391 viginti
993 3336 1084 3373 sex
1117 3320 1280 3372 millia
1321 3321 1613 3383 Saxonum,
1643 3337 1707 3373 ex
1740 3324 1931 3390 quibus
1964 3322 2148 3391 viginti

568 3417 736 3471 millia
765 3413 1102 3476 ceciderunt;
1137 3412 1428 3465 Suavoruni
1459 3426 1667 3480 quoque
1691 3428 1787 3466 sex
1824 3414 1988 3466 millia
2015 3430 2145 3481 qua-

570 3509 855 3579 dringenti,
893 3516 947 3560 et
968 3505 1233 3573 octoginta
1255 3501 1282 3540 δ
1313 3514 1510 3557 tantum
1544 3507 1792 3573 prostrati
1822 3517 1942 3559 Stttil
1973 3525 1985 3560 :
2022 3509 2145 3562 reli-

569 3603 663 3674 qui
705 3617 833 3655 vero
873 3599 1149 3652 victoriam
1194 3597 1553 3651 obtinuerunt.
1606 3597 1683 3650 Illi
1713 3613 1921 3667 quoque
1958 3602 2043 3667 qui
2083 3618 2146 3653 ex

575 3693 878 3749 Saxonibus
903 3698 1289 3754 remanserant,
1319 3687 1562 3741 detestati
1581 3697 1722 3751 sunt,
1750 3690 1951 3743 nullum
1977 3706 2037 3745 se
2062 3709 2150 3747 eo-

555 3804 689 3842 -ruin
724 3786 962 3849 barbam,
989 3796 1161 3848 neque
1192 3780 1409 3848 capillos
1440 3778 1750 3844 incisurum,
1784 3782 1883 3834 nisi
1918 3786 2062 3850 prius
2091 3799 2151 3838 se

573 3879 643 3934 de
664 3875 982 3932 adversariis
1005 3873 1409 3926 ulciscerentur.
1432 3871 1635 3938 Quibus
1656 3871 1850 3926 iterum
1880 3875 2152 3929 decertan-

562 3972 735 4036 tibus,
770 3970 822 4024 in
873 3969 1071 4037 majore
1101 3965 1310 4021 excidio
1354 3978 1689 4035 corruerunt,
1732 3974 1788 4021 et
1833 3967 1910 4022 sic
1952 3984 1983 4022 a
2014 3968 2151 4023 bello

550 4072 834 4117 icessatum
857 4068 938 4115 εει
952 4068 996 4112 θ.

646 4230 671 4256 κ
712 4218 909 4272 Confer
937 4226 1095 4281 caput
1130 4214 1228 4267 hoc
1258 4229 1376 4267 cum
1407 4212 1497 4277 45,
1526 4215 1640 4267 libri
1676 4230 1748 4267 tv.
1777 4214 2063 4279 Craterum,
2097 4228 2154 4271 ut

555 4298 792 4344 ‘Ilittnelll
818 4287 1061 4340 Valesius
1092 4299 1142 4337 «οι
1172 4285 1433 4347 (Zointius,
1466 4286 1763 4352 Sigibcrtus
1791 4290 1934 4337 soliis
1964 4287 2153 4342 Snevis

572 4362 745 4413 locum
778 4356 1101 4410 inhabitandi
1126 4356 1378 4417 dederat,
1418 4370 1536 4406 nam
1572 4366 1696 4407 tunc
1729 4356 1839 4423 jam
1869 4356 2153 4413 defunctus

575 4440 692 4483 erat
721 4427 1044 4482 Clilotat'ius.
1078 4427 1449 4478 [amendandus
1480 4440 1693 4494 quoque
1740 4426 1929 4478 I’atilus
1965 4429 2155 4481 Diaco-

568 4518 692 4555 τηις,
722 4498 812 4565 qui
843 4496 1155 4560 Gregorium
1188 4498 1395 4547 incaute
1416 4507 1650 4558 secutus,
1679 4494 1729 4548 in
1758 4497 1893 4548 liune
1916 4513 2151 4553 ert-mem

573 4574 807 4637 impegit.

2252 3340 2279 3377 a
2316 3339 2535 3393 pavore,
2571 3338 2725 3376 unam
2756 3337 2938 3377 vocem
2980 3323 3150 3389 dedit,
3199 3322 3384 3378 dicens
3425 3325 3565 3394 quod
3608 3327 3832 3382 ecclesia

2250 3417 2463 3471 caderet
2496 3432 2508 3468 :
2549 3414 2832 3484 cunctique
2872 3414 2939 3468 ab
2984 3429 3068 3482 ea,
3112 3416 3272 3468 etiam
3305 3415 3635 3485 percﬂractis
3686 3418 3834 3471 ostiis

2253 3507 2540 3576 perfugam
2575 3505 2705 3574 lapsi
2735 3517 2879 3557 sunt.
2927 3504 3111 3574 Magna
3158 3506 3394 3574 pustliiec
3424 3507 3539 3562 lues
3582 3508 3833 3577 populum

2250 3597 2565 3652 devastavit.
2618 3595 2861 3649 PUSliltl'C
2907 3598 3339 3650 Guntcliramnus
3382 3612 3471 3651 ret
3511 3597 3578 3652 ad
3618 3599 3834 3653 Childe—

2250 3690 2459 3742 bertum
2502 3698 2745 3755 nepotem
2774 3702 2926 3739 suum
2960 3687 3163 3756 legatos
3194 3688 3377 3757 mittit,
3410 3702 3593 3755 pacem
3626 3701 3833 3759 petens,

2252 3795 2315 3834 ac
2338 3782 2629 3849 deprecans
2660 3794 2782 3833 eum
2812 3779 3015 3833 videre.
3070 3779 3220 3833 Tunc
3260 3780 3350 3833 ille
3376 3794 3497 3833 cuin
3526 3782 3835 3848 proceribus
3867 3826 3871 3831 .

2253 3874 2364 3926 suis
2395 3877 2459 3925 ad
2492 3887 2610 3926 eum
2637 3874 2781 3925 venit
2809 3872 2929 3941 :qui
2959 3872 3023 3924 ad
3060 3883 3302 3939 pontem,
3333 3889 3490 3941 quem
3523 3874 3773 3929 Petreutn
3796 3884 3835 3914 ιι

2255 3964 2509 4029 ‘tocitant,
2542 3964 2813 4033 conjuncti
2844 3974 2985 4030 sunt,
3011 3967 3406 4019 consalutantes
3429 3977 3589 4035 atque
3608 3967 3836 4022 invicem

2254 4056 2553 4110 osculantes
2583 4069 2663 4109 se.
2696 4056 3125 4110 Gttntcbrainnus
3153 4071 3246 4111 rex
3277 4057 3351 4110 ait
3384 4075 3395 4110 :
3428 4058 3615 4113 Evenit
3647 4060 3835 4129 impul-

2254 4214 2341 4268 i-i'i'.
2371 4212 2737 4268 Guntramnus
2767 4212 3154 4283 Marca‘trudem
3191 4212 3549 4283 Magnacharii
3589 4214 3746 4271 ducis
3781 4218 3836 4269 fio

2259 4286 2379 4338 liam
2409 4289 2665 4346 duxerat,
2690 4298 2791 4352 qua
2821 4284 2891 4337 ob
2914 4280 3299 4357 Giiiidohaduiii
3329 4288 3651 4354 prmgnum,
3678 4304 3834 4357 quem

2257 4356 2620 4409 tiuntraninus
2650 4369 2717 4407 ex
2753 4353 3052 4407 veneranda
3098 4356 3384 4419 habuerat,
3418 4353 3624 4409 veneno
3654 4353 3837 4411 suilla-

2261 4435 2368 4478 tuin
2391 4425 2630 4495 dimissa,
2665 4425 3038 4491 Austrigildeiu
3069 4424 3186 4493 ejus
3215 4427 3461 4478 aucillatn
3487 4430 3656 4480 duxit.
3683 4432 3836 4495 Quod

2258 4496 2452 4549 Guntio
2478 4504 2531 4548 et
2559 4493 2817 4549 Wiolicus
2849 4494 3204 4561 Magnaebarii
3252 4495 3345 4548 lilii
3380 4496 3520 4549 ferre
3552 4514 3656 4550 non
3697 4493 3837 4553 {ale-

2260 4568 2404 4629 bant,
2440 4567 2597 4634 idque
2637 4568 2846 4618 tandem
2880 4566 3023 4618 exitii
3054 4581 3211 4619 causa
3241 4568 3322 4620 eis
3371 4567 3485 4620 tuit.
3517 4567 3839 4636 Magnacha-

649 4618 805 4693 ἱνὲἱέ
823 4636 984 4689 Corb.
1010 4646 1062 4688 et
1084 4635 1323 4701 Bellum;
1355 4634 1507 4687 Culb.
1542 4634 1679 4687 idem
1711 4636 1869 4688 etiam
1897 4636 2142 4706 habebat;
2178 4618 2227 4678 ι)
2253 4618 2742 4706 rtijrn'orte'tiivantio
2770 4636 2872 4689 566
2900 4637 3178 4706 consignat
3206 4618 3832 4696 Mﬁariusribveiitie‘euswis.

574 4711 667 4765 sed
694 4719 875 4779 postea
905 4706 1080 4759 addita
1111 4714 1235 4757 sunt
1260 4716 1379 4772 post
1397 4706 1594 4779 millia,
1631 4706 1744 4758 haec
1765 4713 1918 4758 verna
1949 4724 2012 4761 ea:
2033 4713 2143 4777 qui-

571 4777 774 4845 δαείω
790 4782 1151 4832 ηςιιιιιῇρενειιη·
1176 4791 1266 4828 sea:
1296 4777 1478 4850 millia,
1502 4792 1564 4828 ex
1594 4779 1775 4843 quibus
1792 4782 2145 4850 quadringenti

570 4864 618 4907 et
649 4851 924 4921 octoginta,
960 4856 1095 4921 cita;
1129 4860 1285 4921 quain
1312 4846 1595 4921 Iectioiiein
1640 4852 1761 4900 liec.
1801 4860 1857 4921 et
1893 4846 2027 4904 editi
2051 4857 2143 4904 ha-

570 4924 717 4987 bent,
742 4916 933 4990 quibus
963 4916 1103 4990 favet
1131 4916 1275 4969 Paul.
1310 4918 1578 4969 Diac.alib.
1613 4933 1689 4981 Iit,
1723 4932 1819 4985 cap
1847 4920 1899 4973 7.

649 5006 670 5032 ς
718 4988 1069 5047 Wiiicliindus
1108 4989 1396 5040 monachus
1431 4990 1770 5041 CorlieietlSIS
1803 4992 1851 5041 in
1879 4993 2141 5059 Saxonis,

571 5067 659 5133 qui
691 5064 789 5119 sub
811 5063 1043 5116 Utthone
1075 5059 1143 5111 Μ.
1176 5061 1371 5119 lloriiit,
1396 5063 1646 5133 observat
1672 5060 1871 5112 Suavos
1892 5063 2142 5117 Transal-

572 5129 768 5189 benses
793 5138 1061 5197 regionem
1086 5145 1244 5196 quani
1275 5129 1574 5182 incolebant
1595 5145 1948 5196 occupavisse
1977 5147 2143 5187 Saxo-

573 5208 728 5258 nibus
751 5208 802 5257 in
824 5204 912 5254 Ital
937 5220 1019 5254 am
1044 5201 1419 5267 migrantibus;
1444 5200 1666 5270 ideoque
1683 5216 1777 5253 sua
1798 5203 1970 5255 adhuc
1988 5214 2145 5260 :etate

572 5274 789 5327 eosdem
817 5276 931 5325 aliis
963 5288 1117 5337 quam
1141 5274 1386 5323 Saxones
1414 5272 1615 5339 legibus
1642 5288 1765 5325 usus
1788 5286 1927 5336 esse,
1958 5289 2145 5342 quani-

570 5345 653 5397 Vis
684 5351 733 5396 in
766 5343 991 5396 Saxonis
1014 5345 1168 5396 sedes
1201 5346 1474 5395 haberent.

641 5411 668 5450 δ
710 5415 921 5479 ιὶθειιι.,
961 5416 1132 5470 duces,
1168 5413 1492 5481 comitesque.
1534 5411 1818 5465 Macliavus
1870 5414 2143 5469 ordinatus

570 5481 741 5538 fuerat
770 5484 1050 5546 episcopus
1086 5481 1419 5543 V'ooetensis,
1449 5496 1606 5547 supra
1628 5484 1723 5534 liti.
1758 5497 1828 5545 iv,
1864 5499 1979 5551 cap.
2011 5481 2067 5547 4,
2089 5500 2144 5538 et

574 5560 694 5609 licet
719 5562 979 5617 apostata,
1010 5566 1276 5618 nunquam
1309 5566 1485 5605 tamen
1526 5567 1711 5618 passus
1735 5562 1821 5606 est
1844 5569 1904 5607 se
1934 5570 2143 5609 vivente

567 5628 728 5679 alititii
759 5622 1012 5673 ominari.

640 5706 664 5733 °
707 5693 864 5754 I'Jdili,
895 5695 979 5757 qui
1012 5690 1212 5742 tandem
1237 5692 1505 5743 miserante
1531 5689 1653 5747 Deo.

646 5765 664 5805 ί
711 5768 862 5826 Iiell.,
896 5762 1169 5815 Varrocus.

633 5849 663 5886 is
701 5838 881 5904 Colb.,
904 5831 1182 5903 Magnarii.
1210 5828 1363 5885 Colb.
1392 5838 1445 5885 et
1474 5829 1676 5900 aliquot
1701 5832 1849 5901 editi,
1873 5833 2143 5903 Magni/ia-

2322 4704 2346 4777 δέ
2388 4708 2511 4769 Alii,
2536 4706 2917 4777 Austrigildcm.

2329 4775 2343 4813 ί
2388 4775 2795 4851 ωιιυιιυιειετὲευ
2841 4777 3047 4851 scilicet
3094 4787 3147 4830 et
3188 4777 3554 4851 Clilotarium,
3602 4797 3835 4851 quorum

2248 4848 2517 4925 epitaphia
2545 4847 2985 4925 refertfltiesiiitts
3011 4860 3153 4901 tomo
3233 4849 3431 4925 Hister.
3467 4847 3680 4915 Franci,
3710 4870 3831 4925 pag.

2250 4920 2372 4971 512.
2425 4920 2651 4972 Eosdem
2694 4918 2877 4988 Regios
2923 4934 2983 4969 ac
3028 4920 3248 4988 egregios
3294 4919 3635 4975 adolescentes
3676 4918 3838 4980 vocat

2250 4991 2445 5043 Marius
2474 4989 2541 5042 ad
2569 5005 2656 5041 an.
2686 4988 2807 5041 577.

2322 5062 2337 5111 .l
2385 5062 2562 5122 (Jolb.,
2593 5058 2831 5120 Martias,
2861 5064 2955 5111 sed
2989 5058 3262 5113 mendose.

2323 5130 2344 5167 ιε
2388 5132 2461 5185 De
2493 5129 2574 5184 bis
2618 5131 2851 5201 t’oiitibus
2899 5128 3016 5180 vide
3044 5130 3307 5183 Cointiuin
3357 5131 3423 5184 ad
3471 5147 3671 5186 annum
3701 5133 3833 5201 497,

2202 5236 2203 5239 η
2246 5218 2400 5256 rium.
2430 5204 2482 5256 '5.
2517 5201 2766 5254 Dubietas
2799 5199 2912 5252 haec
2939 5208 3053 5252 orta
3084 5214 3148 5253 ex
3178 5216 3242 5254 eo
3271 5204 3412 5269 quod
3441 5202 3625 5256 Franci
3656 5199 3838 5260 Victo;

2250 5275 2313 5325 rii
2360 5273 2669 5325 laterciiluiii
2715 5269 3092 5337 sequebantur,
3124 5281 3179 5323 ut
3220 5274 3269 5323 in
3299 5274 3525 5326 eonciiio
3554 5277 3833 5331 Aurelian.

2248 5358 2320 5407 tv,
2353 5358 2470 5395 can.
2502 5358 2541 5406 i,
2591 5356 2678 5394 an.
2705 5340 2831 5403 541,
2879 5349 3132 5393 statutum
3178 5340 3380 5407 fuerat;
3436 5343 3654 5407 liis-pani
3705 5362 3837 5401 Veto

2247 5414 2519 5481 antiqumn
2550 5414 2855 5481 Latinorum
2887 5426 3170 5465 catiunein.
3208 5413 3311 5467 Adi
3337 5415 3606 5468 Cointium
3631 5418 3703 5471 ad
3732 5434 3836 5472 an-

2249 5479 2519 5543 num7539,
2552 5499 2698 5534 titiiii.
2721 5479 2817 5533 '15.

2324 5552 2342 5590 1
2378 5558 2731 5628 (Instruiii__est
2756 5552 2821 5604 ad
2855 5549 3182 5628 Viugeniium
3211 5554 3469 5628 positum,
3500 5556 3643 5620 quod
3676 5561 3835 5628 vulgo

2252 5624 2444 5679 Clinton
2484 5624 2801 5689 appellatur,
2835 5627 2974 5675 unde
3011 5637 3341 5679 recentiores
3369 5627 3677 5681 Clintonium
3707 5624 3833 5685 eor-

2249 5706 2401 5762 rupto
2430 5692 2664 5746 eﬂ'orinai
2682 5703 2792 5745 unt.

2320 5760 2359 5838 ξιι
2398 5762 2712 5838 Complures
2738 5772 2866 5838 sunt
2910 5760 3340 5838 iiujus_nominis
3381 5768 3483 5820 vici
3535 5770 3588 5823 in
3618 5769 3830 5838 Galliis,

2248 5834 2405 5907 vulgo
2431 5831 2779 5888 Picrre-Pont
2816 5831 3099 5911 dieti,’qui
3134 5844 3313 5892 autem
3355 5838 3442 5894 hic
3474 5831 3828 5907 memoratur;
