3994 6194
224 258 318 282 7"?

224 277 251 310 ὦ
260 277 318 315 .1:

1150 255 1469 311 HISTORIA
1514 251 1956 308 FRANCORUM.
2001 247 2202 304 LIBER
2239 247 2558 315 QUINTUS.

3377 246 3477 303 33’s

226 388 285 428 su
310 383 655 441 peccatorum
685 386 947 436 meorum,
982 379 1039 425 tit
1061 372 1262 441 absque
1292 370 1475 424 liberis
1507 378 1530 405 ⁸
1565 385 1804 423 retnane-
1833 377 1878 429 Α
1910 381 2053 425 cere,
2086 365 2182 416 nisi
2215 374 2268 416 et
2296 380 2394 433 ego
2422 378 2513 415 vos
2540 362 2697 415 simili
2727 372 2872 417 sorte
2907 377 3324 416 remunerarmn.
3375 365 3482 419 Re-

229 480 335 520 rem
366 479 384 517 :
417 473 470 516 et
504 464 628 517 ideo
657 473 798 532 peto,
829 474 883 517 ut
910 463 995 518 hic
1022 478 1188 531 nepos
1220 477 1368 516 meus
1398 460 1523 513 mihi
1548 458 1615 513 sit
1648 459 1805 511 Iilius.

233 556 293 609 Et
314 556 602 623 imponens
628 570 749 608 eum
777 569 937 622 super
959 554 1265 608 cathedram
1297 568 1469 616 suam,
1488 564 1735 606 cunctum
1756 551 1804 604 ei

234 662 444 716 regnum
480 646 719 705 tradidit,
758 646 942 700 dicens
974 664 988 698 :
1023 645 1137 701 Una
1188 661 1284 698 nos
1322 660 1500 713 parma
1546 650 1808 711 protegat,

237 753 438 805 unaque
486 737 636 791 basta
682 736 955 792 defendat.
1004 737 1156 805 Quod
1197 739 1241 791 si
1289 737 1426 789 filios
1460 735 1712 798 habueio,
1763 742 1813 786 te

239 832 577 884 nihilominus
610 841 859 899 tanquam
902 846 1064 884 unum
1105 845 1167 883 ex
1212 828 1294 881 his
1325 827 1603 896 reputabo,
1642 839 1696 879 ut
1730 826 1812 878 illa

236 937 342 975 cum
371 923 476 984 eis,
506 930 787 989 tecumque
828 928 1135 988 permaneat
1173 919 1425 983 charitas,
1455 920 1614 987 222
1656 931 1812 984 quam

240 1013 322 1065 tibi
369 1011 532 1064 hodie
579 1025 679 1079 ego
725 1010 1000 1079 polliceor,
1052 1018 1186 1064 teste
1226 1009 1351 1061 Deo.
1400 1008 1655 1061 Proceres
1690 1021 1816 1060 vero

237 1100 559 1156 Childeberti
606 1101 851 1155 similiter
910 1116 1005 1168 pro
1052 1100 1239 1154 eodi-m
1288 1098 1503 1167 polliciti
1554 1107 1696 1149 sunt.
1754 1096 1818 1149 Et

238 1193 617 1246 manducantes
670 1192 829 1245 simul
882 1200 1041 1259 atque
1095 1191 1376 1254 bibentes,
1431 1189 1710 1256 dignisque
1758 1202 1819 1240 se

242 1283 553 1337 muneribus
598 1282 944 1343 honorantes,
994 1279 1201 1349 paciﬁci
1242 1282 1623 1334 discesserunt.
1671 1278 1819 1331 Tunc

239 1374 298 1427 ad
324 1371 686 1441 Cbilpericum
718 1387 898 1441 regem
932 1373 1247 1440 legationem
1295 1372 1581 1428 mittentes,
1618 1380 1674 1423 ut
1699 1370 1816 1423 red-

245 1465 386 1521 deret
414 1462 560 1532 quod
588 1463 655 1517 de
681 1477 865 1517 eorum
914 1480 1074 1530 tchm
1108 1465 1369 1516 minuerat
1418 1480 1429 1513 :
1475 1461 1615 1530 quod
1647 1460 1690 1512 si
1720 1460 1821 1513 dif-

240 1554 422 1616 ferret,
454 1567 698 1619 campum
731 1560 1057 1619 praepararet
1085 1553 1150 1603 ad
1185 1551 1402 1603 bellum.
1434 1548 1584 1614 Quod
1614 1548 1705 1601 ille
1728 1548 1823 1601 de-

240 1643 489 1711 spiciens,
538 1640 676 1708 apud
708 1641 1020 1694 Suessionas
1049 1650 1208 1708 atque
1241 1639 1473 1693 Parisios
1494 1638 1667 1692 circos
1694 1635 1823 1690 aedi-

248 1734 407 1789 ficare
456 1733 730 1802 praecepit,
782 1747 981 1800 eosque
1022 1730 1234 1801 pupulis
1275 1730 1635 1800 spectaculum
1686 1742 1822 1797 prte-

239 1826 366 1883 licus
399 1824 452 1878 δ.

306 1917 452 1974 XIX.
497 1917 591 1972 llis
642 1917 711 1969 ita
759 1915 954 1984 gesds.
1001 1914 1223 1969 audiens
1260 1912 1630 1982 Chilpericus,
1679 1911 1818 1980 quod

237 2008 593 2065 Prmtextatus
618 2008 1064 2078 Rothomagensis
1094 2007 1376 2076 episcopos
1407 2016 1592 2061 contra
1622 2005 1819 2059 utilita-

236 2110 337 2153 tem
364 2116 522 2154 suam
557 2100 766 2167 populis
794 2114 1009 2151 tnunera
1038 2098 1211 2162 daret,
1242 2112 1363 2152 eum
1391 2097 1458 2151 ad
1489 2112 1546 2152 se
1575 2096 1821 2151 arcessiri

238 2192 514 2259 praccepit.
581 2190 700 2258 Quo
757 2191 1000 2243 discusso
1029 2199 1077 2255 ε,
1109 2190 1306 2257 reperit
1346 2204 1465 2242 cum
1506 2188 1695 2242 eodem
1737 2204 1822 2242 res

240 2281 605 2336 Brunichildis
635 2282 830 2347 reginae
859 2282 1299 2336 commendatas:
1344 2279 1576 2350 ipsisque
1607 2282 1819 2348 ablatis,

175 2432 182 2437 ,
246 2389 364 2426 enm
395 2374 448 2427 in
476 2374 672 2428 exsilio
695 2388 863 2442 usque
889 2379 952 2425 ad
972 2372 1355 2427 sacerdotalem
1385 2373 1708 2426 audientiam
1741 2389 1825 2426 re-

248 2464 401 2518 tineri
436 2466 713 2533 praecepit.
743 2463 1039 2532 (Ionjuncto
1068 2474 1244 2517 autem
1267 2463 1527 2525 Concilio,
1559 2463 1825 2518 exltibitus

240 2567 343 2613 est.
400 2558 569 2611 Erant
618 2569 794 2609 autem
847 2557 1079 2624 episcopi
1122 2552 1147 2592 ε
1179 2557 1267 2623 qui
1316 2560 1639 2609 advenerant
1686 2556 1823 2625 apud

242 2646 500 2709 Parisios,
553 2647 605 2699 in
656 2644 871 2698 basilica
912 2646 1081 2698 sancti
1120 2644 1258 2698 I‘etri
1306 2644 1558 2712 apostoli.
1606 2645 1699 2697 Cui
1732 2659 1827 2699 rex

243 2739 315 2791 Iit
345 2756 357 2790 :
389 2737 529 2803 Quid
562 2736 659 2790 tibi
707 2738 873 2790 visum
908 2744 1009 2798 est,
1060 2752 1092 2786 o
1141 2737 1410 2805 episcope.
1453 2750 1508 2789 ut
1556 2734 1826 2788 inimicum

246 2844 418 2884 meum
453 2829 853 2891 Merovechum,
897 2827 987 2896 qui
1036 2826 1173 2880 filius
1218 2842 1336 2880 esse
1386 2828 1662 2891 debuerat,
1707 2842 1827 2879 cum

248 2924 401 2974 amita
438 2937 565 2985 sua,
602 2922 653 2976 id
683 2934 762 2975 est
790 2922 958 2988 patrui
984 2923 1063 2973 sui
1099 2937 1293 2984 nitore,
1320 2921 1479 2988 conju
1524 2921 1716 2990 geres?
1749 2924 1827 2973 Au

248 3015 459 3079 ignarus
502 3029 646 3076 eras,
695 3029 813 3082 quae
858 3029 952 3082 pro
994 3012 1090 3066 hac
1126 3028 1292 3066 causa
1326 3013 1596 3066 Canonum
1634 3022 1829 3068 statuta

1914 2277 2187 2343 ‘cerdotes,
2222 2279 2365 2333 verbi
2398 2281 2687 2360 prophetici
2717 2284 2854 2355 quod
2887 2283 2961 2336 ait
2994 2302 3006 2336 :
3034 2285 3094 2340 Si
3121 2287 3297 2340 viderit
3324 2306 3499 2359 specu-

1909 456 2130 508 cedeote
2168 468 2292 505 vero
2328 468 2452 515 rege
2492 452 2557 504 ad
2594 462 2843 506 metatum
2876 461 2900 489 ε
2927 470 3102 518 stunu,
3138 470 3232 507 nos
3274 456 3481 511 collecti

1911 544 1963 597 in
1996 561 2155 597 unum
2196 544 2509 597 Sedebamus
2551 542 2601 596 in
2642 546 2932 597 secretario
2960 544 3190 600 basilicae
3222 549 3359 601 beati
3388 549 3481 602 Pe-

1913 637 1999 689 tri.
2049 635 2621 705 Confabulantibusque
2650 637 2827 702 nobis,
2862 640 3035 692 subito
3064 639 3279 694 advenit
3304 644 3487 698 Aetius

1914 727 2321 780 archidiaconus
2344 726 2620 780 Parisiaca:
2647 728 2914 793 Ecclesiae,
2938 730 3280 799 salutatisque
3304 734 3484 797 nobis,

1913 817 1985 869 ait
2016 835 2027 868 :
2058 817 2248 870 Audite
2275 833 2376 881 me.
2409 832 2442 872 ο
2479 816 2786 872 sacerdotes
2818 818 3048 884 Domini,
3094 820 3179 889 qui
3225 822 3275 875 iu
3321 839 3482 878 unum

1915 910 2122 963 collecti
2188 910 2337 963 estis.
2403 904 2508 963 Aut
2572 911 2712 963 enim
2772 911 2873 965 huc
2912 924 3150 980 tempore
3189 916 3492 973 exaltabitis

1918 1014 2109 1052 nomen
2177 1013 2453 1063 vestrum,
2516 1010 2569 1053 et
2617 1000 2771 1055 bona;
2835 1002 2985 1056 fama:
3033 1006 3198 1069 gratia
3264 1008 3495 1077 refulge-

1919 1089 2079 1155 Iiilis;
2124 1102 2214 1144 aut
2240 1099 2385 1145 certe
2415 1091 2588 1145 ttulltts
2616 1108 2708 1143 vos
2738 1093 2928 1145 atnodo
2959 1110 3053 1162 pro
3077 1093 3167 1148 Dei
3200 1096 3491 1151 sacerdoti-

1918 1183 2017 1235 bus
2082 1192 2167 1236 est
2218 1182 2526 1249 habiturus,
2582 1185 2625 1236 si
2684 1201 2932 1250 personas
2982 1198 3184 1242 vestras
3236 1190 3495 1257 sagaciter

1920 1288 2023 1325 non
2064 1274 2287 1345 erigitis,
2332 1285 2420 1328 aut
2465 1275 2680 1329 fratrem
2720 1292 2891 1345 perire
2924 1280 3245 1344 permittitis.
3282 1282 3404 1336 Haec
3428 1297 3493 1337 eo

1921 1362 2152 1428 dicente,
2191 1364 2364 1419 nullus
2394 1366 2729 1419 sacerdotum
2770 1369 2816 1420 ei
2860 1369 3143 1435 quidquam
3190 1372 3495 1445 respondit;

1924 1453 2181 1507 timebant
2211 1455 2350 1509 enim
2386 1457 2581 1527 reginae
2624 1460 2875 1523 furorem,
2920 1461 3073 1527 cujus
3105 1463 3350 1517 instinctu
3384 1467 3498 1519 haec

1921 1543 2235 1612 agebantur.
2263 1546 2464 1612 Qtliltlls
2490 1547 2726 1611 intentis,
2757 1559 2809 1602 et
2837 1566 2925 1602 ora
2954 1551 3118 1619 digito
3148 1557 3499 1621 comprimen-

1925 1634 2085 1701 tibus,
2134 1652 2231 1705 ego
2279 1637 2365 1691 aio
2394 1655 2406 1691 τ
2434 1641 2630 1694 Attenti
2683 1656 2740 1694 es
2766 1653 2871 1704 ote,
2915 1659 3115 1713 quaeso,
3158 1648 3497 1701 sermonibus

1850 1751 1898 1809 B
1927 1727 2077 1792 meis,
2096 1742 2128 1777 o
2154 1727 2471 1782 sanctissimi
2498 1735 2799 1786 sacerdotes
2824 1734 2933 1798 Dei,
2966 1747 3015 1788 et
3050 1738 3344 1800 praesertim
3381 1755 3492 1800 vos,

1923 1832 2013 1885 qut
2061 1817 2433 1875 familiariores
2479 1836 2599 1875 esse
2647 1824 2755 1891 regi
2807 1826 3107 1880 videmini:
3161 1829 3410 1886 adhibete
3447 1833 3498 1887 ei

1921 1908 2201 1960 consilium
2224 1917 2464 1963 sanctum
2495 1923 2652 1981 atque
2679 1928 2734 1965 sa
2771 1916 3028 1984 erdotale,
3058 1935 3121 1972 ne
3148 1921 3499 1976 exardescens

1923 1999 1974 2052 in
2025 2003 2322 2054 ministrum
2358 2003 2472 2069 Dei,
2508 2017 2690 2071 pereat
2736 2008 2803 2061 ab
2851 2006 2925 2060 ira
2976 2010 3120 2078 ejus,
3175 2022 3229 2065 et
3275 2030 3497 2081 regnum

1924 2091 2129 2158 perdat,
2162 2104 2212 2143 et
2239 2094 2484 2160 gloriam.
2520 2095 2643 2150 Il:ec
2670 2112 2754 2150 me
2778 2098 3001 2159 dicente,
3034 2101 3259 2155 silebant
3288 2119 3497 2160 omnes.

1923 2184 2031 2239 Illis
2050 2201 2172 2238 vero
2186 2187 2464 2241 silentibus
2480 2188 2647 2256 adjeci
2676 2206 2688 2242 :
2723 2192 3057 2253 Mementote.
3075 2194 3271 2248 domini
3294 2198 3394 2250 mei
3411 2212 3499 2250 sa-

1927 2369 2060 2422 lator
2086 2370 2401 2439 iniquitatem
2430 2360 2668 2435 hominis,
2693 2384 2738 2425 et
2770 2390 2870 2427 non
2902 2377 3106 2439 dixerit,
3130 2394 3244 2432 reus
3274 2381 3365 2434 erit
3390 2350 3518 2433 diu?

1926 2456 2021 2510 ma"
2047 2462 2301 2527 pereuntis
2337 2460 2549 2532 (Ezech.
2576 2478 2760 2528 xxxiii,
2795 2464 2871 2531 6).
2925 2466 3062 2536 Ergo
3108 2470 3274 2523 nolite
3321 2471 3503 2539 silere,

1927 2552 2020 2601 sed
2069 2550 2374 2618 pracdicate,
2421 2562 2473 2605 et
2518 2554 2696 2619 ponite
2741 2565 2862 2609 ante
2902 2558 3084 2612 oculos
3127 2557 3277 2643 regis
3295 2562 3504 2631 peccata

1927 2641 2064 2707 ejus,
2100 2656 2165 2695 ne
2198 2642 2333 2695 forte
2362 2643 2410 2697 ei
2436 2643 2636 2712 aliquid
2661 2647 2783 2698 ntali
2815 2648 3104 2713 contingat,
3133 2625 3305 2719 einos
3334 2650 3527 2725 reis'i-j,

1937 2735 2003 2786 tis
2038 2750 2130 2801 pro
2161 2735 2333 2787 anima
2363 2735 2499 2803 ejus.
2547 2737 2625 2788 An
2676 2739 2932 2805 ignoratis
2971 2725 3274 2827 quidjnovo
3300 2712 3519 2827 gestum"

1934 2825 2091 2879 fuerit
2125 2827 2399 2894 tempore?
2427 2828 2695 2894 quomodo
2722 2815 3112 2898 apprehensum
3140 2815 3507 2902 Sigimundiim

1930 2915 2303 2971 Chlodonieiis
2347 2921 2559 2973 tetrusit
2611 2921 2660 2972 in
2692 2923 3001 2975 Carceretn?
3030 2924 3265 2994 dixitque
3306 2928 3354 2981 ei
3387 2932 3507 2981 Avi-

1890 3074 1900 3084 .
1935 3019 2020 3061 tus
2055 3006 2073 3044 τ
2106 3008 2195 3062 Dei
2224 3009 2471 3062 sacerdos
2504 3027 2516 3061 :
2551 3009 2627 3064 Ne
2678 3010 2881 3078 injicias
2931 3028 3146 3067 manum
3186 3018 3234 3068 in
3271 3032 3416 3079 eum,
3457 3032 3509 3074 et

247 3105 583 3159 sanxissent?
612 3103 787 3158 Etiam
812 3119 915 3157 non
942 3104 1027 3156 bic
1050 3107 1220 3157 solum
1248 3106 1541 3159 excessisse
1565 3105 1825 3174 probaris,
1860 3124 1904 3187 ρ
1935 3118 2054 3156 cum
2081 3100 2438 3170 Burgundiam
2473 3102 2711 3171 petieris,
2739 3103 2898 3174 224.
2926 3108 3202 3160 victoriam
3225 3108 3509 3165 obtinebis.

249 3196 343 3248 sed
389 3198 552 3251 etiam
593 3213 715 3249 cum
761 3197 852 3249 illo
892 3197 1063 3265 egisti.
1095 3198 1234 3249 datis
1279 3198 1606 3262 muneribus,
1646 3209 1702 3252 ut
1730 3213 1829 3268 ego

249 3286 612 3342 interﬁceret.
659 3288 877 3341 Hostem
928 3298 1104 3341 autem
1138 3288 1298 3341 lilium
1331 3291 1466 3356 patri
1518 3288 1708 3355 fecisti,
1742 3303 1831 3343 se-

251 3378 448 3434 dnxisti
479 3380 708 3449 pecunia
742 3379 972 3448 plebem,
1022 3389 1076 3432 ut
1106 3381 1280 3433 nullus
1308 3395 1514 3434 mecum
1548 3382 1702 3435 fidem
1736 3384 1831 3436 ha-

250 3472 413 3529 bitam
444 3474 774 3541 custodiret;
809 3475 1125 3543 vuluistiqne
1166 3491 1383 3543 regnum
1422 3489 1598 3529 meum
1636 3475 1687 3527 in
1719 3491 1834 3528 ma-

251 3580 379 3620 num
423 3569 648 3621 aiterius
704 3567 933 3621 tradere.
991 3567 1116 3621 Ilmc
1165 3583 1231 3621 eo
1281 3567 1515 3633 dicente,
1565 3566 1838 3622 infremuit

254 3658 542 3712 multitudo
574 3658 922 3721 Francorum,
953 3658 1227 3727 voluitque
1256 3659 1389 3711 ostia
1418 3660 1651 3711 basilica:
1694 3674 1838 3712 rum-

251 3764 399 3818 pere,
424 3748 579 3819 quasi
609 3757 664 3801 ut
692 3757 993 3802 extractum
1025 3748 1356 3803 sacerdotem
1390 3749 1654 3816 lapidibus
1686 3764 1842 3817 urge-

248 3850 337 3892 ret
378 3842 519 3893 :sed
567 3853 660 3892 rex
706 3838 975 3907 prohibuit
1017 3837 1150 3892 fieri.
1206 3836 1440 3908 Cumque
1490 3837 1842 3893 Praetextatus

250 3930 544 3997 episcOpus
610 3944 673 3983 ea
737 3945 855 3998 quae
922 3945 1015 3983 rex
1082 3931 1318 3993 dixerat,
1384 3928 1523 3983 facta
1592 3942 1839 3998 negaret,

249 4025 414 4095 223
446 4025 785 4078 advenerunt
823 4022 942 4076 falsi
991 4032 1176 4088 testes,
1210 4024 1299 4091 qui
1335 4024 1688 4077 ostendebant
1725 4039 1846 4091 spe-

248 4120 365 4170 cies
409 4118 642 4185 aliquas.
675 4116 914 4169 dicentes
947 4132 959 4167 :
994 4116 1120 4170 Ητεο
1148 4126 1201 4170 et
1228 4118 1342 4170 bazc
1370 4116 1523 4171 nobis
1553 4115 1766 4181 dedisti,
1793 4126 1849 4169 ut

249 4206 579 4261 Merovecho
612 4205 768 4258 fidem
803 4207 1115 4274 promittere
1143 4206 1478 4261 deberemus.
1513 4208 1589 4260 Ad
1622 4207 1732 4261 haec
1765 4209 1850 4261 ille

251 4298 472 4351 dicebat
514 4314 529 4351 :
576 4297 770 4350 Verum
801 4297 944 4351 enim
982 4296 1178 4357 dicitis,
1212 4312 1308 4350 vos
1337 4314 1364 4349 a
1400 4314 1483 4351 me
1510 4300 1706 4364 saepius
1737 4314 1853 4352 mu-

253 4398 498 4449 neratos,
540 4387 635 4441 sed
682 4403 787 4441 non
822 4388 933 4441 haec
974 4402 1134 4441 causa
1165 4389 1389 4449 exstitit,
1422 4397 1478 4441 ut
1507 4404 1596 4441 rex
1631 4390 1854 4460 ejicere-

1933 3194 2025 3248 Ille
2058 3210 2182 3247 vero
2212 3195 2450 3249 abnuens
2480 3210 2598 3263 qua:
2628 3195 2676 3249 ei
2722 3212 2750 3248 a
2794 3199 3070 3251 sacerdote
3110 3198 3247 3251 dicta
3281 3198 3509 3266 fuerant,

1931 3287 2079 3349 abiit,
2112 3288 2387 3356 ipsumque
2415 3304 2531 3340 cum
2571 3303 2735 3341 uxore
2763 3297 2818 3342 et
2846 3288 2966 3342 liliis
3009 3278 3511 3361 interemitap'etiit-

1933 3397 2034 3449 que
2051 3380 2424 3450 Burgundiam,
2446 3380 2621 3450 ibiq-ic
2652 3398 2940 3451 oppressus
2963 3388 3029 3437 ab
3051 3386 3313 3451 exercitu,
3348 3364 3510 3441 inter-

1933 3484 2144 3539 emplus
2197 3482 2300 3527 est.
2330 3473 2463 3539 Quid
2490 3473 2747 3527 Maximus
2791 3475 3115 3544 imperator?
3166 3477 3350 3531 Nonne
3385 3494 3505 3533 cont

1935 3564 2143 3617 beatum
2168 3564 2445 3618 Martinam
2470 3574 2496 3612 8
2519 3566 2858 3634 compulisset
2884 3570 3278 3623 communicare
3301 3569 3508 3623 cuidam

1938 3656 2217 3712 homicida:
2265 3659 2548 3727 episcopo,
2597 3670 2650 3713 et
2699 3662 2819 3725 ille,
2869 3677 2974 3732 quo
3021 3662 3230 3718 facilius
3272 3664 3513 3719 addictos

1942 3750 2097 3803 morti
2130 3749 2402 3814 liberaret,
2429 3754 2536 3818 regi
2568 3752 2729 3819 impio
2759 3754 3139 3815 consensisset,
3165 3765 3518 3823 prosequente

1943 3841 2100 3909 Regis
2130 3842 2316 3895 :eterni
2346 3843 2567 3911 judicio,
2603 3844 2669 3895 ab
2702 3844 2926 3909 nnperio
2954 3845 3207 3911 depulsos
3236 3844 3518 3911 Maximus,

1944 3939 2115 3985 morte
2164 3932 2388 3998 pessima
2438 3934 2824 3986 condemnatus
2855 3934 2971 3986 est?
3021 3934 3141 3987 Haec
3174 3949 3256 3987 me
3287 3934 3521 3999 dicente,

1948 4038 2053 4077 non
2086 4022 2350 4091 iespondit
2389 4024 2524 4078 u'lus
2551 4026 2857 4093 quidquam,
2890 4025 2981 4079 Sed
3026 4035 3176 4078 erant
3223 4040 3411 4077 omnes
3439 4024 3523 4077 in-

1950 4115 2079 4169 tenti
2122 4125 2175 4167 et
2215 4123 2511 4182 stupentes.
2564 4117 2673 4168 Duo
2718 4126 2893 4170 tamen
2943 4116 3245 4169 adulatores
3269 4131 3334 4168 ex
3371 4116 3523 4182 ipsis,

1950 4208 2087 4277 quod
2132 4208 2197 4261 de
2242 4208 2504 4273 episeopis
2545 4208 2643 4262 dici
2689 4208 2971 4262 dolendum
3015 4216 3116 4272 est,
3153 4209 3527 4262 nuntiaverunt

1955 4301 2064 4371 regi
2094 4302 2352 4365 dicentes,
2381 4304 2498 4369 quia
2528 4304 2727 4355 nullum
2752 4303 3005 4368 majorem
3038 4302 3052 4355 i
3078 4302 3306 4356 iitulcuttt
3340 4303 3391 4355 in
3414 4302 3525 4356 suis

1957 4394 2133 4446 causis
2162 4409 2319 4462 quam
2350 4408 2433 4446 me
2466 4394 2703 4447 haberet.
2740 4393 2886 4447 Illico
2917 4409 3048 4445 unus
3069 4410 3131 4445 ex
3160 4393 3343 4447 anlici~
3372 4409 3531 4451 cursu

255 4487 347 4532 tur
375 4495 405 4532 a
432 4493 620 4546 regno.
652 4475 783 4529 Nam
811 4486 866 4530 et
894 4491 1014 4529 cum
1045 4492 1143 4530 vos
1172 4477 1300 4530 mihi
1329 4488 1381 4532 et
1411 4493 1576 4545 equos
1602 4479 1848 4545 optimos,
1885 4490 1933 4550 ι)
1960 4483 2145 4550 rapido
2195 4486 2259 4536 ad
2308 4498 2391 4537 me
2438 4484 2925 4549 repraesentandum
2973 4482 3233 4552 dirigitur.
3294 4484 3533 4554 Cumque

258 4583 317 4627 et
353 4586 445 4626 res
476 4570 611 4623 alias
643 4567 984 4637 prteberetis,
1022 4568 1259 4638 nunquid
1302 4582 1540 4638 poteram
1590 4571 1728 4623 aliud
1777 4570 1855 4624 fa-

262 4728 461 4783 dicitnr
494 4721 860 4781 Pont-Pierre.
894 4722 1027 4776 situs
1067 4721 1119 4774 in
1157 4721 1286 4774 silva
1320 4719 1524 4789 Vosago
1553 4720 1618 4773 ad
1652 4721 1849 4775 Mosam

263 4798 509 4857 fluvium,
544 4796 683 4850 inter
705 4795 898 4848 Motum
929 4803 985 4847 et
1011 4790 1550 4858 Novum-castellum,
1578 4794 1664 4845 vix
1697 4793 1854 4847 hodie

268 4879 450 4922 ιιοιιιε.

343 4949 371 4975 ι
410 4935 657 4992 Habebat
686 4934 819 4987 tilias
848 4933 983 4988 duas
1012 4933 1399 4993 Guntramnns,
1428 4929 1855 5001 Chlodobergem

273 5023 467 5076 nempe
516 5016 573 5060 et
600 5004 957 5076 Cblotildem;
1005 5004 1099 5059 sed
1132 5002 1200 5076 id
1256 5016 1352 5069 pro
1394 5001 1560 5076 nihilo
1606 5003 1854 5076 ducebat,

271 5073 414 5149 quod
443 5091 615 5147 regno
643 5075 971 5149 capessendo
1000 5073 1261 5149 inhabiles
1302 5084 1485 5149 essent
1513 5074 1657 5149 juxta
1688 5075 1856 5149 legem

259 5142 533 5215 ,Salicam:
554 5160 675 5215 quae
702 5142 914 5211 semper
955 5144 1006 5198 in
1038 5143 1287 5215 omnibus
1328 5142 1476 5215 regni
1507 5142 1858 5215 divisiuuibus

259 5212 451 5283 llocum
481 5212 768 5279 habuerat,
797 5226 849 5268 et
879 5215 1070 5269 exinde
1117 5212 1317 5268 habuit.
1370 5212 1647 5281 Nunquam
1690 5212 1857 5283 enim,

276 5308 339 5346 ex
370 5307 479 5360 quo
509 5287 844 5343 Francorum
898 5285 1181 5353 itnperium
1212 5283 1474 5349 subsistit,
1516 5283 1767 5336 mulieres
1794 5282 1861 5337 ad

277 5361 675 5416 succedendum
710 5356 762 5409 in
794 5369 935 5416 regia
962 5356 1218 5416 dignitate
1248 5354 1493 5407 admisse
1521 5353 1754 5407 fuerunt.

277 5369 675 5417 succedendum
710 5371 762 5409 ιιι
794 5369 935 5422 regia
962 5369 1218 5424 dignitate
1248 5369 1493 5407 animas-.e
1521 5369 1754 5407 luerunt.

347 5433 373 5471 δ
403 5431 616 5501 Regm.,
642 5441 831 5501 eosque
858 5427 1156 5501 spectandos
1186 5422 1387 5501 populis
1439 5424 1675 5501 praebuit.
1698 5422 1864 5501 .Bad.,

280 5504 330 5556 in
374 5503 447 5556 eis
481 5492 682 5571 populo
724 5492 1422 5571 spectaculum‘pnebiturus.
1465 5494 1630 5571 Porro
1659 5492 1743 5546 hic
1771 5494 1865 5571 de-

284 5575 398 5628 trita
437 5563 521 5628 est
553 5563 821 5637 scriptura
860 5564 979 5618 cod.
1010 5566 1235 5627 Bellov.,
1264 5578 1431 5631 usque
1460 5563 1523 5616 ad
1554 5564 1668 5616 b:ec
1698 5563 1858 5617 verba

282 5642 548 5715 sequentis
578 5636 794 5715 capitis,
827 5643 873 5687 et
906 5649 996 5687 ora
1019 5636 1335 5715 digito,.etc.

353 5706 371 5753 ἑ
401 5714 585 5779 ωειλ,
622 5711 775 5773 Bec.,
811 5715 943 5768 ctc.,
971 5722 1115 5759 auem
1158 5706 1463 5770 discussum,
1497 5715 1712 5758 casuum
1744 5718 1860 5759 mu-

1959 4574 2243 4637 venissem,
2289 4576 2463 4626 stabat
2511 4588 2601 4627 rex
2642 4574 2787 4641 juxta
2837 4574 3234 4627 tabernaculum
3275 4589 3338 4627 ex
3372 4574 3533 4627 ramis

1964 4726 2181 4787 latione,
2212 4741 2368 4793 quam
2400 4726 2499 4779 sibi
2540 4724 2850 4778 familiarem
2893 4724 3055 4778 fuisse
3086 4724 3280 4779 fatetur
3308 4740 3410 4778 non
3438 4740 3528 4777 se-

1960 4795 2062 4863 mel
2091 4795 2402 4863 Gregorius.

2028 4862 2054 4900 ά
2090 4862 2255 4918 Erant
2286 4881 2507 4917 numero
2537 4864 2625 4926 45,
2657 4882 2720 4919 ex
2754 4865 2889 4920 libro
2920 4881 2987 4919 vit
3022 4865 3175 4927 infra,
3205 4879 3322 4928 cap.
3354 4863 3437 4915 I6.

2034 4943 2057 4970 ο
2093 4934 2308 4986 Veteres
2338 4946 2589 4988 metatum
2625 4952 2720 5003 pro
2750 4937 2865 4988 solo
2894 4938 3159 5001 hospitum
3196 4934 3274 5003 vel
3306 4933 3532 4985 militum

1962 5004 2191 5075 hn~pitio
2240 5005 2565 5075 adhibebant
2594 5002 2902 5075 {sequioris
2950 5007 3048 5058 :evi
3100 5002 3391 5069 scriptores
3442 5018 3538 5069 pro

1963 5074 2202 5143 quolibet
2223 5074 2515 5127 domicilio.

2037 5143 2054 5179 ί
2098 5144 2309 5211 ιὶθειιιη
2357 5154 2413 5195 ut
2459 5159 2673 5211 semper
2724 5144 2876 5205 alias,
2905 5139 3331 5211 Adjutus.,Vide
3378 5155 3540 5211 supra

1964 5213 2056 5267 lib.
2089 5210 2191 5269 ut,
2213 5228 2331 5278 cap.
2365 5213 2417 5267 6.
2454 5210 2619 5266 Porro
2649 5214 2735 5267 hic
2760 5214 3039 5266 sacerdotis
3069 5212 3286 5264 nomine
3325 5210 3543 5278 episco-

1974 5300 2095 5351 pum
2140 5298 2244 5337 non
2291 5282 2537 5347 intelligit
2577 5283 2885 5351 Gregorius,
2933 5292 2989 5334 ut
3016 5295 3160 5349 saepe
3207 5280 3358 5334 alias.
3410 5282 3541 5338 Nam

1972 5366 2190 5407 sanctus
2215 5355 2400 5406 Avitus
2439 5364 2551 5405 erat
2582 5354 2918 5423 solummodo
2946 5352 3111 5423 abbas
3139 5351 3490 5423 Miciacepsis.

2045 5433 2070 5467 κ
2094 5424 2285 5485 Uorb.,
2317 5425 2445 5475 Bell.
2480 5437 2529 5475 et
2566 5420 2719 5477 Colit.
2765 5422 2960 5475 habent
2989 5421 3318 5476 Germanum.
3354 5420 3548 5493 Vulga-

1974 5504 2080 5547 tam
2128 5503 2302 5546 tamen
2350 5506 2663 5545 czeterorum
2695 5494 2975 5546 lectionem
3010 5494 3357 5553 retinuimus;
3404 5496 3546 5560 quod

1970 5564 2071 5616 hoc
2100 5564 2267 5631 ipsum
2294 5573 2477 5616 Sani-to
2505 5562 2727 5615 .lllartino
2748 5564 3037 5631 contigisse
3062 5565 3255 5619 referat
3280 5563 3549 5631 Sulpicius

1969 5630 2200 5688 Severus
2249 5634 2299 5686 in
2336 5634 2553 5701 Dialogo
2582 5635 2634 5696 5,
2688 5633 2772 5686 ubi
2818 5630 3033 5691 sanctus
3067 5635 3319 5689 Martinus
3352 5630 3543 5685 Felicis

1970 5704 2289 5760 ordinationi
2323 5703 2629 5760 interfuisse
2660 5714 2923 5760 narratur.
