3994 6194
412 302 568 362 ἀδδεδ
1461 291 1519 344 s.
1559 287 1885 343 cncconu
1927 282 2229 341 EPISCOPI
2267 280 2697 337 TURONENSIS

3630 272 3723 327 358

465 423 681 481 factum,
702 425 754 469 et
778 411 843 465 ad
865 412 1133 465 dexteram
1158 407 1271 470 eius
1296 404 1705 457 Bertchramnus
1727 411 2030 467 episcopus,
2064 403 2113 454 Α
2142 402 2279 445 latos
2310 408 2395 445 mc
2426 394 2768 459 impugnante
2806 391 3217 458 opprimeretur.
3270 386 3525 440 Dicebant
3552 390 3721 439 enim-

466 513 530 564 ad
580 511 764 563 laevam
806 518 934 558 vero
962 499 1333 568 Ragncmodns
1363 504 1387 530 ³
1419 495 1592 547 stabat
1622 510 1632 543 :
1666 506 1719 545 et
1761 500 1871 543 erat
1916 498 2038 539 :tnte

465 619 563 657 eos
584 612 853 655 scamnum
885 593 911 631 ι)
943 606 1075 661 pane
1121 590 1351 655 desuper
1400 586 1609 651 plenum
1655 596 1774 635 cum
1816 580 2042 632 diversis

469 691 700 747 ferculis.
735 685 963 753 Visoque
998 697 1082 734 me
1118 694 1206 733 rex
1251 677 1369 730 ait:
1407 675 1449 728 0
1486 675 1755 740 episcope,
1783 669 2039 737 justitiam

472 779 679 833 cunctis
711 774 887 842 largiri
916 771 1099 828 debes,
1140 780 1192 821 et
1212 781 1338 819 ecce
1367 780 1466 833 ego
1494 762 1749 830 justitiam
1796 775 1824 812 a
1858 771 1908 812 te
1939 773 2041 812 non

470 870 705 938 accipio;
756 866 872 929 sed,
922 874 979 916 nt
1019 863 1197 924 video,
1230 857 1497 911 consenlis
1545 853 1833 923 iniquitati,
1866 864 1920 905 et
1948 852 2045 904 im-

471 966 645 1033 pletur
690 960 741 1013 itt
774 968 827 1012 te
867 953 1207 1025 proverbium
1258 950 1411 1013 illud,
1444 945 1583 1016 qttod
1613 961 1806 998 corvus
1835 944 2044 996 oculum

471 1053 618 1107 corvi
665 1066 768 1103 non
811 1048 970 1101 eruit.
1022 1044 1101 1098 Ad
1153 1046 1267 1095 htcc
1301 1056 1398 1109 ego
1430 1056 1445 1092 :
1491 1037 1544 1091 Si
1576 1037 1694 1106 quis
1717 1036 1783 1089 de
1814 1035 1987 1096 nobis,
2014 1049 2047 1083 o

477 1162 589 1208 rex,
637 1141 858 1211 juStitite
910 1138 1172 1191 tramitem
1220 1133 1598 1188 transrendere
1642 1129 1888 1190 voluerit,
1939 1144 1965 1179 a
1999 1138 2050 1181 te

475 1237 667 1303 corrigi
698 1241 868 1299 potest
898 1247 911 1282 :
942 1229 987 1281 si
1019 1243 1144 1281 vero
1173 1237 1228 1281 tu
1272 1224 1588 1286 excesseris,
1620 1222 1742 1289 quis
1788 1231 1839 1275 te
1885 1218 2050 1272 corri-

474 1326 613 1394 piet?
654 1323 943 1391 Loquimor
981 1317 1122 1373 enim
1162 1316 1279 1378 tibi,
1320 1315 1412 1369 sed
1451 1314 1492 1367 si
1529 1312 1764 1365 volueris
1794 1312 1975 1375 audis;
2005 1310 2049 1362 si

476 1424 650 1469 autem
693 1410 952 1474 nolueris,
982 1409 1101 1477 quis
1147 1416 1197 1460 te
1232 1402 1640 1467 condemnabit,
1672 1403 1771 1456 nisi
1804 1401 1847 1455 is
1875 1401 1963 1470 qui
1994 1415 2052 1455 se

480 1502 838 1574 pronuntiavit
863 1514 983 1555 esse
1009 1496 1312 1553 Justitiam?
1352 1495 1434 1550 Ad
1468 1496 1580 1549 haec
1617 1495 1728 1556 ille,
1762 1503 1818 1549 ut
1842 1500 1958 1548 erat
1985 1493 2052 1546 ab

480 1593 841 1650 adulatoribus
882 1601 1063 1645 contra
1106 1604 1190 1643 me
1236 1602 1521 1653 accensus,
1553 1586 1626 1639 ait
1661 1603 1671 1637 :
1707 1585 1838 1637 Com
1878 1583 2053 1637 omni-

481 1686 577 1738 bus
619 1683 760 1738 cnim
808 1680 980 1734 inveni
1027 1677 1310 1748 justitiam,
1348 1685 1403 1732 et
1447 1688 1618 1731 tecum
1661 1677 1900 1731 invenire
1946 1691 2050 1729 non

2144 486 2257 539 Jam
2299 485 2534 539 omnium
2567 487 2939 552 episcoltomm
2978 481 3383 549 promissionem
3434 478 3724 531 habemus:

2146 586 2347 629 tantum
2397 584 2449 627 tn
2496 574 2754 627 adversus
2803 589 2907 625 non
2957 570 3193 623 incedas.
3244 569 3451 636 Quibus
3495 583 3599 639 ego
3650 584 3727 620 rc-

2136 667 2336 738 spondi
2363 685 2377 719 :
2410 668 2464 719 Si
2496 667 2623 719 mihi
2656 667 2798 719 mille
2827 666 2987 718 libras
3012 664 3123 717 auri
3156 664 3471 733 argentique
3494 661 3727 727 donetis,

2148 759 2384 829 nunquid
2427 759 2571 813 aliud
2624 758 2800 812 facere
2844 772 3093 826 possum,
3144 758 3246 808 nisi
3289 755 3431 825 quod
3472 755 3730 808 Dominus

2147 867 2305 919 agere
2354 850 2623 919 prmcipit?
2674 848 2845 903 Unum
2897 857 3099 901 tantum
3156 847 3433 913 polliceor,
3484 845 3627 913 quod
3671 861 3729 896 ea

2148 961 2265 1013 qua:
2284 944 2461 998 Caeteri
2490 942 2780 996 secundum
2803 942 3075 994 (Ianonum
3106 950 3299 993 statuta
3330 939 3732 1001 consenserint,

2150 1052 2362 1105 sequar.
2394 1036 2460 1089 At
2487 1036 2560 1088 illi
2592 1051 2695 1088 non
2727 1035 2888 1105 226
2915 1033 3274 1101 intelligemus
3315 1047 3434 1099 qum
3464 1030 3731 1091 dicebam,

2151 1126 2347 1194 gratias
2392 1135 2611 1194 agentes
2640 1124 3023 1177 discesserunt.
3055 1123 3205 1175 Mane
3232 1132 3406 1175 autem
3440 1121 3604 1182 facto,
3635 1121 3733 1171 ali-

2153 1221 2241 1289 qui
2271 1221 2337 1272 de
2364 1218 2631 1287 episcopis
2666 1218 2730 1270 ad
2774 1232 2859 1271 me
2886 1226 3174 1281 venerunt,
3219 1214 3390 1269 simile
3420 1213 3735 1267 mandatum

2155 1311 2383 1363 ferentes
2412 1324 2425 1359 :
2459 1308 2651 1377 quibus
2685 1322 2781 1377 ego
2809 1307 3001 1360 similia
3032 1306 3305 1374 re5p0ndi.

2222 1400 2678 1455 Convenientibus
2713 1409 2888 1453 autem
2920 1398 3071 1452 nobis
3100 1399 3149 1451 in
3183 1398 3399 1451 basilica
3424 1397 3597 1451 sancti
3633 1396 3733 1449 Pe-

2156 1493 2241 1557 tri,
2276 1505 2430 1544 mane
2474 1506 2567 1544 rex
2615 1488 2803 1555 adfuit,
2852 1490 3131 1558 dixitque:
3165 1489 3457 1556 EpiSCOpus
3496 1488 3639 1541 enim
3682 1488 3733 1539 in

2156 1582 2313 1635 furtis
2335 1580 2722 1649 deprehensus,
2761 1580 2829 1634 ab
2862 1577 3150 1648 episcopali
3186 1579 3363 1632 officio
3391 1586 3448 1630 ut
3476 1576 3736 1629 avel'atnr

2154 1673 2431 1725 Canonum
2474 1671 2765 1724 auctoritas
2805 1671 2999 1723 sanxit.
3049 1668 3209 1723 Nobis
3256 1683 3467 1737 quoque
3516 1681 3737 1734 respon-

480 1790 716 1845 possum.
747 1773 852 1828 Sed
879 1772 991 1827 scio
1025 1770 1148 1840 quid
1179 1768 1391 1832 faciam,
1422 1778 1479 1823 ut
1515 1770 1717 1823 notet-is
1744 1770 1794 1822 in
1824 1767 2051 1837 populis,
2085 1761 2132 1822 Β
2158 1763 2406 1817 dentibus
2440 1780 2452 1815 :
2481 1762 2611 1828 Quis
2653 1762 2742 1813 ille
2776 1760 3023 1814 sacerdos
3061 1767 3223 1825 esset,
3257 1759 3340 1811 cui
3362 1757 3494 1812 furti
3530 1756 3739 1811 crimen

480 1877 533 1922 et
560 1867 809 1937 injustum
839 1874 890 1919 te
918 1878 1038 1918 esse
1064 1862 1309 1916 omnibus
1341 1869 1689 1929 perpatescat.
1736 1859 2053 1914 Convocabo

481 1959 621 2011 enim
654 1956 901 2027 populutn
933 1952 1277 2015 Turonicum,
1326 1962 1381 2006 et
1427 1953 1595 2006 dicam
1626 1952 1706 2005 eis
1736 1967 1753 2006 :
1788 1950 2054 2006 Vocifera-

481 2051 605 2107 mini
634 2060 815 2106 contra
844 2048 1177 2118 Gregorium,
1224 2047 1362 2114 quod
1410 2047 1479 2100 sit
1529 2044 1778 2114 injustus,
1823 2054 1879 2099 et
1925 2044 2053 2097 nulli

483 2144 756 2197 hominum
800 2139 1060 2209 justitiam
1109 2143 1346 2204 prmstet.
1403 2135 1507 2188 Illis
1549 2150 1760 2204 quoque
1790 2133 1903 2187 hanc
1941 2134 2053 2187 cla—

484 2232 750 2287 mantibus
775 2224 1135 2295 respondebo,
1162 2224 1322 2294 225
1346 2222 1454 2291 Ego
1483 2224 1570 2289 qtti
1606 2237 1697 2276 rex
1727 2238 1865 2287 sum,
1896 2220 2055 2290 justi-

483 2327 610 2378 tiam
636 2336 754 2375 cum
799 2318 987 2372 eodem
1032 2314 1273 2367 invenire
1317 2328 1417 2365 non
1464 2327 1701 2382 possum,
1733 2325 1786 2367 et
1828 2329 1923 2368 vos
1968 2315 2057 2382 qui

484 2416 717 2469 minores
761 2409 891 2465 estis
940 2403 1253 2461 invenietis?
1294 2404 1372 2458 Ad
1420 2404 1533 2457 haec
1576 2419 1722 2471 ego:
1764 2404 1913 2470 Quod
1956 2407 2056 2458 sim

486 2505 733 2577 injustns,
755 2510 811 2554 tu
840 2497 1037 2553 nescis.
1060 2494 1172 2549 Scit
1188 2493 1326 2548 enim
1350 2494 1437 2547 ille
1461 2494 1840 2549 conscientiam
1863 2509 2058 2564 meam,

488 2595 572 2649 cui
594 2591 800 2647 occulta
821 2587 995 2643 cordis
1016 2595 1136 2638 sunt
1162 2582 1456 2637 manifesta.
1475 2582 1627 2649 Quod
1651 2597 1778 2638 vero
1798 2584 1928 2638 falso
1948 2584 2060 2639 cla-

488 2699 638 2739 more
665 2682 888 2751 populus
910 2687 962 2731 te
996 2677 1283 2731 insultante
1298 2673 1641 2738 vociferatur,
1664 2674 1792 2729 nihil
1813 2685 1914 2743 est,
1939 2676 2060 2746 quia

488 2776 663 2831 sciunt
688 2784 873 2828 omnes
898 2784 928 2824 a
955 2779 1009 2823 te
1038 2768 1153 2822 lucc
1178 2767 1392 2821 emissa.
1426 2766 1652 2837 Ideoque
1678 2783 1780 2821 non
1821 2782 1938 2837 ego,
1968 2768 2062 2822 sed

487 2875 662 2944 potius
690 2882 747 2928 tu
774 2874 827 2928 in
858 2871 1241 2926 acclamatione
1270 2864 1559 2920 notaberis.
1594 2863 1699 2918 Sed
1727 2862 1850 2931 quid
1876 2858 2062 2928 plura?

486 2966 660 3021 Habes
700 2965 870 3034 legem
898 2972 954 3017 et
978 2961 1245 3017 Canones.
1278 2958 1402 3011 [hcc
1450 2964 1503 3011 te
1548 2956 1833 3024 diligenter
1880 2951 2060 3005 rimari

486 3064 697 3127 oportet
728 3072 743 3110 :
777 3065 829 3107 et
866 3065 991 3107 tunc
1017 3068 1133 3123 quae
1161 3050 1530 3120 prteceperint,
1576 3048 1620 3101 si
1664 3061 1767 3100 non
1808 3047 2061 3100 observa-

2156 1855 2522 1925 irrogaietur?
2566 1853 2845 1922 respondit
2889 1868 3029 1906 rex:
3064 1852 3278 1905 Vidistis
3322 1851 3463 1905 enim
3504 1849 3736 1919 species,

2155 1963 2287 2017 quas
2311 1947 2463 2000 nobis
2492 1945 2632 1999 furto
2659 1945 2894 1999 abstulit.
2923 1944 3245 1998 Ostenderat
3267 1941 3405 1997 enim
3434 1940 3589 1995 nobis
3612 1953 3739 1993 ante

2156 2043 2297 2098 diem
2333 2041 2541 2097 tertiam
2570 2055 2662 2093 rex
2686 2039 2792 2091 duo
2823 2036 3027 2091 voluela
3053 2034 3097 2100 ί,
3119 2033 3399 2104 speciebus
3426 2041 3483 2087 et
3510 2033 3738 2086 diversis

2157 2132 2490 2187 ornamentis
2537 2128 2732 2184 referta
2784 2146 2796 2181 :
2863 2143 2981 2197 qua:
3034 2125 3467 2195 appretiabantur
3511 2122 3739 2191 amplius

2157 2241 2315 2296 quam
2347 2224 2445 2280 tria
2495 2224 2655 2278 millia
2702 2221 3013 2276 solidorum.
3068 2219 3177 2274 Sed
3222 2227 3277 2273 ct
3314 2221 3584 2272 sacculum
3614 2232 3737 2269 eum

2172 2317 2509 2373 numismatis
2558 2325 2585 2363 8
2634 2316 2746 2368 auri
2800 2313 3031 2382 pondere
3081 2322 3347 2366 tenentem
3394 2310 3544 2379 quasi
3579 2309 3739 2362 millia

2160 2408 2288 2462 duo.
2332 2408 2456 2462 Haec
2494 2408 2636 2460 enim
2668 2405 2879 2459 dicebat
2914 2420 3029 2470 rex,
3057 2405 3155 2457 sibi
3188 2403 3256 2456 ab
3284 2403 3535 2471 episcopo
3576 2401 3742 2454 fuisse

2160 2500 2357 2555 furata.
2396 2498 2499 2566 Qui
2534 2496 2816 2566 respondit
2848 2514 2861 2548 2
2895 2496 3152 2551 Recolere
3196 2510 3288 2548 vos
3330 2493 3521 2557 credo,
3568 2492 3741 2546 disre-

2161 2593 2319 2648 dente
2348 2608 2379 2647 a
2411 2589 2825 2660 ltotbomagensi
2854 2591 2983 2644 urbe
3014 2589 3347 2644 Brunichilde
3368 2588 3569 2658 regina,
3597 2588 3742 2656 quod

2156 2685 2403 2739 venerim
2434 2686 2499 2736 ad
2528 2698 2643 2747 vos,
2671 2682 2887 2751 dixique
2927 2679 3099 2747 vobis,
3141 2681 3266 2751 quia
3297 2694 3381 2734 res
3409 2680 3545 2747 ejus,
3579 2678 3631 2731 id
3662 2685 3743 2729 est

2165 2774 2402 2844 quinque
2448 2771 2687 2825 sarcinas
2711 2812 2726 2837 ,
2768 2773 3165 2826 commcmlatas
3213 2770 3460 2823 haberem
3493 2783 3507 2819 :
3545 2776 3599 2820 et
3636 2765 3743 2852 fre-

2166 2866 2421 2935 quentius
2458 2865 2711 2918 advenire
2747 2878 2941 2931 pueros
2978 2863 3094 2931 ejus
3122 2860 3187 2915 ad
3219 2876 3321 2925 me,
3356 2871 3411 2913 ut
3450 2874 3515 2912 ea
3552 2857 3743 2911 redde-

2167 2973 2302 3022 rem,
2336 2970 2389 3012 et
2425 2956 2568 3010 nolui
2611 2957 2726 3010 sine
2752 2955 2977 3009 consilio
3008 2964 3211 3009 vestro.
3243 2954 3319 3006 Tu
3355 2962 3531 3007 autem
3557 2951 3745 3006 dixiin

2167 3050 2317 3115 mihi,
2346 3066 2378 3103 ο
2404 3065 2497 3104 rex
2528 3067 2540 3101 :
2574 3047 2722 3118 Ejice
2751 3048 2862 3101 hate
2911 3061 2941 3100 a
2990 3057 3064 3112 te,
3094 3055 3149 3100 et
3177 3054 3505 3100 tevertantur
3529 3046 3594 3099 ad
3628 3062 3744 3099 mu-

491 3148 633 3203 Vel'is
661 3159 707 3212 '.
739 3138 950 3201 ηονετὶε
980 3144 1069 3198 tibi
1101 3143 1194 3197 Dei
1218 3140 1477 3211 ἱιιάῖεῖιιῐη
1529 3136 1824 3192 ίῐηῐῐιίηθτθ·
1874 3138 1941 3190 Al
1972 3135 2060 3189 ille
2089 3133 2138 3198 C
2167 3141 2351 3196 lierem
2382 3155 2468 3196 res
2498 3156 2630 3206 suae,
2659 3156 2727 3195 ne
2766 3138 3041 3193 inimicitia
3085 3139 3223 3193 inter
3250 3154 3336 3193 me
3360 3149 3413 3192 et
3433 3138 3746 3195 Childeber-

488 3240 639 3311 quasi
682 3253 767 3292 me
811 3237 1138 3300 demulcens,
1183 3232 1323 3301 quod
1371 3230 1558 3285 dolose
1603 3228 1802 3283 faciens
1844 3227 2060 3296 putabat

488 3348 573 3385 me
611 3344 716 3383 non
764 3326 1092 3395 intelligere,
1139 3337 1432 3377 conversus
1477 3319 1543 3374 ad
1585 3319 1867 3389 juscellum
1915 3317 2059 3387 quod

488 3435 667 3475 coram
716 3427 830 3472 erat
879 3416 1127 3480 positum,
1173 3413 1288 3466 ait:
1325 3412 1547 3479 Propter
1597 3419 1650 3464 te
1680 3410 1793 3464 lucc
1838 3408 2058 3478 juscella

495 3511 694 3583 paravi,
731 3511 782 3563 in
810 3508 1000 3577 quibus
1033 3506 1159 3559 nihil
1202 3504 1342 3558 aliud
1382 3513 1573 3571 praeter
1602 3502 1857 3566 volatilia,
1886 3511 1938 3555 et
1965 3516 2058 3569 pa-

491 3620 705 3674 rumper
734 3603 922 3657 ciceris
961 3601 1284 3656 continetur.
1325 3598 1402 3651 Ad
1436 3596 1551 3649 luce
1587 3610 1706 3664 ego,
1731 3608 2060 3663 cognoscens

490 3698 819 3753 adulationes
845 3692 981 3761 ejus,
1021 3690 1129 3745 dixi
1162 3708 1173 3744 :
1223 3688 1413 3744 Noster
1442 3688 1593 3743 cibus
1621 3701 1742 3740 esse
1782 3684 1939 3738 debet
1978 3684 2060 3737 fa-

491 3805 615 3847 cere
661 3789 987 3843 voluntatem
1016 3783 1133 3849 Dei,
1167 3792 1220 3836 ct
1266 3799 1367 3835 non
1401 3782 1483 3834 his
1531 3779 1735 3833 deliciis
1782 3777 2060 3842 delectari,

491 3893 635 3938 utea
661 3896 779 3951 quas
805 3877 1076 3949 praecepit,
1120 3875 1265 3928 nullo
1310 3888 1434 3928 casu
1465 3871 1950 3941 prretermittamus.
1982 3870 2061 3922 'l’u

494 3991 623 4033 vero
644 3975 732 4044 qui
761 3974 895 4031 alios
918 3970 983 4025 de
1008 3969 1211 4039 justitia
1238 3967 1442 4035 culpas,
1476 3965 1722 4034 pollicere
1751 3964 1895 4031 prius
1923 3962 2062 4032 quod

495 4070 669 4140 legem
710 4073 765 4120 et
791 4064 1032 4117 Canones
1074 4074 1178 4113 non
1228 4059 1443 4111 omittas
1486 4074 1500 4110 :
1534 4066 1586 4110 et
1633 4066 1756 4111 tunc
1799 4056 2067 4109 credimus

498 4158 640 4231 quod
665 4156 928 4226 justitiam
958 4148 1313 4221 prosequaris.
1345 4148 1435 4201 Ille
1461 4161 1590 4199 vero
1619 4155 1857 4214 porrecta
1884 4144 2066 4198 dexte-

495 4264 578 4317 ra,
616 4245 811 4317 juravit
860 4256 955 4312 per
999 4239 1419 4306 omnipotentem
1445 4235 1633 4299 Deum,
1666 4236 1802 4302 quod
1847 4249 1906 4288 ca
1947 4249 2064 4303 qua:

497 4342 587 4397 lex
616 4350 668 4394 et
693 4336 935 4393 Canones
981 4333 1294 4394 edocebant,
1328 4329 1471 4383 nullo
1502 4328 1929 4396 przetermitteret
1975 4341 2063 4394 pa-

499 4444 607 4489 cto.
660 4430 903 4482 Posthtec
950 4433 1172 4494 accepto
1200 4437 1358 4492 pane,
1390 4422 1576 4474 hausto
1602 4421 1761 4473 etiam
1794 4419 1917 4471 vino
1956 4420 2064 4471 dis-

2170 3241 2278 3285 tum
2318 3240 2566 3299 nepotem
2609 3246 2783 3284 meum
2823 3245 2917 3297 pro
2945 3230 3027 3283 his
3052 3230 3211 3283 rebus
3237 3230 3428 3284 debeat
3460 3230 3743 3297 pullulare.

2156 3320 2431 3376 Reversus
2457 3334 2584 3389 ergo
2610 3335 2709 3390 ego
2732 3320 2797 3373 ad
2827 3319 3039 3386 urbem,
3070 3335 3232 3375 unum
3261 3319 3522 3374 voluclum
3542 3322 3747 3375 tradidi

2168 3411 2345 3481 pueris
2386 3428 2399 3464 :
2445 3426 2547 3465 non
2592 3411 2733 3464 enim
2775 3410 3021 3465 valebant
3047 3412 3273 3481 amplius
3311 3410 3465 3465 ferre.
3524 3411 3748 3467 ReverSt

2167 3503 2361 3557 iterum
2390 3502 2733 3572 requirebant
2761 3501 2863 3557 alia
2894 3520 2906 3555 :
2950 3504 3143 3556 iterum
3171 3504 3410 3557 consului
3440 3501 3467 3539 ¹³
3499 3506 3749 3575 magniti-
3774 3536 3791 3551 .

2166 3594 2395 3647 centiam
2452 3602 2710 3648 vestram.
2767 3593 2847 3648 Tu
2907 3604 3086 3647 autem
3144 3594 3458 3662 praecepisti,
3517 3596 3745 3649 dicens:

2168 3682 2339 3751 Ejice,
2372 3680 2505 3750 ejice
2532 3683 2644 3736 haec
2685 3698 2713 3734 a
2748 3692 2820 3746 te,
2850 3698 2883 3737 ο
2912 3686 3181 3749 sacerdos,
3214 3697 3281 3738 ne
3322 3683 3477 3738 faciat
3520 3689 3749 3739 scanda-

2168 3774 2276 3828 lum
2306 3774 2418 3829 hmc
2447 3788 2631 3829 causa.
2669 3774 2865 3830 lterum
2906 3775 3096 3830 tradidi
3132 3778 3209 3830 eis
3247 3776 3350 3829 duo
3388 3790 3453 3830 ex
3486 3776 3567 3830 his
3596 3793 3609 3828 :
3641 3779 3748 3831 duo

2168 3874 2344 3921 autem
2396 3865 2500 3918 alia
2543 3875 2915 3921 remanserunt
2961 3880 3188 3921 mecum.
3234 3866 3311 3920 Tu
3353 3876 3569 3931 autem,
3619 3870 3747 3937 quid

2168 3976 2310 4015 nunc
2334 3960 2697 4023 calunmiaris,
2728 3969 2783 4015 et
2811 3976 2896 4014 me
2927 3960 3050 4015 furti
3073 3962 3273 4031 arguis,
3297 3977 3416 4015 cum
3446 3961 3560 4015 haec
3585 3978 3748 4017 causa

2169 4068 2275 4106 non
2301 4052 2367 4105 ad
2404 4050 2639 4118 furtum,
2678 4051 2773 4106 sed
2814 4052 2879 4105 ad
2911 4052 3201 4106 custodiam
3244 4052 3439 4107 debeat
3466 4053 3748 4120 deputari?

2168 4146 2248 4199 Ad
2279 4145 2394 4200 haec
2421 4160 2553 4199 rex:
2590 4145 2646 4200 Si
2681 4145 2781 4199 hoc
2824 4145 3125 4213 depositum
3167 4160 3331 4214 penes
3374 4155 3424 4198 te
3452 4145 3748 4201 habebatur

2168 4238 2232 4292 ad
2261 4237 2688 4301 custodiendum,
2729 4252 2825 4291 cur
2863 4239 3061 4292 solvisti
3095 4254 3252 4291 unum
3292 4254 3358 4293 ex
3398 4239 3501 4303 his,
3531 4248 3587 4294 et
3626 4240 3748 4293 lim-

2170 4328 2293 4382 bum
2322 4328 2498 4381 aureis
2539 4335 2848 4381 contextum
2892 4328 2994 4382 filis
3042 4328 3094 4381 iu
3128 4336 3304 4395 partes
3349 4328 3659 4393 dissecasti,
3692 4342 3747 4383 et

2168 4417 2360 4473 dedisti
2391 4431 2481 4486 per
2510 4416 2671 4481 viros,
2705 4418 2795 4486 qui
2840 4432 2924 4471 me
2971 4432 3001 4471 a
3047 4433 3209 4487 regno
3244 4419 3565 4487 dejicerem?
3596 4418 3745 4473 Prm-

496 4522 630 4577 cessi
679 4516 729 4573 ἀ,
773 4517 850 4571 Ea
896 4532 1022 4570 vero
1083 4525 1236 4568 nocte
1257 4557 1272 4582 ,
1319 4512 1609 4566 decantatis
1666 4510 2067 4565 nocturnalibus
2093 4520 2143 4579 ι)
2173 4520 2404 4567 textatus
2431 4512 2711 4579 episcopus
2738 4512 3013 4578 respondit
3035 4528 3047 4564 :
3072 4512 3188 4567 .Iam
3215 4512 3322 4566 dixi
3352 4511 3444 4567 tibi
3471 4514 3746 4580 superius,

499 4610 748 4683 hymnis,
799 4607 990 4661 ostium
1041 4605 1334 4659 mansionis
1382 4611 1579 4656 nostra:
1621 4602 1868 4670 gravibus
1909 4600 2065 4654 andio

497 4704 614 4774 cogi
659 4697 1011 4755 verberibus:
1060 4695 1327 4762 missoque
1380 4708 1560 4762 puero,
1612 4692 1824 4746 nuntios
1872 4691 2067 4745 Frede-

498 4791 688 4864 gundis
718 4788 913 4859 regina:
952 4794 1125 4837 astare
1152 4796 1437 4850 cognosco.
1482 4782 1683 4849 Quibus
1730 4781 2063 4852 introductis,

499 4883 869 4939 salutationem
898 4875 1093 4945 reginae
1116 4873 1367 4943 suscipio.
1408 4874 1606 4929 Deinde
1631 4882 1914 4943 precantur
1943 4890 2069 4942 pue-

500 4975 565 5040 ri,
601 4985 654 5027 ut
685 4973 736 5028 in
763 4971 879 5039 ejus
912 4968 1085 5021 causis
1126 4964 1425 5019 contrarius
1457 4978 1560 5018 non
1591 4964 1840 5030 existam,
1887 4966 2071 5019 simul-

496 5082 604 5136 que
628 5066 884 5121 ducentas
912 5058 1120 5131 argenti
1144 5058 1457 5127 promittunt
1498 5057 1657 5111 libras
1685 5065 1733 5122 °,
1759 5058 1805 5111 si
1836 5056 2073 5112 Prmtex-

579 5207 610 5238 ι
654 5198 992 5252 Bertratnnus
1038 5202 1156 5248 erat
1195 5192 1477 5259 episcOpus
1510 5190 1936 5260 Burdegalensis,
1970 5192 2071 5246 Ra-

506 5267 802 5333 gnemodns
850 5284 977 5321 vero
1021 5263 1376 5326 Parisiensis;
1428 5272 1647 5332 uterque
1694 5277 1724 5314 a
1776 5261 2066 5316 Fortunato

504 5338 713 5405 ,passim
745 5336 1006 5395 laudatus,
1034 5335 1101 5405 de
1125 5334 1323 5405 quibus
1340 5334 1535 5405 stepius
1552 5334 1718 5405 infra.

575 5403 604 5443 δ
636 5405 689 5457 ld
720 5416 794 5458 est
827 5419 1008 5458 mensa
1032 5401 1262 5463 httmilis,
1287 5402 1485 5457 Gallice
1515 5401 1706 5455 dicitur
1734 5418 1803 5454 un
1828 5404 1975 5467 bant“,
2006 5418 2069 5456 ex

489 5491 613 5539 vqno
652 5474 912 5527 derivavit
953 5489 1052 5526 vox
1092 5472 1329 5543 banquet,
1361 5473 1427 5525 ad
1458 5472 1838 5542 designandum
1885 5474 2069 5527 convi-

484 5557 670 5599 νιιιιιι.

583 5627 603 5653 c
648 5613 854 5680 [ζεςηιη
895 5610 1155 5663 observare
1191 5610 1428 5665 volueris.

568 5684 603 5721 ⁴
643 5684 850 5754 llegtn.,
889 5681 1135 5734 discessit.

2173 4605 2295 4674 quia
2326 4619 2546 4657 munera
2588 4619 2774 4658 eorum
2806 4604 2964 4674 227
2994 4618 3332 4671 acceperam,
3367 4605 3593 4673 ideoque
3622 4620 3746 4659 cum

2176 4712 2279 4750 non
2324 4696 2578 4750 haberem
2620 4695 2689 4750 de
2729 4698 2981 4765 praesenti
3025 4696 3162 4763 quod
3206 4697 3415 4757 darem,
3458 4696 3580 4750 hinc
3612 4714 3751 4765 pra:-

2173 4788 2409 4857 sumpsi,
2440 4798 2495 4842 et
2519 4788 2597 4842 eis
2622 4772 3036 4843 vicissitudinem
3069 4803 3346 4841 munerum
3382 4789 3560 4842 tribui.
3609 4789 3743 4844 Pro-

2178 4879 2348 4948 prium
2377 4879 2506 4933 mihi
2532 4894 2653 4934 esse
2676 4880 2977 4946 videbatur,
2995 4880 3135 4947 quod
3161 4880 3268 4934 tilio
3292 4895 3410 4933 meo
3432 4879 3749 4935 Merovechc

2164 4978 2314 5034 erat,
2347 4985 2506 5039 quem
2526 4970 2605 5026 de
2635 4970 2845 5025 lavacro
2869 4972 3284 5041 regenerationis
3311 4971 3516 5037 excepi.
3548 4972 3749 5027 Videtis

2176 5067 2352 5113 autem
2385 5073 2477 5115 rex
2506 5058 2864 5129 Chilpericus,
2899 5061 3040 5131 quod
3079 5075 3200 5114 eum
3231 5060 3313 5113 his
3341 5060 3626 5116 calumniis
3655 5078 3750 5116 su-

2252 5206 2277 5233 ε
2310 5194 2447 5251 Cod.
2476 5194 2685 5265 Regnn,
2717 5201 2971 5250 marchas.

2252 5266 2270 5303 τ
2313 5267 2403 5322 Sic
2429 5264 2615 5337 (ἴοι-ιι..
2647 5268 2779 5320 Bell.
2805 5278 2860 5320 et
2890 5268 3065 5331 «λιιι»,
3096 5282 3253 5335 quam
3284 5282 3468 5321 vocem
3498 5267 3632 5322 alias
3653 5284 3753 5337 pro

2170 5336 2444 5390 involucris
2484 5336 2535 5390 in
2569 5338 2649 5391 his
2679 5352 2808 5391 mss.
2842 5341 3063 5403 positam
3095 5337 3203 5403 jam
3242 5336 3749 5393 anitnadvertinms.

2169 5408 2261 5461 Sic
2288 5414 2345 5460 et
2376 5422 2470 5473 pro
2510 5407 2788 5477 speciebus,
2842 5407 3041 5477 habent
3086 5409 3299 5471 species,
3351 5418 3556 5462 mutato
3600 5425 3750 5464 casu.

2245 5486 2269 5523 ε
2295 5478 2473 5538 Colb.,
2498 5479 2815 5530 numismate.
2850 5476 2954 5531 Sed
2979 5478 3269 5543 Gregorius
3299 5480 3444 5543 ponit
3471 5479 3579 5545 hic,
3612 5482 3751 5533 sicut

2176 5556 2224 5602 et
2250 5546 2357 5615 jam
2395 5550 2553 5611 alias,
2588 5550 2925 5608 numismatix,
2959 5562 3055 5614 pro
3084 5547 3492 5599 numismatibuc.

2246 5620 2270 5653 ιι
2300 5617 2401 5670 Alii
2437 5632 2565 5672 mss.
2599 5631 2649 5671 et
2681 5619 2831 5683 editi,
2864 5615 3163 5670 consilium:
3191 5632 3322 5671 sum.
