  <div class='ocr_page' id='page_1' title='image "/cluster/home/n/w/nwhite01/storage/ocr_20150623/71/uva.x000827083/176.png"; bbox 0 0 3994 6194; ppageno 0'>
   <div class='ocr_carea' id='block_1_1' title="bbox 235 250 329 304">
    <p class='ocr_par' dir='ltr' id='par_1_1' title="bbox 235 250 329 304">
     <span class='ocr_line' id='line_1_1' title="bbox 235 250 329 304; baseline -0.011 -1"><span class='ocrx_word' id='word_1_1' title='bbox 235 250 329 304; x_wconf 72' lang='lat'><strong>337</strong></span> 
     </span>
    </p>
   </div>
   <div class='ocr_carea' id='block_1_2' title="bbox 1144 242 2550 312">
    <p class='ocr_par' dir='ltr' id='par_1_2' title="bbox 1144 242 2550 312">
     <span class='ocr_line' id='line_1_2' title="bbox 1144 242 2550 312; baseline 0.002 -16"><span class='ocrx_word' id='word_1_2' title='bbox 1144 242 1464 299; x_wconf 73' lang='lat' dir='ltr'><strong>HISTORIA</strong></span> <span class='ocrx_word' id='word_1_3' title='bbox 1509 242 1954 302; x_wconf 76' lang='lat' dir='ltr'><strong>FRANCOBUM.</strong></span> <span class='ocrx_word' id='word_1_4' title='bbox 1998 243 2197 298; x_wconf 75' lang='lat' dir='ltr'><strong>LIBER</strong></span> <span class='ocrx_word' id='word_1_5' title='bbox 2236 242 2550 312; x_wconf 73' lang='lat' dir='ltr'><strong>QUINTUS.</strong></span> 
     </span>
    </p>
   </div>
   <div class='ocr_carea' id='block_1_3' title="bbox 3393 247 3493 302">
    <p class='ocr_par' dir='ltr' id='par_1_3' title="bbox 3393 247 3493 302">
     <span class='ocr_line' id='line_1_3' title="bbox 3393 247 3493 302; baseline 0 -1"><span class='ocrx_word' id='word_1_6' title='bbox 3393 247 3493 302; x_wconf 74' lang='lat'><strong>538</strong></span> 
     </span>
    </p>
   </div>
   <div class='ocr_carea' id='block_1_4' title="bbox 242 354 3491 431">
    <p class='ocr_par' dir='ltr' id='par_1_4' title="bbox 242 354 3491 431">
     <span class='ocr_line' id='line_1_4' title="bbox 242 354 3491 431; baseline 0 -18"><span class='ocrx_word' id='word_1_7' title='bbox 242 374 421 431; x_wconf 73' lang='lat' dir='ltr'><strong>parare</strong></span> <span class='ocrx_word' id='word_1_8' title='bbox 444 359 708 427; x_wconf 81' lang='lat' dir='ltr'><strong>nequiret,</strong></span> <span class='ocrx_word' id='word_1_9' title='bbox 742 357 1001 410; x_wconf 77' lang='lat' dir='ltr'><strong>attonitus</strong></span> <span class='ocrx_word' id='word_1_10' title='bbox 1024 355 1199 420; x_wconf 80' lang='lat' dir='ltr'><strong>valde,</strong></span> <span class='ocrx_word' id='word_1_11' title='bbox 1231 371 1259 408; x_wconf 91' lang='lat' dir='ltr'><strong>a</strong></span> <span class='ocrx_word' id='word_1_12' title='bbox 1291 354 1396 427; x_wconf 79' lang='grc' dir='ltr'><strong>[Αἰ.</strong></span> <span class='ocrx_word' id='word_1_13' title='bbox 1420 355 1502 427; x_wconf 75' lang='lat' dir='ltr'><strong>ac]</strong></span> <span class='ocrx_word' id='word_1_14' title='bbox 1533 357 1812 411; x_wconf 88' lang='lat' dir='ltr'><strong>conscien-</strong></span> <span class='ocrx_word' id='word_1_15' title='bbox 1838 354 2168 425; x_wconf 80' lang='lat' dir='ltr'><strong>Ajudicium</strong></span> <span class='ocrx_word' id='word_1_16' title='bbox 2218 368 2401 410; x_wconf 87' lang='lat' dir='ltr'><strong>contra</strong></span> <span class='ocrx_word' id='word_1_17' title='bbox 2449 372 2570 409; x_wconf 91' lang='lat' dir='ltr'><strong>eum</strong></span> <span class='ocrx_word' id='word_1_18' title='bbox 2620 354 2966 421; x_wconf 83' lang='lat' dir='ltr'><strong>scriberetur,</strong></span> <span class='ocrx_word' id='word_1_19' title='bbox 3001 372 3067 410; x_wconf 91' lang='lat' dir='ltr'><strong>ne</strong></span> <span class='ocrx_word' id='word_1_20' title='bbox 3098 356 3149 410; x_wconf 93' lang='lat' dir='ltr'><strong>iu</strong></span> <span class='ocrx_word' id='word_1_21' title='bbox 3178 366 3491 427; x_wconf 81' lang='lat' dir='ltr'><strong>perpetuum</strong></span> 
     </span>
    </p>
   </div>
   <div class='ocr_carea' id='block_1_5' title="bbox 248 447 1819 516">
    <p class='ocr_par' dir='ltr' id='par_1_5' title="bbox 248 447 1819 516">
     <span class='ocr_line' id='line_1_5' title="bbox 248 447 1819 516; baseline -0.002 -11"><span class='ocrx_word' id='word_1_22' title='bbox 248 454 311 505; x_wconf 88' lang='lat' dir='ltr'><strong>tia</strong></span> <span class='ocrx_word' id='word_1_23' title='bbox 336 448 616 512; x_wconf 84' lang='lat' dir='ltr'><strong>confusus,</strong></span> <span class='ocrx_word' id='word_1_24' title='bbox 648 448 898 501; x_wconf 79' lang='lat' dir='ltr'><strong>disceSsit</strong></span> <span class='ocrx_word' id='word_1_25' title='bbox 938 462 965 498; x_wconf 90' lang='lat' dir='ltr'><strong>a</strong></span> <span class='ocrx_word' id='word_1_26' title='bbox 1004 447 1185 510; x_wconf 88' lang='lat' dir='ltr'><strong>nobis;</strong></span> <span class='ocrx_word' id='word_1_27' title='bbox 1219 447 1533 513; x_wconf 80' lang='lat' dir='ltr'><strong>vocavitque</strong></span> <span class='ocrx_word' id='word_1_28' title='bbox 1560 448 1819 516; x_wconf 84' lang='lat' dir='ltr'><strong>quosdam</strong></span> 
     </span>
    </p>
   </div>
   <div class='ocr_carea' id='block_1_6' title="bbox 249 536 1819 611">
    <p class='ocr_par' dir='ltr' id='par_1_6' title="bbox 249 536 1819 611">
     <span class='ocr_line' id='line_1_6' title="bbox 249 536 1819 611; baseline -0.005 -14"><span class='ocrx_word' id='word_1_29' title='bbox 249 545 307 597; x_wconf 88' lang='lat' dir='ltr'><strong>de</strong></span> <span class='ocrx_word' id='word_1_30' title='bbox 329 538 693 611; x_wconf 71' lang='lat' dir='ltr'><strong>adulatoribus</strong></span> <span class='ocrx_word' id='word_1_31' title='bbox 719 538 856 603; x_wconf 88' lang='lat' dir='ltr'><strong>suis,</strong></span> <span class='ocrx_word' id='word_1_32' title='bbox 883 546 938 590; x_wconf 90' lang='lat' dir='ltr'><strong>et</strong></span> <span class='ocrx_word' id='word_1_33' title='bbox 972 537 1045 591; x_wconf 93' lang='lat' dir='ltr'><strong>ait</strong></span> <span class='ocrx_word' id='word_1_34' title='bbox 1072 554 1089 589; x_wconf 88' lang='lat'><strong>:</strong></span> <span class='ocrx_word' id='word_1_35' title='bbox 1119 536 1332 590; x_wconf 81' lang='lat' dir='ltr'><strong>Victum</strong></span> <span class='ocrx_word' id='word_1_36' title='bbox 1374 552 1461 592; x_wconf 89' lang='lat' dir='ltr'><strong>me</strong></span> <span class='ocrx_word' id='word_1_37' title='bbox 1496 538 1675 591; x_wconf 79' lang='lat' dir='ltr'><strong>verbis</strong></span> <span class='ocrx_word' id='word_1_38' title='bbox 1701 537 1819 604; x_wconf 84' lang='lat' dir='ltr'><strong>cpi-</strong></span> 
     </span>
    </p>
   </div>
   <div class='ocr_carea' id='block_1_7' title="bbox 248 629 1820 701">
    <p class='ocr_par' dir='ltr' id='par_1_7' title="bbox 248 629 1820 701">
     <span class='ocr_line' id='line_1_7' title="bbox 248 629 1820 701; baseline -0.003 -13"><span class='ocrx_word' id='word_1_39' title='bbox 248 633 378 701; x_wconf 73' lang='lat' dir='ltr'><strong>scopi</strong></span> <span class='ocrx_word' id='word_1_40' title='bbox 410 632 602 695; x_wconf 87' lang='lat' dir='ltr'><strong>fateor,</strong></span> <span class='ocrx_word' id='word_1_41' title='bbox 636 643 688 685; x_wconf 90' lang='lat' dir='ltr'><strong>et</strong></span> <span class='ocrx_word' id='word_1_42' title='bbox 720 646 850 686; x_wconf 78' lang='lat' dir='ltr'><strong>vera</strong></span> <span class='ocrx_word' id='word_1_43' title='bbox 883 645 1002 685; x_wconf 90' lang='lat' dir='ltr'><strong>esse</strong></span> <span class='ocrx_word' id='word_1_44' title='bbox 1030 630 1152 698; x_wconf 79' lang='lat' dir='ltr'><strong>qua:</strong></span> <span class='ocrx_word' id='word_1_45' title='bbox 1184 629 1314 684; x_wconf 91' lang='lat' dir='ltr'><strong>dicit</strong></span> <span class='ocrx_word' id='word_1_46' title='bbox 1343 631 1475 685; x_wconf 85' lang='lat' dir='ltr'><strong>scio.</strong></span> <span class='ocrx_word' id='word_1_47' title='bbox 1515 629 1653 696; x_wconf 78' lang='lat' dir='ltr'><strong>Quid</strong></span> <span class='ocrx_word' id='word_1_48' title='bbox 1680 644 1820 684; x_wconf 85' lang='lat' dir='ltr'><strong>nunc</strong></span> 
     </span>
    </p>
   </div>
   <div class='ocr_carea' id='block_1_8' title="bbox 246 720 1827 791">
    <p class='ocr_par' dir='ltr' id='par_1_8' title="bbox 246 720 1827 791">
     <span class='ocr_line' id='line_1_8' title="bbox 246 720 1827 791; baseline -0.001 -16"><span class='ocrx_word' id='word_1_49' title='bbox 246 723 442 790; x_wconf 77' lang='lat' dir='ltr'><strong>faciam,</strong></span> <span class='ocrx_word' id='word_1_50' title='bbox 469 730 529 775; x_wconf 91' lang='lat' dir='ltr'><strong>ut</strong></span> <span class='ocrx_word' id='word_1_51' title='bbox 574 723 776 789; x_wconf 81' lang='lat' dir='ltr'><strong>regina:</strong></span> <span class='ocrx_word' id='word_1_52' title='bbox 817 720 884 775; x_wconf 90' lang='lat' dir='ltr'><strong>de</strong></span> <span class='ocrx_word' id='word_1_53' title='bbox 924 736 991 775; x_wconf 89' lang='lat' dir='ltr'><strong>eo</strong></span> <span class='ocrx_word' id='word_1_54' title='bbox 1033 722 1280 775; x_wconf 92' lang='lat' dir='ltr'><strong>voluntas</strong></span> <span class='ocrx_word' id='word_1_55' title='bbox 1321 721 1710 791; x_wconf 84' lang='lat' dir='ltr'><strong>adimpleatur?</strong></span> <span class='ocrx_word' id='word_1_56' title='bbox 1752 721 1827 776; x_wconf 87' lang='lat' dir='ltr'><strong>Et-</strong></span> 
     </span>
    </p>
   </div>
   <div class='ocr_carea' id='block_1_9' title="bbox 243 814 1818 884">
    <p class='ocr_par' dir='ltr' id='par_1_9' title="bbox 243 814 1818 884">
     <span class='ocr_line' id='line_1_9' title="bbox 243 814 1818 884; baseline 0 -17"><span class='ocrx_word' id='word_1_57' title='bbox 243 817 344 868; x_wconf 83' lang='lat' dir='ltr'><strong>ait:</strong></span> <span class='ocrx_word' id='word_1_58' title='bbox 381 817 479 881; x_wconf 89' lang='lat' dir='ltr'><strong>ltc,</strong></span> <span class='ocrx_word' id='word_1_59' title='bbox 521 822 578 868; x_wconf 90' lang='lat' dir='ltr'><strong>et</strong></span> <span class='ocrx_word' id='word_1_60' title='bbox 605 815 921 868; x_wconf 86' lang='lat' dir='ltr'><strong>accedentes</strong></span> <span class='ocrx_word' id='word_1_61' title='bbox 949 814 1015 867; x_wconf 90' lang='lat' dir='ltr'><strong>ad</strong></span> <span class='ocrx_word' id='word_1_62' title='bbox 1053 830 1174 867; x_wconf 88' lang='lat' dir='ltr'><strong>eum</strong></span> <span class='ocrx_word' id='word_1_63' title='bbox 1220 814 1403 881; x_wconf 86' lang='lat' dir='ltr'><strong>dicite,</strong></span> <span class='ocrx_word' id='word_1_64' title='bbox 1450 816 1599 884; x_wconf 91' lang='lat' dir='ltr'><strong>quasi</strong></span> <span class='ocrx_word' id='word_1_65' title='bbox 1637 814 1818 869; x_wconf 91' lang='lat' dir='ltr'><strong>consi-</strong></span> 
     </span>
    </p>
   </div>
   <div class='ocr_carea' id='block_1_10' title="bbox 242 905 1817 977">
    <p class='ocr_par' dir='ltr' id='par_1_10' title="bbox 242 905 1817 977">
     <span class='ocr_line' id='line_1_10' title="bbox 242 905 1817 977; baseline 0.002 -19"><span class='ocrx_word' id='word_1_66' title='bbox 242 910 351 960; x_wconf 74' lang='lat' dir='ltr'><strong>lium</strong></span> <span class='ocrx_word' id='word_1_67' title='bbox 385 922 455 961; x_wconf 86' lang='lat' dir='ltr'><strong>ex</strong></span> <span class='ocrx_word' id='word_1_68' title='bbox 500 905 897 973; x_wconf 86' lang='lat' dir='ltr'><strong>vobismetipsis</strong></span> <span class='ocrx_word' id='word_1_69' title='bbox 945 905 1133 961; x_wconf 84' lang='lat' dir='ltr'><strong>dantes</strong></span> <span class='ocrx_word' id='word_1_70' title='bbox 1179 924 1193 959; x_wconf 85' lang='lat'><strong>:</strong></span> <span class='ocrx_word' id='word_1_71' title='bbox 1243 906 1394 961; x_wconf 88' lang='lat' dir='ltr'><strong>Nosti</strong></span> <span class='ocrx_word' id='word_1_72' title='bbox 1432 907 1571 977; x_wconf 90' lang='lat' dir='ltr'><strong>quod</strong></span> <span class='ocrx_word' id='word_1_73' title='bbox 1616 908 1686 962; x_wconf 85' lang='lat' dir='ltr'><strong>sit</strong></span> <span class='ocrx_word' id='word_1_74' title='bbox 1724 923 1817 963; x_wconf 91' lang='lat' dir='ltr'><strong>rex</strong></span> 
     </span>
    </p>
   </div>
   <div class='ocr_carea' id='block_1_11' title="bbox 240 998 1821 1067">
    <p class='ocr_par' dir='ltr' id='par_1_11' title="bbox 240 998 1821 1067">
     <span class='ocr_line' id='line_1_11' title="bbox 240 998 1821 1067; baseline 0.005 -19"><span class='ocrx_word' id='word_1_75' title='bbox 240 998 570 1065; x_wconf 75' lang='lat' dir='ltr'><strong>Chilpericus</strong></span> <span class='ocrx_word' id='word_1_76' title='bbox 604 999 723 1064; x_wconf 90' lang='lat' dir='ltr'><strong>pius</strong></span> <span class='ocrx_word' id='word_1_77' title='bbox 751 1008 911 1067; x_wconf 88' lang='lat' dir='ltr'><strong>atque</strong></span> <span class='ocrx_word' id='word_1_78' title='bbox 940 1008 1289 1066; x_wconf 85' lang='lat' dir='ltr'><strong>compunctus</strong></span> <span class='ocrx_word' id='word_1_79' title='bbox 1308 1043 1323 1066; x_wconf 89' lang='lat'><strong>,</strong></span> <span class='ocrx_word' id='word_1_80' title='bbox 1356 1011 1411 1055; x_wconf 90' lang='lat' dir='ltr'><strong>et</strong></span> <span class='ocrx_word' id='word_1_81' title='bbox 1435 1003 1543 1054; x_wconf 84' lang='lat' dir='ltr'><strong>cito</strong></span> <span class='ocrx_word' id='word_1_82' title='bbox 1574 1001 1821 1056; x_wconf 81' lang='lat' dir='ltr'><strong>flectatur</strong></span> 
     </span>
    </p>
   </div>
   <div class='ocr_carea' id='block_1_12' title="bbox 240 1088 1821 1155">
    <p class='ocr_par' dir='ltr' id='par_1_12' title="bbox 240 1088 1821 1155">
     <span class='ocr_line' id='line_1_12' title="bbox 240 1088 1821 1155; baseline 0.003 -15"><span class='ocrx_word' id='word_1_83' title='bbox 240 1090 294 1140; x_wconf 86' lang='lat' dir='ltr'><strong>ad</strong></span> <span class='ocrx_word' id='word_1_84' title='bbox 323 1088 761 1143; x_wconf 83' lang='lat' dir='ltr'><strong>misericordiam</strong></span> <span class='ocrx_word' id='word_1_85' title='bbox 788 1106 804 1143; x_wconf 91' lang='lat'><strong>:</strong></span> <span class='ocrx_word' id='word_1_86' title='bbox 832 1090 1113 1143; x_wconf 71' lang='lat' dir='ltr'><strong>humiliore</strong></span> <span class='ocrx_word' id='word_1_87' title='bbox 1141 1091 1241 1145; x_wconf 89' lang='lat' dir='ltr'><strong>sub</strong></span> <span class='ocrx_word' id='word_1_88' title='bbox 1267 1105 1350 1155; x_wconf 91' lang='lat' dir='ltr'><strong>eo,</strong></span> <span class='ocrx_word' id='word_1_89' title='bbox 1384 1099 1438 1145; x_wconf 92' lang='lat' dir='ltr'><strong>et</strong></span> <span class='ocrx_word' id='word_1_90' title='bbox 1470 1091 1632 1145; x_wconf 91' lang='lat' dir='ltr'><strong>dicito</strong></span> <span class='ocrx_word' id='word_1_91' title='bbox 1659 1091 1821 1145; x_wconf 86' lang='lat' dir='ltr'><strong>abeo</strong></span> 
     </span>
    </p>
   </div>
   <div class='ocr_carea' id='block_1_13' title="bbox 238 1184 1819 1255">
    <p class='ocr_par' dir='ltr' id='par_1_13' title="bbox 238 1184 1819 1255">
     <span class='ocr_line' id='line_1_13' title="bbox 238 1184 1819 1255; baseline 0.004 -21"><span class='ocrx_word' id='word_1_92' title='bbox 238 1184 435 1249; x_wconf 71' lang='lat' dir='ltr'><strong>objecta</strong></span> <span class='ocrx_word' id='word_1_93' title='bbox 477 1199 507 1236; x_wconf 88' lang='lat' dir='ltr'><strong>a</strong></span> <span class='ocrx_word' id='word_1_94' title='bbox 557 1193 608 1237; x_wconf 91' lang='lat' dir='ltr'><strong>te</strong></span> <span class='ocrx_word' id='word_1_95' title='bbox 649 1194 951 1252; x_wconf 89' lang='lat' dir='ltr'><strong>perpetrata</strong></span> <span class='ocrx_word' id='word_1_96' title='bbox 992 1184 1174 1239; x_wconf 88' lang='lat' dir='ltr'><strong>fuisse.</strong></span> <span class='ocrx_word' id='word_1_97' title='bbox 1224 1184 1373 1239; x_wconf 84' lang='lat' dir='ltr'><strong>Tunc</strong></span> <span class='ocrx_word' id='word_1_98' title='bbox 1417 1200 1515 1239; x_wconf 91' lang='lat' dir='ltr'><strong>nos</strong></span> <span class='ocrx_word' id='word_1_99' title='bbox 1572 1186 1819 1255; x_wconf 85' lang='lat' dir='ltr'><strong>prostrati</strong></span> 
     </span>
    </p>
   </div>
   <div class='ocr_carea' id='block_1_14' title="bbox 241 1272 1823 1346">
    <p class='ocr_par' dir='ltr' id='par_1_14' title="bbox 241 1272 1823 1346">
     <span class='ocr_line' id='line_1_14' title="bbox 241 1272 1823 1346; baseline 0.004 -21"><span class='ocrx_word' id='word_1_100' title='bbox 241 1289 424 1328; x_wconf 87' lang='lat' dir='ltr'><strong>omnes</strong></span> <span class='ocrx_word' id='word_1_101' title='bbox 469 1288 653 1326; x_wconf 90' lang='lat' dir='ltr'><strong>coram</strong></span> <span class='ocrx_word' id='word_1_102' title='bbox 696 1272 922 1341; x_wconf 85' lang='lat' dir='ltr'><strong>pedibus</strong></span> <span class='ocrx_word' id='word_1_103' title='bbox 960 1275 1096 1343; x_wconf 84' lang='lat' dir='ltr'><strong>ejus,</strong></span> <span class='ocrx_word' id='word_1_104' title='bbox 1140 1275 1253 1329; x_wconf 91' lang='lat' dir='ltr'><strong>dari</strong></span> <span class='ocrx_word' id='word_1_105' title='bbox 1284 1276 1375 1330; x_wconf 83' lang='lat' dir='ltr'><strong>tibi</strong></span> <span class='ocrx_word' id='word_1_106' title='bbox 1400 1277 1607 1330; x_wconf 89' lang='lat' dir='ltr'><strong>veniam</strong></span> <span class='ocrx_word' id='word_1_107' title='bbox 1651 1277 1823 1346; x_wconf 88' lang='lat' dir='ltr'><strong>impe-</strong></span> 
     </span>
    </p>
   </div>
   <div class='ocr_carea' id='block_1_15' title="bbox 246 1364 1820 1437">
    <p class='ocr_par' dir='ltr' id='par_1_15' title="bbox 246 1364 1820 1437">
     <span class='ocr_line' id='line_1_15' title="bbox 246 1364 1820 1437; baseline 0.003 -19"><span class='ocrx_word' id='word_1_108' title='bbox 246 1376 461 1418; x_wconf 88' lang='lat' dir='ltr'><strong>tramus.</strong></span> <span class='ocrx_word' id='word_1_109' title='bbox 498 1366 591 1418; x_wconf 94' lang='lat' dir='ltr'><strong>His</strong></span> <span class='ocrx_word' id='word_1_110' title='bbox 620 1364 874 1419; x_wconf 86' lang='lat' dir='ltr'><strong>seductus</strong></span> <span class='ocrx_word' id='word_1_111' title='bbox 895 1366 1247 1422; x_wconf 62' lang='lat' dir='ltr'><strong>Praetextatus</strong></span> <span class='ocrx_word' id='word_1_112' title='bbox 1275 1368 1581 1437; x_wconf 83' lang='lat' dir='ltr'><strong>episc0pus,</strong></span> <span class='ocrx_word' id='word_1_113' title='bbox 1612 1367 1820 1437; x_wconf 88' lang='lat' dir='ltr'><strong>pollici-</strong></span> 
     </span>
    </p>
   </div>
   <div class='ocr_carea' id='block_1_16' title="bbox 242 1457 1823 1527">
    <p class='ocr_par' dir='ltr' id='par_1_16' title="bbox 242 1457 1823 1527">
     <span class='ocr_line' id='line_1_16' title="bbox 242 1457 1823 1527; baseline 0.003 -18"><span class='ocrx_word' id='word_1_114' title='bbox 242 1466 319 1509; x_wconf 87' lang='lat' dir='ltr'><strong>tus</strong></span> <span class='ocrx_word' id='word_1_115' title='bbox 340 1467 429 1510; x_wconf 90' lang='lat' dir='ltr'><strong>est</strong></span> <span class='ocrx_word' id='word_1_116' title='bbox 456 1472 517 1510; x_wconf 88' lang='lat' dir='ltr'><strong>se</strong></span> <span class='ocrx_word' id='word_1_117' title='bbox 552 1466 624 1509; x_wconf 80' lang='lat' dir='ltr'><strong>ita</strong></span> <span class='ocrx_word' id='word_1_118' title='bbox 651 1459 935 1511; x_wconf 83' lang='lat' dir='ltr'><strong>facturum.</strong></span> <span class='ocrx_word' id='word_1_119' title='bbox 980 1457 1133 1513; x_wconf 85' lang='lat' dir='ltr'><strong>Mane</strong></span> <span class='ocrx_word' id='word_1_120' title='bbox 1160 1468 1338 1513; x_wconf 89' lang='lat' dir='ltr'><strong>autem</strong></span> <span class='ocrx_word' id='word_1_121' title='bbox 1382 1459 1543 1527; x_wconf 88' lang='lat' dir='ltr'><strong>facto,</strong></span> <span class='ocrx_word' id='word_1_122' title='bbox 1572 1460 1823 1515; x_wconf 89' lang='lat' dir='ltr'><strong>conveni-</strong></span> 
     </span>
    </p>
   </div>
   <div class='ocr_carea' id='block_1_17' title="bbox 244 1548 1836 1623">
    <p class='ocr_par' dir='ltr' id='par_1_17' title="bbox 244 1548 1836 1623">
     <span class='ocr_line' id='line_1_17' title="bbox 244 1548 1836 1623; baseline 0.002 -21"><span class='ocrx_word' id='word_1_123' title='bbox 244 1563 353 1602; x_wconf 78' lang='lat' dir='ltr'><strong>mas</strong></span> <span class='ocrx_word' id='word_1_124' title='bbox 386 1548 455 1601; x_wconf 89' lang='lat' dir='ltr'><strong>ad</strong></span> <span class='ocrx_word' id='word_1_125' title='bbox 497 1557 816 1603; x_wconf 88' lang='lat' dir='ltr'><strong>consuetum</strong></span> <span class='ocrx_word' id='word_1_126' title='bbox 844 1549 1019 1604; x_wconf 88' lang='lat' dir='ltr'><strong>locum</strong></span> <span class='ocrx_word' id='word_1_127' title='bbox 1052 1564 1067 1603; x_wconf 90' lang='lat'><strong>:</strong></span> <span class='ocrx_word' id='word_1_128' title='bbox 1100 1549 1495 1618; x_wconf 82' lang='lat' dir='ltr'><strong>adveniensque</strong></span> <span class='ocrx_word' id='word_1_129' title='bbox 1525 1559 1580 1605; x_wconf 92' lang='lat' dir='ltr'><strong>et</strong></span> <span class='ocrx_word' id='word_1_130' title='bbox 1608 1567 1722 1617; x_wconf 90' lang='lat' dir='ltr'><strong>rex,</strong></span> <span class='ocrx_word' id='word_1_131' title='bbox 1749 1551 1836 1623; x_wconf 81' lang='lat' dir='ltr'><strong>ait</strong></span> 
     </span>
    </p>
   </div>
   <div class='ocr_carea' id='block_1_18' title="bbox 246 1635 1821 1706">
    <p class='ocr_par' dir='ltr' id='par_1_18' title="bbox 246 1635 1821 1706">
     <span class='ocr_line' id='line_1_18' title="bbox 246 1635 1821 1706; baseline 0.004 -19"><span class='ocrx_word' id='word_1_132' title='bbox 246 1637 303 1687; x_wconf 87' lang='lat' dir='ltr'><strong>ad</strong></span> <span class='ocrx_word' id='word_1_133' title='bbox 330 1636 644 1705; x_wconf 83' lang='lat' dir='ltr'><strong>episcopum</strong></span> <span class='ocrx_word' id='word_1_134' title='bbox 676 1654 688 1689; x_wconf 90' lang='lat'>:</span> <span class='ocrx_word' id='word_1_135' title='bbox 719 1635 772 1690; x_wconf 92' lang='lat' dir='ltr'><strong>Si</strong></span> <span class='ocrx_word' id='word_1_136' title='bbox 807 1651 1026 1691; x_wconf 90' lang='lat' dir='ltr'><strong>munera</strong></span> <span class='ocrx_word' id='word_1_137' title='bbox 1062 1652 1159 1706; x_wconf 89' lang='lat' dir='ltr'><strong>pro</strong></span> <span class='ocrx_word' id='word_1_138' title='bbox 1197 1638 1507 1693; x_wconf 87' lang='lat' dir='ltr'><strong>muneribus</strong></span> <span class='ocrx_word' id='word_1_139' title='bbox 1540 1639 1821 1693; x_wconf 86' lang='lat' dir='ltr'><strong>hishomi-</strong></span> 
     </span>
    </p>
   </div>
   <div class='ocr_carea' id='block_1_19' title="bbox 1922 444 3492 517">
    <p class='ocr_par' dir='ltr' id='par_1_19' title="bbox 1922 444 3492 517">
     <span class='ocr_line' id='line_1_19' title="bbox 1922 444 3492 517; baseline 0.004 -19"><span class='ocrx_word' id='word_1_140' title='bbox 1922 444 2364 499; x_wconf 87' lang='lat' dir='ltr'><strong>communicaret.</strong></span> <span class='ocrx_word' id='word_1_141' title='bbox 2431 444 2633 510; x_wconf 87' lang='lat' dir='ltr'><strong>Quibus</strong></span> <span class='ocrx_word' id='word_1_142' title='bbox 2692 444 3081 499; x_wconf 79' lang='lat' dir='ltr'><strong>conditionibus</strong></span> <span class='ocrx_word' id='word_1_143' title='bbox 3143 461 3243 517; x_wconf 88' lang='lat' dir='ltr'><strong>ego</strong></span> <span class='ocrx_word' id='word_1_144' title='bbox 3298 448 3492 512; x_wconf 75' lang='lat' dir='ltr'><strong>restiti,</strong></span> 
     </span>
    </p>
   </div>
   <div class='ocr_carea' id='block_1_20' title="bbox 1917 535 3485 608">
    <p class='ocr_par' dir='ltr' id='par_1_20' title="bbox 1917 535 3485 608">
     <span class='ocr_line' id='line_1_20' title="bbox 1917 535 3485 608; baseline 0.002 -16"><span class='ocrx_word' id='word_1_145' title='bbox 1917 537 2066 606; x_wconf 91' lang='lat' dir='ltr'><strong>juxta</strong></span> <span class='ocrx_word' id='word_1_146' title='bbox 2096 536 2413 605; x_wconf 89' lang='lat' dir='ltr'><strong>promissum</strong></span> <span class='ocrx_word' id='word_1_147' title='bbox 2452 536 2618 605; x_wconf 86' lang='lat' dir='ltr'><strong>regis,</strong></span> <span class='ocrx_word' id='word_1_148' title='bbox 2654 543 2709 587; x_wconf 89' lang='lat' dir='ltr'><strong>ut</strong></span> <span class='ocrx_word' id='word_1_149' title='bbox 2737 535 2864 590; x_wconf 89' lang='lat' dir='ltr'><strong>nihil</strong></span> <span class='ocrx_word' id='word_1_150' title='bbox 2889 549 3042 591; x_wconf 83' lang='lat' dir='ltr'><strong>extra</strong></span> <span class='ocrx_word' id='word_1_151' title='bbox 3071 536 3320 593; x_wconf 85' lang='lat' dir='ltr'><strong>Canones</strong></span> <span class='ocrx_word' id='word_1_152' title='bbox 3337 554 3485 608; x_wconf 84' lang='lat' dir='ltr'><strong>gere-</strong></span> 
     </span>
    </p>
   </div>
   <div class='ocr_carea' id='block_1_21' title="bbox 1923 626 3497 698">
    <p class='ocr_par' dir='ltr' id='par_1_21' title="bbox 1923 626 3497 698">
     <span class='ocr_line' id='line_1_21' title="bbox 1923 626 3497 698; baseline 0.004 -18"><span class='ocrx_word' id='word_1_153' title='bbox 1923 637 2094 681; x_wconf 82' lang='lat' dir='ltr'><strong>retur.</strong></span> <span class='ocrx_word' id='word_1_154' title='bbox 2141 626 2291 680; x_wconf 85' lang='lat' dir='ltr'><strong>Tunc</strong></span> <span class='ocrx_word' id='word_1_155' title='bbox 2318 627 2671 681; x_wconf 68' lang='lat' dir='ltr'><strong>Praetextatus</strong></span> <span class='ocrx_word' id='word_1_156' title='bbox 2710 642 2738 679; x_wconf 91' lang='lat' dir='ltr'><strong>a</strong></span> <span class='ocrx_word' id='word_1_157' title='bbox 2771 628 2967 681; x_wconf 90' lang='lat' dir='ltr'><strong>nostris</strong></span> <span class='ocrx_word' id='word_1_158' title='bbox 3000 639 3178 697; x_wconf 89' lang='lat' dir='ltr'><strong>raptus</strong></span> <span class='ocrx_word' id='word_1_159' title='bbox 3206 632 3392 698; x_wconf 85' lang='lat' dir='ltr'><strong>oculis,</strong></span> <span class='ocrx_word' id='word_1_160' title='bbox 3437 635 3497 686; x_wconf 77' lang='lat' dir='ltr'><strong>in</strong></span> 
     </span>
    </p>
   </div>
   <div class='ocr_carea' id='block_1_22' title="bbox 1922 717 3491 793">
    <p class='ocr_par' dir='ltr' id='par_1_22' title="bbox 1922 717 3491 793">
     <span class='ocr_line' id='line_1_22' title="bbox 1922 717 3491 793; baseline 0.001 -20"><span class='ocrx_word' id='word_1_161' title='bbox 1922 719 2223 773; x_wconf 76' lang='lat' dir='ltr'><strong>custodiam</strong></span> <span class='ocrx_word' id='word_1_162' title='bbox 2275 719 2481 787; x_wconf 84' lang='lat' dir='ltr'><strong>positus</strong></span> <span class='ocrx_word' id='word_1_163' title='bbox 2532 728 2633 772; x_wconf 90' lang='lat' dir='ltr'><strong>est.</strong></span> <span class='ocrx_word' id='word_1_164' title='bbox 2686 717 2759 771; x_wconf 88' lang='lat' dir='ltr'><strong>De</strong></span> <span class='ocrx_word' id='word_1_165' title='bbox 2794 734 2895 788; x_wconf 86' lang='lat' dir='ltr'><strong>qua</strong></span> <span class='ocrx_word' id='word_1_166' title='bbox 2920 720 3100 786; x_wconf 84' lang='lat' dir='ltr'><strong>fugere</strong></span> <span class='ocrx_word' id='word_1_167' title='bbox 3148 728 3353 775; x_wconf 88' lang='lat' dir='ltr'><strong>tentans</strong></span> <span class='ocrx_word' id='word_1_168' title='bbox 3383 720 3491 793; x_wconf 73' lang='grc' dir='ltr'><strong>[Αἰ.</strong></span> 
     </span>
    </p>
   </div>
   <div class='ocr_carea' id='block_1_23' title="bbox 1923 809 3489 880">
    <p class='ocr_par' dir='ltr' id='par_1_23' title="bbox 1923 809 3489 880">
     <span class='ocr_line' id='line_1_23' title="bbox 1923 809 3489 880; baseline 0.001 -16"><span class='ocrx_word' id='word_1_169' title='bbox 1923 826 2043 865; x_wconf 87' lang='lat' dir='ltr'><strong>cum</strong></span> <span class='ocrx_word' id='word_1_170' title='bbox 2073 809 2297 880; x_wconf 76' lang='lat' dir='ltr'><strong>fugeret]</strong></span> <span class='ocrx_word' id='word_1_171' title='bbox 2348 820 2525 877; x_wconf 91' lang='lat' dir='ltr'><strong>nocte,</strong></span> <span class='ocrx_word' id='word_1_172' title='bbox 2575 810 2886 880; x_wconf 80' lang='lat' dir='ltr'><strong>gravissime</strong></span> <span class='ocrx_word' id='word_1_173' title='bbox 2934 825 3125 876; x_wconf 76' lang='lat' dir='ltr'><strong>etesqs,</strong></span> <span class='ocrx_word' id='word_1_174' title='bbox 3176 811 3227 867; x_wconf 93' lang='lat' dir='ltr'><strong>iu</strong></span> <span class='ocrx_word' id='word_1_175' title='bbox 3262 811 3489 867; x_wconf 84' lang='lat' dir='ltr'><strong>insulam</strong></span> 
     </span>
    </p>
   </div>
   <div class='ocr_carea' id='block_1_24' title="bbox 1922 904 3487 975">
    <p class='ocr_par' dir='ltr' id='par_1_24' title="bbox 1922 904 3487 975">
     <span class='ocr_line' id='line_1_24' title="bbox 1922 904 3487 975; baseline 0.003 -18"><span class='ocrx_word' id='word_1_176' title='bbox 1922 904 2106 972; x_wconf 87' lang='lat' dir='ltr'><strong>maris,</strong></span> <span class='ocrx_word' id='word_1_177' title='bbox 2136 904 2279 973; x_wconf 91' lang='lat' dir='ltr'><strong>quod</strong></span> <span class='ocrx_word' id='word_1_178' title='bbox 2322 904 2531 974; x_wconf 82' lang='lat' dir='ltr'><strong>adjacet</strong></span> <span class='ocrx_word' id='word_1_179' title='bbox 2570 905 2768 959; x_wconf 82' lang='lat' dir='ltr'><strong>civitati</strong></span> <span class='ocrx_word' id='word_1_180' title='bbox 2797 904 3160 960; x_wconf 74' lang='lat' dir='ltr'><strong>Constantina:</strong></span> <span class='ocrx_word' id='word_1_181' title='bbox 3184 916 3233 975; x_wconf 74' lang='grc' dir='ltr'><strong>ε,</strong></span> <span class='ocrx_word' id='word_1_182' title='bbox 3262 906 3312 960; x_wconf 83' lang='grc' dir='ltr'><strong>ἱη</strong></span> <span class='ocrx_word' id='word_1_183' title='bbox 3344 909 3487 962; x_wconf 71' lang='grc' dir='ltr'><strong>οιεὶο</strong></span> 
     </span>
    </p>
   </div>
   <div class='ocr_carea' id='block_1_25' title="bbox 1921 994 2448 1051">
    <p class='ocr_par' dir='ltr' id='par_1_25' title="bbox 1921 994 2448 1051">
     <span class='ocr_line' id='line_1_25' title="bbox 1921 994 2448 1051; baseline 0.004 -3"><span class='ocrx_word' id='word_1_184' title='bbox 1921 995 2050 1049; x_wconf 91' lang='lat' dir='ltr'><strong>lium</strong></span> <span class='ocrx_word' id='word_1_185' title='bbox 2080 1004 2162 1049; x_wconf 91' lang='lat' dir='ltr'><strong>est</strong></span> <span class='ocrx_word' id='word_1_186' title='bbox 2181 994 2448 1051; x_wconf 88' lang='lat' dir='ltr'><strong>detrusus.</strong></span> 
     </span>
    </p>
   </div>
   <div class='ocr_carea' id='block_1_26' title="bbox 1996 1090 3489 1160">
    <p class='ocr_par' dir='ltr' id='par_1_26' title="bbox 1996 1090 3489 1160">
     <span class='ocr_line' id='line_1_26' title="bbox 1996 1090 3489 1160; baseline 0.001 -15"><span class='ocrx_word' id='word_1_187' title='bbox 1996 1090 2252 1145; x_wconf 76' lang='lat' dir='ltr'><strong>Posthzec-</strong></span> <span class='ocrx_word' id='word_1_188' title='bbox 2282 1092 2491 1157; x_wconf 87' lang='lat' dir='ltr'><strong>sonuit,</strong></span> <span class='ocrx_word' id='word_1_189' title='bbox 2524 1090 2665 1160; x_wconf 90' lang='lat' dir='ltr'><strong>quod</strong></span> <span class='ocrx_word' id='word_1_190' title='bbox 2693 1091 3036 1148; x_wconf 87' lang='lat' dir='ltr'><strong>Merovechus</strong></span> <span class='ocrx_word' id='word_1_191' title='bbox 3076 1092 3265 1148; x_wconf 86' lang='lat' dir='ltr'><strong>iterum</strong></span> <span class='ocrx_word' id='word_1_192' title='bbox 3309 1094 3489 1148; x_wconf 81' lang='lat' dir='ltr'><strong>basili-</strong></span> 
     </span>
    </p>
   </div>
   <div class='ocr_carea' id='block_1_27' title="bbox 1921 1181 3490 1254">
    <p class='ocr_par' dir='ltr' id='par_1_27' title="bbox 1921 1181 3490 1254">
     <span class='ocr_line' id='line_1_27' title="bbox 1921 1181 3490 1254; baseline 0 -19"><span class='ocrx_word' id='word_1_193' title='bbox 1921 1194 2041 1235; x_wconf 88' lang='lat' dir='ltr'><strong>cam</strong></span> <span class='ocrx_word' id='word_1_194' title='bbox 2070 1181 2137 1236; x_wconf 78' lang='grc'><strong>5.-</strong></span> <span class='ocrx_word' id='word_1_195' title='bbox 2155 1181 2364 1235; x_wconf 85' lang='lat' dir='ltr'><strong>Martini</strong></span> <span class='ocrx_word' id='word_1_196' title='bbox 2394 1190 2676 1237; x_wconf 87' lang='lat' dir='ltr'><strong>conaretur</strong></span> <span class='ocrx_word' id='word_1_197' title='bbox 2708 1190 2979 1252; x_wconf 81' lang='lat' dir='ltr'><strong>expetere.</strong></span> <span class='ocrx_word' id='word_1_198' title='bbox 3006 1183 3336 1254; x_wconf 77' lang='lat' dir='ltr'><strong>Chilpericus</strong></span> <span class='ocrx_word' id='word_1_199' title='bbox 3365 1202 3490 1238; x_wconf 86' lang='lat' dir='ltr'><strong>vero</strong></span> 
     </span>
    </p>
   </div>
   <div class='ocr_carea' id='block_1_28' title="bbox 1922 1270 3483 1340">
    <p class='ocr_par' dir='ltr' id='par_1_28' title="bbox 1922 1270 3483 1340">
     <span class='ocr_line' id='line_1_28' title="bbox 1922 1270 3483 1340; baseline 0.001 -16"><span class='ocrx_word' id='word_1_200' title='bbox 1922 1270 2175 1325; x_wconf 77' lang='lat' dir='ltr'><strong>custodiri</strong></span> <span class='ocrx_word' id='word_1_201' title='bbox 2217 1270 2486 1325; x_wconf 87' lang='lat' dir='ltr'><strong>basilicam</strong></span> <span class='ocrx_word' id='word_1_202' title='bbox 2528 1270 2701 1340; x_wconf 86' lang='lat' dir='ltr'><strong>jubet,</strong></span> <span class='ocrx_word' id='word_1_203' title='bbox 2743 1282 2797 1327; x_wconf 92' lang='lat' dir='ltr'><strong>et</strong></span> <span class='ocrx_word' id='word_1_204' title='bbox 2839 1287 3025 1328; x_wconf 90' lang='lat' dir='ltr'><strong>omnes</strong></span> <span class='ocrx_word' id='word_1_205' title='bbox 3071 1274 3243 1328; x_wconf 89' lang='lat' dir='ltr'><strong>claudi</strong></span> <span class='ocrx_word' id='word_1_206' title='bbox 3290 1274 3483 1327; x_wconf 83' lang='lat' dir='ltr'><strong>aditus.</strong></span> 
     </span>
    </p>
   </div>
   <div class='ocr_carea' id='block_1_29' title="bbox 1922 1362 3487 1434">
    <p class='ocr_par' dir='ltr' id='par_1_29' title="bbox 1922 1362 3487 1434">
     <span class='ocr_line' id='line_1_29' title="bbox 1922 1362 3487 1434; baseline 0.002 -19"><span class='ocrx_word' id='word_1_207' title='bbox 1922 1362 2383 1417; x_wconf 31' lang='lat' dir='ltr'><strong>Custodes‘autem</strong></span> <span class='ocrx_word' id='word_1_208' title='bbox 2416 1378 2574 1416; x_wconf 86' lang='lat' dir='ltr'><strong>unum</strong></span> <span class='ocrx_word' id='word_1_209' title='bbox 2601 1363 2825 1430; x_wconf 83' lang='lat' dir='ltr'><strong>ostium,</strong></span> <span class='ocrx_word' id='word_1_210' title='bbox 2845 1363 3105 1433; x_wconf 80' lang='lat' dir='ltr'><strong>perquod</strong></span> <span class='ocrx_word' id='word_1_211' title='bbox 3133 1366 3282 1434; x_wconf 90' lang='lat' dir='ltr'><strong>pauci</strong></span> <span class='ocrx_word' id='word_1_212' title='bbox 3309 1364 3487 1420; x_wconf 83' lang='lat' dir='ltr'><strong>clerici</strong></span> 
     </span>
    </p>
   </div>
   <div class='ocr_carea' id='block_1_30' title="bbox 1923 1452 3489 1524">
    <p class='ocr_par' dir='ltr' id='par_1_30' title="bbox 1923 1452 3489 1524">
     <span class='ocr_line' id='line_1_30' title="bbox 1923 1452 3489 1524; baseline 0 -18"><span class='ocrx_word' id='word_1_213' title='bbox 1923 1453 1988 1506; x_wconf 88' lang='lat' dir='ltr'><strong>ad</strong></span> <span class='ocrx_word' id='word_1_214' title='bbox 2016 1452 2245 1508; x_wconf 84' lang='lat' dir='ltr'><strong>officium</strong></span> <span class='ocrx_word' id='word_1_215' title='bbox 2279 1453 2697 1523; x_wconf 82' lang='lat' dir='ltr'><strong>ingrederentur,</strong></span> <span class='ocrx_word' id='word_1_216' title='bbox 2729 1455 3104 1524; x_wconf 75' lang='lat' dir='ltr'><strong>relinquentes,</strong></span> <span class='ocrx_word' id='word_1_217' title='bbox 3133 1456 3333 1524; x_wconf 84' lang='lat' dir='ltr'><strong>reliqua</strong></span> <span class='ocrx_word' id='word_1_218' title='bbox 3355 1457 3489 1510; x_wconf 86' lang='lat' dir='ltr'><strong>ostia</strong></span> 
     </span>
    </p>
   </div>
   <div class='ocr_carea' id='block_1_31' title="bbox 1922 1542 3489 1615">
    <p class='ocr_par' dir='ltr' id='par_1_31' title="bbox 1922 1542 3489 1615">
     <span class='ocr_line' id='line_1_31' title="bbox 1922 1542 3489 1615; baseline 0 -16"><span class='ocrx_word' id='word_1_219' title='bbox 1922 1544 2101 1599; x_wconf 90' lang='lat' dir='ltr'><strong>clausa</strong></span> <span class='ocrx_word' id='word_1_220' title='bbox 2141 1542 2391 1598; x_wconf 89' lang='lat' dir='ltr'><strong>tenebant</strong></span> <span class='ocrx_word' id='word_1_221' title='bbox 2420 1559 2435 1597; x_wconf 88' lang='lat'><strong>:</strong></span> <span class='ocrx_word' id='word_1_222' title='bbox 2466 1545 2608 1611; x_wconf 90' lang='lat' dir='ltr'><strong>quod</strong></span> <span class='ocrx_word' id='word_1_223' title='bbox 2654 1561 2755 1598; x_wconf 92' lang='lat' dir='ltr'><strong>non</strong></span> <span class='ocrx_word' id='word_1_224' title='bbox 2795 1547 2925 1600; x_wconf 43' lang='lat' dir='ltr'><strong>sine,</strong></span> <span class='ocrx_word' id='word_1_225' title='bbox 2952 1545 3105 1601; x_wconf 70' lang='lat' dir='ltr'><strong>tmdto</strong></span> <span class='ocrx_word' id='word_1_226' title='bbox 3136 1548 3341 1615; x_wconf 83' lang='lat' dir='ltr'><strong>populis</strong></span> <span class='ocrx_word' id='word_1_227' title='bbox 3371 1546 3489 1600; x_wconf 71' lang='lat' dir='ltr'><strong>fuit.</strong></span> 
     </span>
    </p>
   </div>
   <div class='ocr_carea' id='block_1_32' title="bbox 1925 1635 3493 1707">
    <p class='ocr_par' dir='ltr' id='par_1_32' title="bbox 1925 1635 3493 1707">
     <span class='ocr_line' id='line_1_32' title="bbox 1925 1635 3493 1707; baseline 0 -16"><span class='ocrx_word' id='word_1_228' title='bbox 1925 1635 2058 1691; x_wconf 88' lang='lat' dir='ltr'><strong>Cum</strong></span> <span class='ocrx_word' id='word_1_229' title='bbox 2089 1646 2265 1690; x_wconf 88' lang='lat' dir='ltr'><strong>autem</strong></span> <span class='ocrx_word' id='word_1_230' title='bbox 2295 1635 2435 1704; x_wconf 89' lang='lat' dir='ltr'><strong>apud</strong></span> <span class='ocrx_word' id='word_1_231' title='bbox 2461 1635 2691 1690; x_wconf 87' lang='lat' dir='ltr'><strong>Parisios</strong></span> <span class='ocrx_word' id='word_1_232' title='bbox 2718 1653 3067 1703; x_wconf 81' lang='lat' dir='ltr'><strong>moraremur,</strong></span> <span class='ocrx_word' id='word_1_233' title='bbox 3098 1640 3248 1707; x_wconf 81' lang='lat' dir='ltr'><strong>signa</strong></span> <span class='ocrx_word' id='word_1_234' title='bbox 3278 1641 3329 1693; x_wconf 92' lang='lat' dir='ltr'><strong>in</strong></span> <span class='ocrx_word' id='word_1_235' title='bbox 3357 1641 3493 1693; x_wconf 71' lang='lat' dir='ltr'><strong>creto</strong></span> 
     </span>
    </p>
   </div>
   <div class='ocr_carea' id='block_1_33' title="bbox 246 1714 3517 1799">
    <p class='ocr_par' dir='ltr' id='par_1_33' title="bbox 246 1714 3517 1799">
     <span class='ocr_line' id='line_1_33' title="bbox 246 1714 3517 1799; baseline 0.002 -20"><span class='ocrx_word' id='word_1_236' title='bbox 246 1728 394 1781; x_wconf 76' lang='lat' dir='ltr'><strong>uilius</strong></span> <span class='ocrx_word' id='word_1_237' title='bbox 448 1743 510 1781; x_wconf 91' lang='lat' dir='ltr'><strong>es</strong></span> <span class='ocrx_word' id='word_1_238' title='bbox 565 1727 821 1797; x_wconf 77' lang='lat' dir='ltr'><strong>largitus,</strong></span> <span class='ocrx_word' id='word_1_239' title='bbox 873 1742 968 1781; x_wconf 89' lang='lat' dir='ltr'><strong>cur</strong></span> <span class='ocrx_word' id='word_1_240' title='bbox 1021 1740 1354 1783; x_wconf 85' lang='lat' dir='ltr'><strong>sacramenta</strong></span> <span class='ocrx_word' id='word_1_241' title='bbox 1408 1729 1707 1798; x_wconf 86' lang='lat' dir='ltr'><strong>postulasti,</strong></span> <span class='ocrx_word' id='word_1_242' title='bbox 1763 1739 1821 1784; x_wconf 88' lang='lat' dir='ltr'><strong>ut</strong></span> <span class='ocrx_word' id='word_1_243' title='bbox 1851 1714 1897 1773; x_wconf 81' lang='grc' dir='ltr'><strong>Β</strong></span> <span class='ocrx_word' id='word_1_244' title='bbox 1928 1737 2304 1796; x_wconf 87' lang='lat' dir='ltr'><strong>apparuerunt,</strong></span> <span class='ocrx_word' id='word_1_245' title='bbox 2349 1727 2397 1780; x_wconf 90' lang='lat' dir='ltr'><strong>id</strong></span> <span class='ocrx_word' id='word_1_246' title='bbox 2442 1736 2523 1781; x_wconf 89' lang='lat' dir='ltr'><strong>est</strong></span> <span class='ocrx_word' id='word_1_247' title='bbox 2561 1728 2739 1797; x_wconf 84' lang='lat' dir='ltr'><strong>viginti</strong></span> <span class='ocrx_word' id='word_1_248' title='bbox 2785 1729 2915 1782; x_wconf 83' lang='lat' dir='ltr'><strong>radii</strong></span> <span class='ocrx_word' id='word_1_249' title='bbox 2954 1744 2984 1782; x_wconf 89' lang='lat' dir='ltr'><strong>a</strong></span> <span class='ocrx_word' id='word_1_250' title='bbox 3022 1741 3168 1797; x_wconf 88' lang='lat' dir='ltr'><strong>parte</strong></span> <span class='ocrx_word' id='word_1_251' title='bbox 3195 1730 3517 1799; x_wconf 81' lang='lat' dir='ltr'><strong>Aquilonis,.</strong></span> 
     </span>
    </p>
   </div>
   <div class='ocr_carea' id='block_1_34' title="bbox 245 1816 1817 1889">
    <p class='ocr_par' dir='ltr' id='par_1_34' title="bbox 245 1816 1817 1889">
     <span class='ocr_line' id='line_1_34' title="bbox 245 1816 1817 1889; baseline 0.001 -20"><span class='ocrx_word' id='word_1_252' title='bbox 245 1817 391 1869; x_wconf 83' lang='lat' dir='ltr'><strong>iidem</strong></span> <span class='ocrx_word' id='word_1_253' title='bbox 441 1816 761 1871; x_wconf 82' lang='lat' dir='ltr'><strong>Merovecho</strong></span> <span class='ocrx_word' id='word_1_254' title='bbox 805 1818 1118 1871; x_wconf 87' lang='lat' dir='ltr'><strong>servarent?</strong></span> <span class='ocrx_word' id='word_1_255' title='bbox 1167 1817 1465 1884; x_wconf 70' lang='lat' dir='ltr'><strong>Restiondit</strong></span> <span class='ocrx_word' id='word_1_256' title='bbox 1507 1820 1817 1889; x_wconf 90' lang='lat' dir='ltr'><strong>episcopus:</strong></span> 
     </span>
    </p>
   </div>
   <div class='ocr_carea' id='block_1_35' title="bbox 240 1907 1823 1975">
    <p class='ocr_par' dir='ltr' id='par_1_35' title="bbox 240 1907 1823 1975">
     <span class='ocr_line' id='line_1_35' title="bbox 240 1907 1823 1975; baseline 0.001 -14"><span class='ocrx_word' id='word_1_257' title='bbox 240 1908 391 1975; x_wconf 79' lang='lat' dir='ltr'><strong>Pelii,</strong></span> <span class='ocrx_word' id='word_1_258' title='bbox 444 1909 639 1973; x_wconf 85' lang='lat' dir='ltr'><strong>fateor,</strong></span> <span class='ocrx_word' id='word_1_259' title='bbox 687 1907 950 1962; x_wconf 87' lang='lat' dir='ltr'><strong>amicitias</strong></span> <span class='ocrx_word' id='word_1_260' title='bbox 988 1924 1174 1963; x_wconf 90' lang='lat' dir='ltr'><strong>eorum</strong></span> <span class='ocrx_word' id='word_1_261' title='bbox 1224 1909 1404 1963; x_wconf 91' lang='lat' dir='ltr'><strong>haberi</strong></span> <span class='ocrx_word' id='word_1_262' title='bbox 1456 1924 1575 1963; x_wconf 91' lang='lat' dir='ltr'><strong>cum</strong></span> <span class='ocrx_word' id='word_1_263' title='bbox 1621 1925 1689 1964; x_wconf 81' lang='lat' dir='ltr'><strong>eo</strong></span> <span class='ocrx_word' id='word_1_264' title='bbox 1722 1927 1735 1962; x_wconf 90' lang='lat'><strong>:</strong></span> <span class='ocrx_word' id='word_1_265' title='bbox 1770 1919 1823 1965; x_wconf 86' lang='lat' dir='ltr'><strong>et</strong></span> 
     </span>
    </p>
   </div>
   <div class='ocr_carea' id='block_1_36' title="bbox 244 1998 1823 2071">
    <p class='ocr_par' dir='ltr' id='par_1_36' title="bbox 244 1998 1823 2071">
     <span class='ocr_line' id='line_1_36' title="bbox 244 1998 1823 2071; baseline 0.003 -20"><span class='ocrx_word' id='word_1_266' title='bbox 244 2014 340 2051; x_wconf 86' lang='lat' dir='ltr'><strong>non</strong></span> <span class='ocrx_word' id='word_1_267' title='bbox 371 1998 548 2052; x_wconf 90' lang='lat' dir='ltr'><strong>solum</strong></span> <span class='ocrx_word' id='word_1_268' title='bbox 581 2000 875 2063; x_wconf 77' lang='lat' dir='ltr'><strong>hominem,</strong></span> <span class='ocrx_word' id='word_1_269' title='bbox 912 2000 1029 2062; x_wconf 86' lang='lat' dir='ltr'><strong>sed,</strong></span> <span class='ocrx_word' id='word_1_270' title='bbox 1062 1999 1105 2053; x_wconf 88' lang='lat' dir='ltr'><strong>si</strong></span> <span class='ocrx_word' id='word_1_271' title='bbox 1136 2000 1215 2053; x_wconf 84' lang='lat' dir='ltr'><strong>fas</strong></span> <span class='ocrx_word' id='word_1_272' title='bbox 1244 1999 1449 2065; x_wconf 77' lang='lat' dir='ltr'><strong>fuisset,</strong></span> <span class='ocrx_word' id='word_1_273' title='bbox 1481 2001 1725 2071; x_wconf 83' lang='lat' dir='ltr'><strong>angelum</strong></span> <span class='ocrx_word' id='word_1_274' title='bbox 1755 1999 1823 2055; x_wconf 88' lang='lat' dir='ltr'><strong>de</strong></span> 
     </span>
    </p>
   </div>
   <div class='ocr_carea' id='block_1_37' title="bbox 244 2091 1821 2162">
    <p class='ocr_par' dir='ltr' id='par_1_37' title="bbox 244 2091 1821 2162">
     <span class='ocr_line' id='line_1_37' title="bbox 244 2091 1821 2162; baseline 0.003 -20"><span class='ocrx_word' id='word_1_275' title='bbox 244 2091 371 2143; x_wconf 76' lang='lat' dir='ltr'><strong>cmlo</strong></span> <span class='ocrx_word' id='word_1_276' title='bbox 408 2105 747 2156; x_wconf 71' lang='lat' dir='ltr'><strong>emcassem,</strong></span> <span class='ocrx_word' id='word_1_277' title='bbox 780 2091 871 2159; x_wconf 85' lang='lat' dir='ltr'><strong>qui</strong></span> <span class='ocrx_word' id='word_1_278' title='bbox 916 2099 1060 2145; x_wconf 89' lang='lat' dir='ltr'><strong>esset</strong></span> <span class='ocrx_word' id='word_1_279' title='bbox 1087 2091 1300 2159; x_wconf 89' lang='lat' dir='ltr'><strong>adjutor</strong></span> <span class='ocrx_word' id='word_1_280' title='bbox 1333 2092 1469 2162; x_wconf 86' lang='lat' dir='ltr'><strong>ejus.</strong></span> <span class='ocrx_word' id='word_1_281' title='bbox 1493 2092 1655 2146; x_wconf 81' lang='lat' dir='ltr'><strong>Filius</strong></span> <span class='ocrx_word' id='word_1_282' title='bbox 1678 2093 1821 2147; x_wconf 91' lang='lat' dir='ltr'><strong>enim</strong></span> 
     </span>
    </p>
   </div>
   <div class='ocr_carea' id='block_1_38' title="bbox 245 2183 1822 2253">
    <p class='ocr_par' dir='ltr' id='par_1_38' title="bbox 245 2183 1822 2253">
     <span class='ocr_line' id='line_1_38' title="bbox 245 2183 1822 2253; baseline 0.002 -18"><span class='ocrx_word' id='word_1_283' title='bbox 245 2183 363 2236; x_wconf 88' lang='lat' dir='ltr'><strong>mihi</strong></span> <span class='ocrx_word' id='word_1_284' title='bbox 389 2196 528 2249; x_wconf 89' lang='lat' dir='ltr'><strong>erat,</strong></span> <span class='ocrx_word' id='word_1_285' title='bbox 560 2194 618 2237; x_wconf 91' lang='lat' dir='ltr'><strong>ut</strong></span> <span class='ocrx_word' id='word_1_286' title='bbox 666 2199 810 2253; x_wconf 66' lang='lat' dir='ltr'><strong>saepe</strong></span> <span class='ocrx_word' id='word_1_287' title='bbox 834 2183 971 2248; x_wconf 83' lang='lat' dir='ltr'><strong>dixi,</strong></span> <span class='ocrx_word' id='word_1_288' title='bbox 1003 2184 1258 2253; x_wconf 87' lang='lat' dir='ltr'><strong>spiritalis</strong></span> <span class='ocrx_word' id='word_1_289' title='bbox 1286 2202 1351 2239; x_wconf 87' lang='lat' dir='ltr'><strong>ex</strong></span> <span class='ocrx_word' id='word_1_290' title='bbox 1380 2186 1611 2239; x_wconf 91' lang='lat' dir='ltr'><strong>lavacro.</strong></span> <span class='ocrx_word' id='word_1_291' title='bbox 1663 2184 1822 2240; x_wconf 90' lang='lat' dir='ltr'><strong>Cum-</strong></span> 
     </span>
    </p>
   </div>
   <div class='ocr_carea' id='block_1_39' title="bbox 245 2275 1825 2347">
    <p class='ocr_par' dir='ltr' id='par_1_39' title="bbox 245 2275 1825 2347">
     <span class='ocr_line' id='line_1_39' title="bbox 245 2275 1825 2347; baseline 0.005 -23"><span class='ocrx_word' id='word_1_292' title='bbox 245 2290 339 2341; x_wconf 78' lang='lat' dir='ltr'><strong>que</strong></span> <span class='ocrx_word' id='word_1_293' title='bbox 369 2277 482 2328; x_wconf 65' lang='lat' dir='ltr'><strong>[nec</strong></span> <span class='ocrx_word' id='word_1_294' title='bbox 514 2276 792 2329; x_wconf 82' lang='lat' dir='ltr'><strong>altercatio</strong></span> <span class='ocrx_word' id='word_1_295' title='bbox 816 2275 974 2329; x_wconf 88' lang='lat' dir='ltr'><strong>altius</strong></span> <span class='ocrx_word' id='word_1_296' title='bbox 999 2276 1295 2342; x_wconf 86' lang='lat' dir='ltr'><strong>tolleretur,</strong></span> <span class='ocrx_word' id='word_1_297' title='bbox 1328 2276 1681 2331; x_wconf 72' lang='lat' dir='ltr'><strong>Praetextatus</strong></span> <span class='ocrx_word' id='word_1_298' title='bbox 1711 2277 1825 2347; x_wconf 88' lang='lat' dir='ltr'><strong>epi-</strong></span> 
     </span>
    </p>
   </div>
   <div class='ocr_carea' id='block_1_40' title="bbox 253 2365 1823 2435">
    <p class='ocr_par' dir='ltr' id='par_1_40' title="bbox 253 2365 1823 2435">
     <span class='ocr_line' id='line_1_40' title="bbox 253 2365 1823 2435; baseline 0.001 -18"><span class='ocrx_word' id='word_1_299' title='bbox 253 2382 435 2435; x_wconf 76' lang='lat' dir='ltr'><strong>smpus</strong></span> <span class='ocrx_word' id='word_1_300' title='bbox 459 2375 758 2434; x_wconf 89' lang='lat' dir='ltr'><strong>prostratus</strong></span> <span class='ocrx_word' id='word_1_301' title='bbox 788 2366 925 2430; x_wconf 90' lang='lat' dir='ltr'><strong>solo,</strong></span> <span class='ocrx_word' id='word_1_302' title='bbox 958 2367 1028 2418; x_wconf 87' lang='lat' dir='ltr'><strong>ait</strong></span> <span class='ocrx_word' id='word_1_303' title='bbox 1054 2382 1066 2418; x_wconf 93' lang='lat'>:</span> <span class='ocrx_word' id='word_1_304' title='bbox 1103 2366 1326 2421; x_wconf 84' lang='lat' dir='ltr'><strong>Peccavi</strong></span> <span class='ocrx_word' id='word_1_305' title='bbox 1354 2365 1620 2421; x_wconf 72' lang='lat' dir='ltr'><strong>incoatum</strong></span> <span class='ocrx_word' id='word_1_306' title='bbox 1650 2375 1705 2421; x_wconf 91' lang='lat' dir='ltr'><strong>et</strong></span> <span class='ocrx_word' id='word_1_307' title='bbox 1731 2381 1823 2421; x_wconf 83' lang='lat' dir='ltr'><strong>co-</strong></span> 
     </span>
    </p>
   </div>
   <div class='ocr_carea' id='block_1_41' title="bbox 252 2456 1822 2529">
    <p class='ocr_par' dir='ltr' id='par_1_41' title="bbox 252 2456 1822 2529">
     <span class='ocr_line' id='line_1_41' title="bbox 252 2456 1822 2529; baseline 0.003 -20"><span class='ocrx_word' id='word_1_308' title='bbox 252 2476 352 2511; x_wconf 72' lang='lat' dir='ltr'><strong>ram</strong></span> <span class='ocrx_word' id='word_1_309' title='bbox 397 2469 468 2521; x_wconf 90' lang='lat' dir='ltr'><strong>te,</strong></span> <span class='ocrx_word' id='word_1_310' title='bbox 504 2474 538 2510; x_wconf 92' lang='grc' dir='ltr'><strong>ο</strong></span> <span class='ocrx_word' id='word_1_311' title='bbox 567 2474 660 2512; x_wconf 91' lang='lat' dir='ltr'><strong>rex</strong></span> <span class='ocrx_word' id='word_1_312' title='bbox 707 2456 1228 2518; x_wconf 86' lang='lat' dir='ltr'><strong>misericordissime.</strong></span> <span class='ocrx_word' id='word_1_313' title='bbox 1267 2473 1366 2529; x_wconf 82' lang='lat' dir='ltr'><strong>ego</strong></span> <span class='ocrx_word' id='word_1_314' title='bbox 1413 2472 1527 2512; x_wconf 90' lang='lat' dir='ltr'><strong>sum</strong></span> <span class='ocrx_word' id='word_1_315' title='bbox 1558 2458 1822 2513; x_wconf 90' lang='lat' dir='ltr'><strong>homicida</strong></span> 
     </span>
    </p>
   </div>
   <div class='ocr_carea' id='block_1_42' title="bbox 254 2550 1825 2621">
    <p class='ocr_par' dir='ltr' id='par_1_42' title="bbox 254 2550 1825 2621">
     <span class='ocr_line' id='line_1_42' title="bbox 254 2550 1825 2621; baseline 0.001 -18"><span class='ocrx_word' id='word_1_316' title='bbox 254 2553 496 2607; x_wconf 59' lang='lat' dir='ltr'><strong>notandus</strong></span> <span class='ocrx_word' id='word_1_317' title='bbox 530 2571 542 2604; x_wconf 90' lang='lat'>:</span> <span class='ocrx_word' id='word_1_318' title='bbox 576 2567 677 2621; x_wconf 83' lang='lat' dir='ltr'><strong>ego</strong></span> <span class='ocrx_word' id='word_1_319' title='bbox 706 2561 757 2606; x_wconf 92' lang='lat' dir='ltr'><strong>te</strong></span> <span class='ocrx_word' id='word_1_320' title='bbox 788 2551 1088 2605; x_wconf 80' lang='lat' dir='ltr'><strong>interficere</strong></span> <span class='ocrx_word' id='word_1_321' title='bbox 1116 2550 1283 2615; x_wconf 91' lang='lat' dir='ltr'><strong>volui,</strong></span> <span class='ocrx_word' id='word_1_322' title='bbox 1312 2560 1367 2606; x_wconf 90' lang='lat' dir='ltr'><strong>et</strong></span> <span class='ocrx_word' id='word_1_323' title='bbox 1396 2551 1561 2605; x_wconf 91' lang='lat' dir='ltr'><strong>lilium</strong></span> <span class='ocrx_word' id='word_1_324' title='bbox 1590 2559 1737 2605; x_wconf 89' lang='lat' dir='ltr'><strong>tuum</strong></span> <span class='ocrx_word' id='word_1_325' title='bbox 1770 2550 1825 2605; x_wconf 91' lang='lat' dir='ltr'><strong>in</strong></span> 
     </span>
    </p>
   </div>
   <div class='ocr_carea' id='block_1_43' title="bbox 253 2642 1823 2713">
    <p class='ocr_par' dir='ltr' id='par_1_43' title="bbox 253 2642 1823 2713">
     <span class='ocr_line' id='line_1_43' title="bbox 253 2642 1823 2713; baseline -0.001 -16"><span class='ocrx_word' id='word_1_326' title='bbox 253 2645 378 2697; x_wconf 84' lang='lat' dir='ltr'><strong>solio</strong></span> <span class='ocrx_word' id='word_1_327' title='bbox 415 2655 504 2698; x_wconf 92' lang='lat' dir='ltr'><strong>tuo</strong></span> <span class='ocrx_word' id='word_1_328' title='bbox 534 2646 766 2713; x_wconf 85' lang='lat' dir='ltr'><strong>erigere.</strong></span> <span class='ocrx_word' id='word_1_329' title='bbox 802 2643 923 2696; x_wconf 77' lang='lat' dir='ltr'><strong>llzec</strong></span> <span class='ocrx_word' id='word_1_330' title='bbox 959 2658 1023 2697; x_wconf 91' lang='lat' dir='ltr'><strong>eo</strong></span> <span class='ocrx_word' id='word_1_331' title='bbox 1060 2642 1289 2709; x_wconf 90' lang='lat' dir='ltr'><strong>dicente,</strong></span> <span class='ocrx_word' id='word_1_332' title='bbox 1334 2643 1690 2711; x_wconf 90' lang='lat' dir='ltr'><strong>prosternitur</strong></span> <span class='ocrx_word' id='word_1_333' title='bbox 1729 2658 1823 2698; x_wconf 85' lang='lat' dir='ltr'><strong>rex</strong></span> 
     </span>
    </p>
   </div>
   <div class='ocr_carea' id='block_1_44' title="bbox 254 2732 1826 2805">
    <p class='ocr_par' dir='ltr' id='par_1_44' title="bbox 254 2732 1826 2805">
     <span class='ocr_line' id='line_1_44' title="bbox 254 2732 1826 2805; baseline 0.001 -17"><span class='ocrx_word' id='word_1_334' title='bbox 254 2751 420 2790; x_wconf 84' lang='lat' dir='ltr'><strong>coram</strong></span> <span class='ocrx_word' id='word_1_335' title='bbox 447 2737 673 2805; x_wconf 79' lang='lat' dir='ltr'><strong>ped.hus</strong></span> <span class='ocrx_word' id='word_1_336' title='bbox 696 2735 1058 2799; x_wconf 81' lang='lat' dir='ltr'><strong>sacerdotum,</strong></span> <span class='ocrx_word' id='word_1_337' title='bbox 1089 2735 1308 2791; x_wconf 77' lang='lat' dir='ltr'><strong>dicens:</strong></span> <span class='ocrx_word' id='word_1_338' title='bbox 1345 2732 1559 2801; x_wconf 80' lang='lat' dir='ltr'><strong>Audite,</strong></span> <span class='ocrx_word' id='word_1_339' title='bbox 1590 2750 1624 2789; x_wconf 90' lang='grc' dir='ltr'><strong>ο</strong></span> <span class='ocrx_word' id='word_1_340' title='bbox 1653 2733 1826 2803; x_wconf 90' lang='lat' dir='ltr'><strong>piissi-</strong></span> 
     </span>
    </p>
   </div>
   <div class='ocr_carea' id='block_1_45' title="bbox 256 2823 1823 2888">
    <p class='ocr_par' dir='ltr' id='par_1_45' title="bbox 256 2823 1823 2888">
     <span class='ocr_line' id='line_1_45' title="bbox 256 2823 1823 2888; baseline 0.001 -11"><span class='ocrx_word' id='word_1_341' title='bbox 256 2828 321 2879; x_wconf 91' lang='lat' dir='ltr'><strong>mi</strong></span> <span class='ocrx_word' id='word_1_342' title='bbox 346 2830 669 2888; x_wconf 84' lang='lat' dir='ltr'><strong>sacerdotes,</strong></span> <span class='ocrx_word' id='word_1_343' title='bbox 695 2842 845 2880; x_wconf 89' lang='lat' dir='ltr'><strong>reum</strong></span> <span class='ocrx_word' id='word_1_344' title='bbox 874 2826 1075 2880; x_wconf 90' lang='lat' dir='ltr'><strong>crimen</strong></span> <span class='ocrx_word' id='word_1_345' title='bbox 1098 2824 1426 2880; x_wconf 87' lang='lat' dir='ltr'><strong>exsecrabile</strong></span> <span class='ocrx_word' id='word_1_346' title='bbox 1458 2823 1823 2880; x_wconf 82' lang='lat' dir='ltr'><strong>confitentem.</strong></span> 
     </span>
    </p>
   </div>
   <div class='ocr_carea' id='block_1_46' title="bbox 256 2917 1826 2987">
    <p class='ocr_par' dir='ltr' id='par_1_46' title="bbox 256 2917 1826 2987">
     <span class='ocr_line' id='line_1_46' title="bbox 256 2917 1826 2987; baseline 0.002 -19"><span class='ocrx_word' id='word_1_347' title='bbox 256 2918 481 2987; x_wconf 87' lang='lat' dir='ltr'><strong>Cumque</strong></span> <span class='ocrx_word' id='word_1_348' title='bbox 509 2934 610 2971; x_wconf 87' lang='lat' dir='ltr'><strong>nos</strong></span> <span class='ocrx_word' id='word_1_349' title='bbox 638 2918 826 2972; x_wconf 89' lang='lat' dir='ltr'><strong>flentes</strong></span> <span class='ocrx_word' id='word_1_350' title='bbox 850 2932 1025 2987; x_wconf 80' lang='lat' dir='ltr'><strong>regem</strong></span> <span class='ocrx_word' id='word_1_351' title='bbox 1053 2917 1413 2972; x_wconf 90' lang='lat' dir='ltr'><strong>elevassemus</strong></span> <span class='ocrx_word' id='word_1_352' title='bbox 1442 2932 1469 2969; x_wconf 92' lang='lat' dir='ltr'><strong>a</strong></span> <span class='ocrx_word' id='word_1_353' title='bbox 1500 2920 1638 2980; x_wconf 87' lang='lat' dir='ltr'><strong>solo,</strong></span> <span class='ocrx_word' id='word_1_354' title='bbox 1663 2917 1826 2986; x_wconf 87' lang='lat' dir='ltr'><strong>jussit</strong></span> 
     </span>
    </p>
   </div>
   <div class='ocr_carea' id='block_1_47' title="bbox 257 3007 1823 3076">
    <p class='ocr_par' dir='ltr' id='par_1_47' title="bbox 257 3007 1823 3076">
     <span class='ocr_line' id='line_1_47' title="bbox 257 3007 1823 3076; baseline 0.004 -20"><span class='ocrx_word' id='word_1_355' title='bbox 257 3022 370 3060; x_wconf 82' lang='lat' dir='ltr'><strong>eum</strong></span> <span class='ocrx_word' id='word_1_356' title='bbox 420 3007 691 3061; x_wconf 86' lang='lat' dir='ltr'><strong>basilicam</strong></span> <span class='ocrx_word' id='word_1_357' title='bbox 741 3008 944 3076; x_wconf 79' lang='lat' dir='ltr'><strong>egredi.</strong></span> <span class='ocrx_word' id='word_1_358' title='bbox 991 3008 1103 3076; x_wconf 88' lang='lat' dir='ltr'><strong>Ipse</strong></span> <span class='ocrx_word' id='word_1_359' title='bbox 1145 3022 1272 3062; x_wconf 90' lang='lat' dir='ltr'><strong>vero</strong></span> <span class='ocrx_word' id='word_1_360' title='bbox 1304 3007 1370 3061; x_wconf 90' lang='lat' dir='ltr'><strong>ad</strong></span> <span class='ocrx_word' id='word_1_361' title='bbox 1407 3017 1680 3062; x_wconf 83' lang='lat' dir='ltr'><strong>metatum</strong></span> <span class='ocrx_word' id='word_1_362' title='bbox 1712 3008 1823 3062; x_wconf 88' lang='lat' dir='ltr'><strong>dis-</strong></span> 
     </span>
    </p>
   </div>
   <div class='ocr_carea' id='block_1_48' title="bbox 256 3080 1899 3173">
    <p class='ocr_par' dir='ltr' id='par_1_48' title="bbox 256 3080 1899 3173">
     <span class='ocr_line' id='line_1_48' title="bbox 256 3080 1899 3173; baseline 0.004 -23"><span class='ocrx_word' id='word_1_363' title='bbox 256 3100 439 3166; x_wconf 66' lang='lat' dir='ltr'><strong>cessit,</strong></span> <span class='ocrx_word' id='word_1_364' title='bbox 472 3101 837 3155; x_wconf 84' lang='lat' dir='ltr'><strong>transmittens</strong></span> <span class='ocrx_word' id='word_1_365' title='bbox 882 3102 1072 3155; x_wconf 90' lang='lat' dir='ltr'><strong>librum</strong></span> <span class='ocrx_word' id='word_1_366' title='bbox 1103 3101 1400 3166; x_wconf 89' lang='lat' dir='ltr'><strong>Canonum,</strong></span> <span class='ocrx_word' id='word_1_367' title='bbox 1449 3104 1500 3155; x_wconf 90' lang='lat' dir='ltr'><strong>in</strong></span> <span class='ocrx_word' id='word_1_368' title='bbox 1529 3103 1692 3173; x_wconf 72' lang='grc'><strong>228</strong></span> <span class='ocrx_word' id='word_1_369' title='bbox 1717 3118 1822 3172; x_wconf 91' lang='lat' dir='ltr'><strong>quo</strong></span> <span class='ocrx_word' id='word_1_370' title='bbox 1847 3080 1899 3142; x_wconf 69' lang='grc' dir='ltr'><strong>θ</strong></span> 
     </span>
    </p>
   </div>
   <div class='ocr_carea' id='block_1_49' title="bbox 256 3193 1823 3264">
    <p class='ocr_par' dir='ltr' id='par_1_49' title="bbox 256 3193 1823 3264">
     <span class='ocr_line' id='line_1_49' title="bbox 256 3193 1823 3264; baseline 0.004 -23"><span class='ocrx_word' id='word_1_371' title='bbox 256 3205 363 3244; x_wconf 72' lang='grc' dir='ltr'><strong>νηί</strong></span> <span class='ocrx_word' id='word_1_372' title='bbox 384 3196 662 3260; x_wconf 90' lang='lat' dir='ltr'><strong>quaternio</strong></span> <span class='ocrx_word' id='word_1_373' title='bbox 690 3208 861 3247; x_wconf 89' lang='lat' dir='ltr'><strong>novus</strong></span> <span class='ocrx_word' id='word_1_374' title='bbox 887 3209 1148 3259; x_wconf 85' lang='lat' dir='ltr'><strong>annexus,</strong></span> <span class='ocrx_word' id='word_1_375' title='bbox 1183 3193 1383 3248; x_wconf 87' lang='lat' dir='ltr'><strong>habens</strong></span> <span class='ocrx_word' id='word_1_376' title='bbox 1411 3208 1644 3248; x_wconf 88' lang='lat' dir='ltr'><strong>canones</strong></span> <span class='ocrx_word' id='word_1_377' title='bbox 1672 3195 1823 3264; x_wconf 86' lang='lat' dir='ltr'><strong>quasi</strong></span> 
     </span>
    </p>
   </div>
   <div class='ocr_carea' id='block_1_50' title="bbox 256 3284 1825 3353">
    <p class='ocr_par' dir='ltr' id='par_1_50' title="bbox 256 3284 1825 3353">
     <span class='ocr_line' id='line_1_50' title="bbox 256 3284 1825 3353; baseline 0.004 -20"><span class='ocrx_word' id='word_1_378' title='bbox 256 3286 567 3351; x_wconf 81' lang='lat' dir='ltr'><strong>apostolicos</strong></span> <span class='ocrx_word' id='word_1_379' title='bbox 598 3296 651 3349; x_wconf 72' lang='grc' dir='ltr'>ιι,</span> <span class='ocrx_word' id='word_1_380' title='bbox 682 3285 1017 3340; x_wconf 87' lang='lat' dir='ltr'><strong>continentes</strong></span> <span class='ocrx_word' id='word_1_381' title='bbox 1054 3286 1167 3339; x_wconf 58' lang='lat' dir='ltr'><strong>haec</strong></span> <span class='ocrx_word' id='word_1_382' title='bbox 1198 3301 1212 3338; x_wconf 87' lang='lat'><strong>:</strong></span> <span class='ocrx_word' id='word_1_383' title='bbox 1251 3303 1270 3337; x_wconf 74' lang='grc' dir='ltr'><strong>ι</strong></span> <span class='ocrx_word' id='word_1_384' title='bbox 1311 3285 1607 3353; x_wconf 85' lang='lat' dir='ltr'><strong>Episcopus</strong></span> <span class='ocrx_word' id='word_1_385' title='bbox 1645 3288 1698 3339; x_wconf 81' lang='lat' dir='ltr'><strong>in</strong></span> <span class='ocrx_word' id='word_1_386' title='bbox 1728 3284 1825 3339; x_wconf 92' lang='lat' dir='ltr'><strong>ho-</strong></span> 
     </span>
    </p>
   </div>
   <div class='ocr_carea' id='block_1_51' title="bbox 258 3373 1825 3444">
    <p class='ocr_par' dir='ltr' id='par_1_51' title="bbox 258 3373 1825 3444">
     <span class='ocr_line' id='line_1_51' title="bbox 258 3373 1825 3444; baseline 0.001 -18"><span class='ocrx_word' id='word_1_387' title='bbox 258 3376 484 3443; x_wconf 83' lang='lat' dir='ltr'><strong>micidio,</strong></span> <span class='ocrx_word' id='word_1_388' title='bbox 515 3376 803 3444; x_wconf 90' lang='lat' dir='ltr'><strong>adulterio,</strong></span> <span class='ocrx_word' id='word_1_389' title='bbox 856 3383 909 3430; x_wconf 88' lang='lat' dir='ltr'><strong>et</strong></span> <span class='ocrx_word' id='word_1_390' title='bbox 949 3373 1184 3444; x_wconf 88' lang='lat' dir='ltr'><strong>perjurio</strong></span> <span class='ocrx_word' id='word_1_391' title='bbox 1221 3374 1614 3444; x_wconf 90' lang='lat' dir='ltr'><strong>deprehensus,</strong></span> <span class='ocrx_word' id='word_1_392' title='bbox 1654 3388 1685 3428; x_wconf 86' lang='lat' dir='ltr'><strong>a</strong></span> <span class='ocrx_word' id='word_1_393' title='bbox 1732 3389 1825 3427; x_wconf 90' lang='lat' dir='ltr'><strong>sa-</strong></span> 
     </span>
    </p>
   </div>
   <div class='ocr_carea' id='block_1_52' title="bbox 258 3464 1825 3528">
    <p class='ocr_par' dir='ltr' id='par_1_52' title="bbox 258 3464 1825 3528">
     <span class='ocr_line' id='line_1_52' title="bbox 258 3464 1825 3528; baseline 0.003 -15"><span class='ocrx_word' id='word_1_394' title='bbox 258 3466 486 3520; x_wconf 70' lang='lat' dir='ltr'><strong>cerdotio</strong></span> <span class='ocrx_word' id='word_1_395' title='bbox 511 3466 820 3521; x_wconf 81' lang='lat' dir='ltr'><strong>divellatur.</strong></span> <span class='ocrx_word' id='word_1_396' title='bbox 857 3483 876 3517; x_wconf 69' lang='grc' dir='ltr'><strong>ι</strong></span> <span class='ocrx_word' id='word_1_397' title='bbox 906 3465 1001 3519; x_wconf 89' lang='lat' dir='ltr'><strong>His</strong></span> <span class='ocrx_word' id='word_1_398' title='bbox 1024 3464 1095 3518; x_wconf 90' lang='lat' dir='ltr'><strong>ita</strong></span> <span class='ocrx_word' id='word_1_399' title='bbox 1120 3464 1295 3528; x_wconf 90' lang='lat' dir='ltr'><strong>lectis,</strong></span> <span class='ocrx_word' id='word_1_400' title='bbox 1322 3479 1442 3517; x_wconf 90' lang='lat' dir='ltr'><strong>cum</strong></span> <span class='ocrx_word' id='word_1_401' title='bbox 1474 3464 1825 3517; x_wconf 66' lang='lat' dir='ltr'><strong>Praetextatus</strong></span> 
     </span>
    </p>
   </div>
   <div class='ocr_carea' id='block_1_53' title="bbox 259 3556 1823 3628">
    <p class='ocr_par' dir='ltr' id='par_1_53' title="bbox 259 3556 1823 3628">
     <span class='ocr_line' id='line_1_53' title="bbox 259 3556 1823 3628; baseline 0.001 -19"><span class='ocrx_word' id='word_1_402' title='bbox 259 3569 419 3613; x_wconf 75' lang='lat' dir='ltr'><strong>staret</strong></span> <span class='ocrx_word' id='word_1_403' title='bbox 453 3569 694 3628; x_wconf 88' lang='lat' dir='ltr'><strong>stupens,</strong></span> <span class='ocrx_word' id='word_1_404' title='bbox 742 3558 1159 3613; x_wconf 87' lang='lat' dir='ltr'><strong>Bertchramuus</strong></span> <span class='ocrx_word' id='word_1_405' title='bbox 1199 3558 1480 3627; x_wconf 89' lang='lat' dir='ltr'><strong>episcopus</strong></span> <span class='ocrx_word' id='word_1_406' title='bbox 1520 3557 1596 3612; x_wconf 87' lang='lat' dir='ltr'><strong>ait</strong></span> <span class='ocrx_word' id='word_1_407' title='bbox 1623 3574 1633 3603; x_wconf 77' lang='grc' dir='ltr'>ε</span> <span class='ocrx_word' id='word_1_408' title='bbox 1662 3556 1823 3625; x_wconf 86' lang='lat' dir='ltr'><strong>Audi,</strong></span> 
     </span>
    </p>
   </div>
   <div class='ocr_carea' id='block_1_54' title="bbox 259 3648 1822 3720">
    <p class='ocr_par' dir='ltr' id='par_1_54' title="bbox 259 3648 1822 3720">
     <span class='ocr_line' id='line_1_54' title="bbox 259 3648 1822 3720; baseline 0.003 -21"><span class='ocrx_word' id='word_1_409' title='bbox 259 3665 291 3699; x_wconf 89' lang='lat' dir='ltr'><strong>o</strong></span> <span class='ocrx_word' id='word_1_410' title='bbox 316 3650 470 3704; x_wconf 80' lang='lat' dir='ltr'><strong>frater</strong></span> <span class='ocrx_word' id='word_1_411' title='bbox 497 3662 549 3706; x_wconf 92' lang='lat' dir='ltr'><strong>et</strong></span> <span class='ocrx_word' id='word_1_412' title='bbox 574 3652 917 3720; x_wconf 85' lang='lat' dir='ltr'><strong>coepiscope,</strong></span> <span class='ocrx_word' id='word_1_413' title='bbox 940 3650 1062 3719; x_wconf 87' lang='lat' dir='ltr'><strong>quia</strong></span> <span class='ocrx_word' id='word_1_414' title='bbox 1087 3650 1225 3720; x_wconf 89' lang='lat' dir='ltr'><strong>regis</strong></span> <span class='ocrx_word' id='word_1_415' title='bbox 1252 3652 1475 3719; x_wconf 81' lang='lat' dir='ltr'><strong>gratiam</strong></span> <span class='ocrx_word' id='word_1_416' title='bbox 1504 3665 1609 3704; x_wconf 92' lang='lat' dir='ltr'><strong>non</strong></span> <span class='ocrx_word' id='word_1_417' title='bbox 1637 3648 1822 3719; x_wconf 85' lang='lat' dir='ltr'><strong>habes,</strong></span> 
     </span>
    </p>
   </div>
   <div class='ocr_carea' id='block_1_55' title="bbox 260 3741 1824 3816">
    <p class='ocr_par' dir='ltr' id='par_1_55' title="bbox 260 3741 1824 3816">
     <span class='ocr_line' id='line_1_55' title="bbox 260 3741 1824 3816; baseline 0.006 -24"><span class='ocrx_word' id='word_1_418' title='bbox 260 3741 475 3813; x_wconf 76' lang='lat' dir='ltr'><strong>ideoque</strong></span> <span class='ocrx_word' id='word_1_419' title='bbox 506 3759 604 3798; x_wconf 84' lang='lat' dir='ltr'><strong>nec</strong></span> <span class='ocrx_word' id='word_1_420' title='bbox 646 3752 826 3797; x_wconf 84' lang='lat' dir='ltr'><strong>nostra</strong></span> <span class='ocrx_word' id='word_1_421' title='bbox 870 3742 1129 3797; x_wconf 85' lang='lat' dir='ltr'><strong>charitate</strong></span> <span class='ocrx_word' id='word_1_422' title='bbox 1165 3742 1237 3797; x_wconf 93' lang='lat' dir='ltr'><strong>uti</strong></span> <span class='ocrx_word' id='word_1_423' title='bbox 1268 3742 1486 3814; x_wconf 80' lang='lat' dir='ltr'><strong>poteris,</strong></span> <span class='ocrx_word' id='word_1_424' title='bbox 1519 3744 1824 3816; x_wconf 70' lang='lat' dir='ltr'><strong>priusquam</strong></span> 
     </span>
    </p>
   </div>
   <div class='ocr_carea' id='block_1_56' title="bbox 261 3835 1830 3910">
    <p class='ocr_par' dir='ltr' id='par_1_56' title="bbox 261 3835 1830 3910">
     <span class='ocr_line' id='line_1_56' title="bbox 261 3835 1830 3910; baseline 0.006 -23"><span class='ocrx_word' id='word_1_425' title='bbox 261 3835 396 3904; x_wconf 78' lang='lat' dir='ltr'><strong>regis</strong></span> <span class='ocrx_word' id='word_1_426' title='bbox 445 3835 825 3909; x_wconf 70' lang='lat' dir='ltr'><strong>indulgentiam</strong></span> <span class='ocrx_word' id='word_1_427' title='bbox 877 3835 1154 3893; x_wconf 73' lang='lat' dir='ltr'><strong>mercaris.</strong></span> <span class='ocrx_word' id='word_1_428' title='bbox 1205 3836 1299 3894; x_wconf 90' lang='lat' dir='ltr'><strong>His</strong></span> <span class='ocrx_word' id='word_1_429' title='bbox 1336 3840 1409 3894; x_wconf 90' lang='lat' dir='ltr'><strong>ita</strong></span> <span class='ocrx_word' id='word_1_430' title='bbox 1449 3840 1630 3909; x_wconf 80' lang='lat' dir='ltr'><strong>gestis,</strong></span> <span class='ocrx_word' id='word_1_431' title='bbox 1675 3841 1830 3910; x_wconf 89' lang='lat' dir='ltr'><strong>petiit</strong></span> 
     </span>
    </p>
   </div>
   <div class='ocr_carea' id='block_1_57' title="bbox 260 3929 1827 3999">
    <p class='ocr_par' dir='ltr' id='par_1_57' title="bbox 260 3929 1827 3999">
     <span class='ocr_line' id='line_1_57' title="bbox 260 3929 1827 3999; baseline 0.006 -22"><span class='ocrx_word' id='word_1_432' title='bbox 260 3944 371 3990; x_wconf 76' lang='lat' dir='ltr'><strong>rex,</strong></span> <span class='ocrx_word' id='word_1_433' title='bbox 402 3940 453 3983; x_wconf 90' lang='lat' dir='ltr'><strong>ut</strong></span> <span class='ocrx_word' id='word_1_434' title='bbox 489 3940 583 3985; x_wconf 92' lang='lat' dir='ltr'><strong>aut</strong></span> <span class='ocrx_word' id='word_1_435' title='bbox 609 3932 791 3984; x_wconf 76' lang='lat' dir='ltr'><strong>tunica</strong></span> <span class='ocrx_word' id='word_1_436' title='bbox 822 3929 940 3999; x_wconf 88' lang='lat' dir='ltr'><strong>ejus</strong></span> <span class='ocrx_word' id='word_1_437' title='bbox 978 3930 1339 3998; x_wconf 76' lang='lat' dir='ltr'><strong>scinderetur,</strong></span> <span class='ocrx_word' id='word_1_438' title='bbox 1376 3940 1468 3985; x_wconf 88' lang='lat' dir='ltr'><strong>aut</strong></span> <span class='ocrx_word' id='word_1_439' title='bbox 1504 3932 1827 3987; x_wconf 84' lang='lat' dir='ltr'><strong>centesimus</strong></span> 
     </span>
    </p>
   </div>
   <div class='ocr_carea' id='block_1_58' title="bbox 262 4020 1828 4090">
    <p class='ocr_par' dir='ltr' id='par_1_58' title="bbox 262 4020 1828 4090">
     <span class='ocr_line' id='line_1_58' title="bbox 262 4020 1828 4090; baseline 0.004 -18"><span class='ocrx_word' id='word_1_440' title='bbox 262 4028 472 4074; x_wconf 88' lang='lat' dir='ltr'><strong>octavus</strong></span> <span class='ocrx_word' id='word_1_441' title='bbox 520 4021 794 4090; x_wconf 84' lang='lat' dir='ltr'><strong>psalmus,</strong></span> <span class='ocrx_word' id='word_1_442' title='bbox 845 4020 935 4089; x_wconf 90' lang='lat' dir='ltr'><strong>qui</strong></span> <span class='ocrx_word' id='word_1_443' title='bbox 981 4021 1381 4077; x_wconf 89' lang='lat' dir='ltr'><strong>maledictiones</strong></span> <span class='ocrx_word' id='word_1_444' title='bbox 1421 4022 1828 4079; x_wconf 86' lang='lat' dir='ltr'><strong>lschariothicas</strong></span> 
     </span>
    </p>
   </div>
   <div class='ocr_carea' id='block_1_59' title="bbox 261 4113 1828 4183">
    <p class='ocr_par' dir='ltr' id='par_1_59' title="bbox 261 4113 1828 4183">
     <span class='ocr_line' id='line_1_59' title="bbox 261 4113 1828 4183; baseline 0.004 -18"><span class='ocrx_word' id='word_1_445' title='bbox 261 4114 491 4169; x_wconf 87' lang='lat' dir='ltr'><strong>continet</strong></span> <span class='ocrx_word' id='word_1_446' title='bbox 518 4113 570 4181; x_wconf 69' lang='grc' dir='ltr'><strong>ι),</strong></span> <span class='ocrx_word' id='word_1_447' title='bbox 612 4129 775 4183; x_wconf 84' lang='lat' dir='ltr'><strong>super</strong></span> <span class='ocrx_word' id='word_1_448' title='bbox 820 4123 979 4181; x_wconf 92' lang='lat' dir='ltr'><strong>caput</strong></span> <span class='ocrx_word' id='word_1_449' title='bbox 1023 4114 1139 4182; x_wconf 86' lang='lat' dir='ltr'><strong>ejus</strong></span> <span class='ocrx_word' id='word_1_450' title='bbox 1180 4115 1525 4181; x_wconf 85' lang='lat' dir='ltr'><strong>recitaretur;</strong></span> <span class='ocrx_word' id='word_1_451' title='bbox 1567 4125 1657 4170; x_wconf 91' lang='lat' dir='ltr'><strong>aut</strong></span> <span class='ocrx_word' id='word_1_452' title='bbox 1681 4124 1828 4172; x_wconf 84' lang='lat' dir='ltr'><strong>certe</strong></span> 
     </span>
    </p>
   </div>
   <div class='ocr_carea' id='block_1_60' title="bbox 332 4288 1823 4358">
    <p class='ocr_par' dir='ltr' id='par_1_60' title="bbox 332 4288 1823 4358">
     <span class='ocr_line' id='line_1_60' title="bbox 332 4288 1823 4358; baseline 0.002 -17"><span class='ocrx_word' id='word_1_453' title='bbox 332 4296 356 4323; x_wconf 74' lang='grc'><strong><em>⁸</em></strong></span> <span class='ocrx_word' id='word_1_454' title='bbox 384 4288 417 4341; x_wconf 92' lang='lat' dir='ltr'><strong>li</strong></span> <span class='ocrx_word' id='word_1_455' title='bbox 446 4300 591 4356; x_wconf 87' lang='lat' dir='ltr'><strong>sunt,</strong></span> <span class='ocrx_word' id='word_1_456' title='bbox 621 4288 709 4357; x_wconf 88' lang='lat' dir='ltr'><strong>qui</strong></span> <span class='ocrx_word' id='word_1_457' title='bbox 740 4288 900 4343; x_wconf 86' lang='lat' dir='ltr'><strong>etiam</strong></span> <span class='ocrx_word' id='word_1_458' title='bbox 930 4303 1069 4342; x_wconf 89' lang='lat' dir='ltr'><strong>nunc</strong></span> <span class='ocrx_word' id='word_1_459' title='bbox 1097 4288 1255 4358; x_wconf 86' lang='lat' dir='ltr'><strong>vulgo</strong></span> <span class='ocrx_word' id='word_1_460' title='bbox 1283 4302 1514 4343; x_wconf 87' lang='lat' dir='ltr'><strong>canones</strong></span> <span class='ocrx_word' id='word_1_461' title='bbox 1542 4289 1823 4353; x_wconf 81' lang='lat' dir='ltr'><strong>apostolici</strong></span> 
     </span>
    </p>
   </div>
   <div class='ocr_carea' id='block_1_61' title="bbox 260 4358 1827 4427">
    <p class='ocr_par' dir='ltr' id='par_1_61' title="bbox 260 4358 1827 4427">
     <span class='ocr_line' id='line_1_61' title="bbox 260 4358 1827 4427; baseline 0.001 -14"><span class='ocrx_word' id='word_1_462' title='bbox 260 4361 610 4426; x_wconf 84' lang='lat' dir='ltr'><strong>appellantur,</strong></span> <span class='ocrx_word' id='word_1_463' title='bbox 636 4374 863 4427; x_wconf 90' lang='lat' dir='ltr'><strong>quorum</strong></span> <span class='ocrx_word' id='word_1_464' title='bbox 894 4358 1180 4413; x_wconf 89' lang='lat' dir='ltr'><strong>auctoritas</strong></span> <span class='ocrx_word' id='word_1_465' title='bbox 1225 4361 1277 4412; x_wconf 88' lang='lat' dir='ltr'><strong>in</strong></span> <span class='ocrx_word' id='word_1_466' title='bbox 1304 4361 1529 4413; x_wconf 87' lang='lat' dir='ltr'><strong>ecclesia</strong></span> <span class='ocrx_word' id='word_1_467' title='bbox 1556 4358 1827 4415; x_wconf 89' lang='lat' dir='ltr'><strong>Gallicana</strong></span> 
     </span>
    </p>
   </div>
   <div class='ocr_carea' id='block_1_62' title="bbox 262 4428 1821 4499">
    <p class='ocr_par' dir='ltr' id='par_1_62' title="bbox 262 4428 1821 4499">
     <span class='ocr_line' id='line_1_62' title="bbox 262 4428 1821 4499; baseline 0.003 -20"><span class='ocrx_word' id='word_1_468' title='bbox 262 4430 397 4481; x_wconf 87' lang='lat' dir='ltr'><strong>nulla</strong></span> <span class='ocrx_word' id='word_1_469' title='bbox 420 4442 546 4483; x_wconf 85' lang='lat' dir='ltr'><strong>tunc</strong></span> <span class='ocrx_word' id='word_1_470' title='bbox 566 4441 700 4483; x_wconf 75' lang='lat' dir='ltr'><strong>erat.</strong></span> <span class='ocrx_word' id='word_1_471' title='bbox 728 4429 802 4482; x_wconf 83' lang='lat' dir='ltr'><strong>De</strong></span> <span class='ocrx_word' id='word_1_472' title='bbox 826 4430 905 4481; x_wconf 92' lang='lat' dir='ltr'><strong>his</strong></span> <span class='ocrx_word' id='word_1_473' title='bbox 930 4429 1243 4499; x_wconf 86' lang='lat' dir='ltr'><strong>Hincmarus</strong></span> <span class='ocrx_word' id='word_1_474' title='bbox 1266 4429 1501 4499; x_wconf 86' lang='lat' dir='ltr'><strong>loquitur</strong></span> <span class='ocrx_word' id='word_1_475' title='bbox 1523 4444 1704 4496; x_wconf 89' lang='lat' dir='ltr'><strong>opusc.</strong></span> <span class='ocrx_word' id='word_1_476' title='bbox 1729 4428 1821 4484; x_wconf 71' lang='lat'><strong>24.</strong></span> 
     </span>
    </p>
   </div>
   <div class='ocr_carea' id='block_1_63' title="bbox 260 4498 1826 4563">
    <p class='ocr_par' dir='ltr' id='par_1_63' title="bbox 260 4498 1826 4563">
     <span class='ocr_line' id='line_1_63' title="bbox 260 4498 1826 4563; baseline 0.002 -11"><span class='ocrx_word' id='word_1_477' title='bbox 260 4500 358 4563; x_wconf 67' lang='lat' dir='ltr'><strong>Qui</strong></span> <span class='ocrx_word' id='word_1_478' title='bbox 398 4513 573 4553; x_wconf 90' lang='lat' dir='ltr'><strong>autem</strong></span> <span class='ocrx_word' id='word_1_479' title='bbox 604 4501 689 4553; x_wconf 92' lang='lat' dir='ltr'><strong>hic</strong></span> <span class='ocrx_word' id='word_1_480' title='bbox 734 4500 997 4561; x_wconf 86' lang='lat' dir='ltr'><strong>laudatur,</strong></span> <span class='ocrx_word' id='word_1_481' title='bbox 1046 4514 1193 4551; x_wconf 89' lang='lat' dir='ltr'><strong>num.</strong></span> <span class='ocrx_word' id='word_1_482' title='bbox 1222 4498 1289 4551; x_wconf 73' lang='grc'><strong>21</strong></span> <span class='ocrx_word' id='word_1_483' title='bbox 1317 4498 1432 4562; x_wconf 86' lang='lat' dir='ltr'><strong>est;</strong></span> <span class='ocrx_word' id='word_1_484' title='bbox 1464 4499 1555 4551; x_wconf 87' lang='lat' dir='ltr'><strong>sed</strong></span> <span class='ocrx_word' id='word_1_485' title='bbox 1588 4514 1690 4553; x_wconf 93' lang='lat' dir='ltr'><strong>non</strong></span> <span class='ocrx_word' id='word_1_486' title='bbox 1717 4500 1826 4554; x_wconf 80' lang='lat' dir='ltr'><strong>sin-</strong></span> 
     </span>
    </p>
   </div>
   <div class='ocr_carea' id='block_1_64' title="bbox 257 4568 1825 4639">
    <p class='ocr_par' dir='ltr' id='par_1_64' title="bbox 257 4568 1825 4639">
     <span class='ocr_line' id='line_1_64' title="bbox 257 4568 1825 4639; baseline 0 -16"><span class='ocrx_word' id='word_1_487' title='bbox 257 4586 377 4624; x_wconf 85' lang='lat' dir='ltr'><strong>cere</strong></span> <span class='ocrx_word' id='word_1_488' title='bbox 398 4587 427 4624; x_wconf 92' lang='lat' dir='ltr'><strong>a</strong></span> <span class='ocrx_word' id='word_1_489' title='bbox 453 4569 755 4625; x_wconf 68' lang='lat' dir='ltr'><strong>Praetextati</strong></span> <span class='ocrx_word' id='word_1_490' title='bbox 778 4570 1098 4622; x_wconf 80' lang='lat' dir='ltr'><strong>adversariis</strong></span> <span class='ocrx_word' id='word_1_491' title='bbox 1126 4569 1321 4622; x_wconf 86' lang='lat' dir='ltr'><strong>relatus</strong></span> <span class='ocrx_word' id='word_1_492' title='bbox 1341 4577 1443 4623; x_wconf 88' lang='lat' dir='ltr'><strong>est.</strong></span> <span class='ocrx_word' id='word_1_493' title='bbox 1468 4568 1607 4635; x_wconf 73' lang='lat' dir='ltr'><strong>Nihil</strong></span> <span class='ocrx_word' id='word_1_494' title='bbox 1629 4570 1825 4639; x_wconf 86' lang='lat' dir='ltr'><strong>quippe</strong></span> 
     </span>
    </p>
   </div>
   <div class='ocr_carea' id='block_1_65' title="bbox 260 4640 1825 4709">
    <p class='ocr_par' dir='ltr' id='par_1_65' title="bbox 260 4640 1825 4709">
     <span class='ocr_line' id='line_1_65' title="bbox 260 4640 1825 4709; baseline 0.002 -17"><span class='ocrx_word' id='word_1_495' title='bbox 260 4642 310 4692; x_wconf 87' lang='lat' dir='ltr'><strong>in</strong></span> <span class='ocrx_word' id='word_1_496' title='bbox 337 4657 399 4694; x_wconf 89' lang='lat' dir='ltr'><strong>eo</strong></span> <span class='ocrx_word' id='word_1_497' title='bbox 428 4642 656 4695; x_wconf 74' lang='lat' dir='ltr'><strong>habetur</strong></span> <span class='ocrx_word' id='word_1_498' title='bbox 685 4641 749 4692; x_wconf 91' lang='lat' dir='ltr'><strong>de</strong></span> <span class='ocrx_word' id='word_1_499' title='bbox 779 4640 1085 4701; x_wconf 85' lang='lat' dir='ltr'><strong>homicidio,</strong></span> <span class='ocrx_word' id='word_1_500' title='bbox 1120 4654 1216 4706; x_wconf 89' lang='lat' dir='ltr'><strong>pro</strong></span> <span class='ocrx_word' id='word_1_501' title='bbox 1240 4656 1342 4707; x_wconf 89' lang='lat' dir='ltr'><strong>qua</strong></span> <span class='ocrx_word' id='word_1_502' title='bbox 1374 4653 1502 4693; x_wconf 80' lang='lat' dir='ltr'><strong>voce</strong></span> <span class='ocrx_word' id='word_1_503' title='bbox 1550 4642 1743 4709; x_wconf 78' lang='lat' dir='ltr'><strong>legitur</strong></span> <span class='ocrx_word' id='word_1_504' title='bbox 1771 4644 1825 4695; x_wconf 92' lang='lat' dir='ltr'><strong>in</strong></span> 
     </span>
    </p>
   </div>
   <div class='ocr_carea' id='block_1_66' title="bbox 260 4709 1824 4779">
    <p class='ocr_par' dir='ltr' id='par_1_66' title="bbox 260 4709 1824 4779">
     <span class='ocr_line' id='line_1_66' title="bbox 260 4709 1824 4779; baseline 0.001 -18"><span class='ocrx_word' id='word_1_505' title='bbox 260 4713 373 4779; x_wconf 84' lang='lat' dir='ltr'><strong>ipso</strong></span> <span class='ocrx_word' id='word_1_506' title='bbox 417 4727 630 4765; x_wconf 89' lang='lat' dir='ltr'><strong>canone</strong></span> <span class='ocrx_word' id='word_1_507' title='bbox 672 4712 828 4778; x_wconf 79' lang='lat' dir='ltr'><strong>furto.</strong></span> <span class='ocrx_word' id='word_1_508' title='bbox 883 4711 956 4762; x_wconf 89' lang='lat' dir='ltr'><strong>De</strong></span> <span class='ocrx_word' id='word_1_509' title='bbox 999 4724 1259 4762; x_wconf 89' lang='lat' dir='ltr'><strong>canonum</strong></span> <span class='ocrx_word' id='word_1_510' title='bbox 1286 4709 1637 4773; x_wconf 86' lang='lat' dir='ltr'><strong>Collectione,</strong></span> <span class='ocrx_word' id='word_1_511' title='bbox 1668 4726 1824 4776; x_wconf 90' lang='lat' dir='ltr'><strong>quam</strong></span> 
     </span>
    </p>
   </div>
   <div class='ocr_carea' id='block_1_67' title="bbox 260 4780 1827 4851">
    <p class='ocr_par' dir='ltr' id='par_1_67' title="bbox 260 4780 1827 4851">
     <span class='ocr_line' id='line_1_67' title="bbox 260 4780 1827 4851; baseline 0.002 -19"><span class='ocrx_word' id='word_1_512' title='bbox 260 4785 342 4835; x_wconf 82' lang='lat' dir='ltr'><strong>hic</strong></span> <span class='ocrx_word' id='word_1_513' title='bbox 361 4782 653 4851; x_wconf 83' lang='lat' dir='ltr'><strong>Gregorius</strong></span> <span class='ocrx_word' id='word_1_514' title='bbox 679 4783 875 4843; x_wconf 89' lang='lat' dir='ltr'><strong>laudat,</strong></span> <span class='ocrx_word' id='word_1_515' title='bbox 898 4789 950 4851; x_wconf 78' lang='lat' dir='ltr'><strong>et</strong></span> <span class='ocrx_word' id='word_1_516' title='bbox 977 4782 1041 4832; x_wconf 87' lang='lat' dir='ltr'><strong>de</strong></span> <span class='ocrx_word' id='word_1_517' title='bbox 1064 4780 1355 4851; x_wconf 84' lang='lat' dir='ltr'><strong>canonibus</strong></span> <span class='ocrx_word' id='word_1_518' title='bbox 1376 4781 1679 4851; x_wconf 77' lang='lat' dir='ltr'><strong>apostolicis</strong></span> <span class='ocrx_word' id='word_1_519' title='bbox 1707 4782 1827 4835; x_wconf 70' lang='lat' dir='ltr'><strong>vine</strong></span> 
     </span>
    </p>
   </div>
   <div class='ocr_carea' id='block_1_68' title="bbox 258 4848 1823 4906">
    <p class='ocr_par' dir='ltr' id='par_1_68' title="bbox 258 4848 1823 4906">
     <span class='ocr_line' id='line_1_68' title="bbox 258 4848 1823 4906; baseline -0.001 -1"><span class='ocrx_word' id='word_1_520' title='bbox 258 4848 520 4906; x_wconf 82' lang='lat' dir='ltr'><strong>Cointium</strong></span> <span class='ocrx_word' id='word_1_521' title='bbox 571 4852 637 4904; x_wconf 89' lang='lat' dir='ltr'><strong>ad</strong></span> <span class='ocrx_word' id='word_1_522' title='bbox 681 4866 875 4903; x_wconf 90' lang='lat' dir='ltr'><strong>annum</strong></span> <span class='ocrx_word' id='word_1_523' title='bbox 914 4848 1013 4902; x_wconf 84' lang='lat'><strong>577</strong></span> <span class='ocrx_word' id='word_1_524' title='bbox 1042 4851 1107 4902; x_wconf 88' lang='lat' dir='ltr'><strong>de</strong></span> <span class='ocrx_word' id='word_1_525' title='bbox 1152 4849 1219 4902; x_wconf 87' lang='lat' dir='ltr'><strong>iis</strong></span> <span class='ocrx_word' id='word_1_526' title='bbox 1247 4850 1412 4903; x_wconf 82' lang='lat' dir='ltr'><strong>fusius</strong></span> <span class='ocrx_word' id='word_1_527' title='bbox 1454 4850 1823 4904; x_wconf 82' lang='lat' dir='ltr'><strong>disserentem.</strong></span> 
     </span>
    </p>
   </div>
   <div class='ocr_carea' id='block_1_69' title="bbox 264 4919 1825 4986">
    <p class='ocr_par' dir='ltr' id='par_1_69' title="bbox 264 4919 1825 4986">
     <span class='ocr_line' id='line_1_69' title="bbox 264 4919 1825 4986; baseline 0 -11"><span class='ocrx_word' id='word_1_528' title='bbox 264 4922 333 4975; x_wconf 78' lang='lat' dir='ltr'><strong>Ex</strong></span> <span class='ocrx_word' id='word_1_529' title='bbox 359 4924 459 4977; x_wconf 93' lang='lat' dir='ltr'><strong>hoc</strong></span> <span class='ocrx_word' id='word_1_530' title='bbox 503 4934 684 4975; x_wconf 91' lang='lat' dir='ltr'><strong>autem</strong></span> <span class='ocrx_word' id='word_1_531' title='bbox 732 4920 847 4975; x_wconf 91' lang='lat' dir='ltr'><strong>loco</strong></span> <span class='ocrx_word' id='word_1_532' title='bbox 879 4921 941 4973; x_wconf 86' lang='lat' dir='ltr'><strong>V.</strong></span> <span class='ocrx_word' id='word_1_533' title='bbox 970 4920 1050 4973; x_wconf 89' lang='lat' dir='ltr'><strong>Cl.</strong></span> <span class='ocrx_word' id='word_1_534' title='bbox 1083 4919 1395 4973; x_wconf 86' lang='lat' dir='ltr'><strong>Paschasius</strong></span> <span class='ocrx_word' id='word_1_535' title='bbox 1416 4920 1750 4986; x_wconf 83' lang='lat' dir='ltr'><strong>Quesnelius,</strong></span> <span class='ocrx_word' id='word_1_536' title='bbox 1774 4924 1825 4975; x_wconf 92' lang='lat' dir='ltr'><strong>in</strong></span> 
     </span>
    </p>
   </div>
   <div class='ocr_carea' id='block_1_70' title="bbox 260 4989 1829 5058">
    <p class='ocr_par' dir='ltr' id='par_1_70' title="bbox 260 4989 1829 5058">
     <span class='ocr_line' id='line_1_70' title="bbox 260 4989 1829 5058; baseline 0.001 -14"><span class='ocrx_word' id='word_1_537' title='bbox 260 4994 638 5047; x_wconf 80' lang='lat' dir='ltr'><strong>dissertatione</strong></span> <span class='ocrx_word' id='word_1_538' title='bbox 683 5007 769 5044; x_wconf 81' lang='lat' dir='ltr'><strong>xv:</strong></span> <span class='ocrx_word' id='word_1_539' title='bbox 813 4990 876 5042; x_wconf 89' lang='lat' dir='ltr'><strong>ad</strong></span> <span class='ocrx_word' id='word_1_540' title='bbox 906 5005 1065 5057; x_wconf 89' lang='lat' dir='ltr'><strong>opera</strong></span> <span class='ocrx_word' id='word_1_541' title='bbox 1114 4991 1171 5043; x_wconf 85' lang='lat' dir='ltr'><strong>S.</strong></span> <span class='ocrx_word' id='word_1_542' title='bbox 1202 4989 1394 5042; x_wconf 83' lang='lat' dir='ltr'><strong>Leonis</strong></span> <span class='ocrx_word' id='word_1_543' title='bbox 1438 5005 1607 5058; x_wconf 63' lang='lat' dir='ltr'><strong>papae,</strong></span> <span class='ocrx_word' id='word_1_544' title='bbox 1641 4993 1829 5057; x_wconf 87' lang='lat' dir='ltr'><strong>probat</strong></span> 
     </span>
    </p>
   </div>
   <div class='ocr_carea' id='block_1_71' title="bbox 260 5060 1828 5133">
    <p class='ocr_par' dir='ltr' id='par_1_71' title="bbox 260 5060 1828 5133">
     <span class='ocr_line' id='line_1_71' title="bbox 260 5060 1828 5133; baseline 0 -19"><span class='ocrx_word' id='word_1_545' title='bbox 260 5064 497 5133; x_wconf 79' lang='lat' dir='ltr'><strong>Dionysii</strong></span> <span class='ocrx_word' id='word_1_546' title='bbox 533 5060 1365 5133; x_wconf 23' lang='lat' dir='ltr'><strong>Exiguicollectionem;nondum</strong></span> <span class='ocrx_word' id='word_1_547' title='bbox 1411 5070 1535 5133; x_wconf 88' lang='lat' dir='ltr'><strong>tunc</strong></span> <span class='ocrx_word' id='word_1_548' title='bbox 1574 5063 1828 5133; x_wconf 79' lang='lat' dir='ltr'><strong>temporis</strong></span> 
     </span>
    </p>
   </div>
   <div class='ocr_carea' id='block_1_72' title="bbox 259 5129 1829 5200">
    <p class='ocr_par' dir='ltr' id='par_1_72' title="bbox 259 5129 1829 5200">
     <span class='ocr_line' id='line_1_72' title="bbox 259 5129 1829 5200; baseline -0.003 -15"><span class='ocrx_word' id='word_1_549' title='bbox 259 5133 310 5185; x_wconf 82' lang='lat' dir='ltr'><strong>in</strong></span> <span class='ocrx_word' id='word_1_550' title='bbox 340 5129 527 5188; x_wconf 78' lang='lat' dir='ltr'><strong>Galliis</strong></span> <span class='ocrx_word' id='word_1_551' title='bbox 567 5129 731 5185; x_wconf 76' lang='lat' dir='ltr'><strong>fuisse</strong></span> <span class='ocrx_word' id='word_1_552' title='bbox 770 5140 1057 5200; x_wconf 86' lang='lat' dir='ltr'><strong>receptam.</strong></span> <span class='ocrx_word' id='word_1_553' title='bbox 1099 5129 1375 5200; x_wconf 89' lang='lat' dir='ltr'><strong>Dionysius</strong></span> <span class='ocrx_word' id='word_1_554' title='bbox 1402 5132 1596 5199; x_wconf 91' lang='lat' dir='ltr'><strong>quippe</strong></span> <span class='ocrx_word' id='word_1_555' title='bbox 1622 5129 1829 5185; x_wconf 64' lang='lat' dir='ltr'><strong>caneris</strong></span> 
     </span>
    </p>
   </div>
   <div class='ocr_carea' id='block_1_73' title="bbox 261 5199 1828 5271">
    <p class='ocr_par' dir='ltr' id='par_1_73' title="bbox 261 5199 1828 5271">
     <span class='ocr_line' id='line_1_73' title="bbox 261 5199 1828 5271; baseline -0.004 -14"><span class='ocrx_word' id='word_1_556' title='bbox 261 5220 487 5258; x_wconf 89' lang='lat' dir='ltr'><strong>canones</strong></span> <span class='ocrx_word' id='word_1_557' title='bbox 540 5202 864 5271; x_wconf 89' lang='lat' dir='ltr'><strong>apostolicos</strong></span> <span class='ocrx_word' id='word_1_558' title='bbox 897 5199 1191 5268; x_wconf 61' lang='lat' dir='ltr'><strong>praemittit,</strong></span> <span class='ocrx_word' id='word_1_559' title='bbox 1221 5199 1351 5268; x_wconf 83' lang='lat' dir='ltr'><strong>quos</strong></span> <span class='ocrx_word' id='word_1_560' title='bbox 1379 5202 1431 5252; x_wconf 89' lang='lat' dir='ltr'><strong>in</strong></span> <span class='ocrx_word' id='word_1_561' title='bbox 1462 5200 1646 5271; x_wconf 72' lang='lat' dir='ltr'><strong>codice</strong></span> <span class='ocrx_word' id='word_1_562' title='bbox 1666 5200 1828 5254; x_wconf 87' lang='lat' dir='ltr'><strong>Calli-</strong></span> 
     </span>
    </p>
   </div>
   <div class='ocr_carea' id='block_1_74' title="bbox 261 5269 1828 5338">
    <p class='ocr_par' dir='ltr' id='par_1_74' title="bbox 261 5269 1828 5338">
     <span class='ocr_line' id='line_1_74' title="bbox 261 5269 1828 5338; baseline -0.003 -10"><span class='ocrx_word' id='word_1_563' title='bbox 261 5288 390 5327; x_wconf 83' lang='lat' dir='ltr'><strong>cano</strong></span> <span class='ocrx_word' id='word_1_564' title='bbox 421 5284 548 5328; x_wconf 89' lang='lat' dir='ltr'><strong>tunc</strong></span> <span class='ocrx_word' id='word_1_565' title='bbox 579 5269 685 5325; x_wconf 79' lang='lat' dir='ltr'><strong>non</strong></span> <span class='ocrx_word' id='word_1_566' title='bbox 729 5271 994 5325; x_wconf 82' lang='lat' dir='ltr'><strong>exstitisse</strong></span> <span class='ocrx_word' id='word_1_567' title='bbox 1024 5271 1257 5324; x_wconf 88' lang='lat' dir='ltr'><strong>indicant</strong></span> <span class='ocrx_word' id='word_1_568' title='bbox 1284 5272 1441 5322; x_wconf 91' lang='lat' dir='ltr'><strong>verba</strong></span> <span class='ocrx_word' id='word_1_569' title='bbox 1473 5269 1709 5338; x_wconf 81' lang='lat' dir='ltr'><strong>Gregorii</strong></span> <span class='ocrx_word' id='word_1_570' title='bbox 1742 5286 1828 5323; x_wconf 89' lang='lat' dir='ltr'><strong>re-</strong></span> 
     </span>
    </p>
   </div>
   <div class='ocr_carea' id='block_1_75' title="bbox 265 5341 1831 5411">
    <p class='ocr_par' dir='ltr' id='par_1_75' title="bbox 265 5341 1831 5411">
     <span class='ocr_line' id='line_1_75' title="bbox 265 5341 1831 5411; baseline -0.004 -15"><span class='ocrx_word' id='word_1_571' title='bbox 265 5344 643 5411; x_wconf 88' lang='lat' dir='ltr'><strong>prehendentis</strong></span> <span class='ocrx_word' id='word_1_572' title='bbox 674 5343 898 5410; x_wconf 82' lang='lat' dir='ltr'><strong>Regem,</strong></span> <span class='ocrx_word' id='word_1_573' title='bbox 921 5341 1059 5409; x_wconf 88' lang='lat' dir='ltr'><strong>quod</strong></span> <span class='ocrx_word' id='word_1_574' title='bbox 1092 5355 1285 5392; x_wconf 87' lang='lat' dir='ltr'><strong>novum</strong></span> <span class='ocrx_word' id='word_1_575' title='bbox 1317 5342 1715 5409; x_wconf 84' lang='lat' dir='ltr'><strong>quaternionem</strong></span> <span class='ocrx_word' id='word_1_576' title='bbox 1746 5357 1831 5411; x_wconf 66' lang='lat' dir='ltr'><strong>cg-</strong></span> 
     </span>
    </p>
   </div>
   <div class='ocr_carea' id='block_1_76' title="bbox 267 5410 1833 5485">
    <p class='ocr_par' dir='ltr' id='par_1_76' title="bbox 267 5410 1833 5485">
     <span class='ocr_line' id='line_1_76' title="bbox 267 5410 1833 5485; baseline -0.001 -20"><span class='ocrx_word' id='word_1_577' title='bbox 267 5410 411 5468; x_wconf 78' lang='lat' dir='ltr'><strong>nones</strong></span> <span class='ocrx_word' id='word_1_578' title='bbox 454 5416 605 5485; x_wconf 79' lang='lat' dir='ltr'><strong>quasi</strong></span> <span class='ocrx_word' id='word_1_579' title='bbox 627 5413 945 5481; x_wconf 79' lang='lat' dir='ltr'><strong>Apostolicos</strong></span> <span class='ocrx_word' id='word_1_580' title='bbox 990 5412 1349 5485; x_wconf 87' lang='lat' dir='ltr'><strong>continentem</strong></span> <span class='ocrx_word' id='word_1_581' title='bbox 1399 5412 1725 5485; x_wconf 81' lang='lat' dir='ltr'><strong>inseruissel.</strong></span> <span class='ocrx_word' id='word_1_582' title='bbox 1768 5410 1833 5485; x_wconf 59' lang='lat' dir='ltr'><strong>Et</strong></span> 
     </span>
    </p>
   </div>
   <div class='ocr_carea' id='block_1_77' title="bbox 266 5481 1830 5552">
    <p class='ocr_par' dir='ltr' id='par_1_77' title="bbox 266 5481 1830 5552">
     <span class='ocr_line' id='line_1_77' title="bbox 266 5481 1830 5552; baseline -0.001 -18"><span class='ocrx_word' id='word_1_583' title='bbox 266 5481 475 5552; x_wconf 80' lang='lat' dir='ltr'><strong>quidem</strong></span> <span class='ocrx_word' id='word_1_584' title='bbox 518 5486 779 5539; x_wconf 86' lang='lat' dir='ltr'><strong>habemus</strong></span> <span class='ocrx_word' id='word_1_585' title='bbox 818 5498 923 5552; x_wconf 76' lang='lat' dir='ltr'><strong>prze</strong></span> <span class='ocrx_word' id='word_1_586' title='bbox 962 5484 1202 5535; x_wconf 89' lang='lat' dir='ltr'><strong>manibus</strong></span> <span class='ocrx_word' id='word_1_587' title='bbox 1238 5482 1651 5552; x_wconf 85' lang='lat' dir='ltr'><strong>vetustissimum</strong></span> <span class='ocrx_word' id='word_1_588' title='bbox 1685 5481 1830 5552; x_wconf 84' lang='lat' dir='ltr'><strong>codi-</strong></span> 
     </span>
    </p>
   </div>
   <div class='ocr_carea' id='block_1_78' title="bbox 270 5551 1836 5612">
    <p class='ocr_par' dir='ltr' id='par_1_78' title="bbox 270 5551 1836 5612">
     <span class='ocr_line' id='line_1_78' title="bbox 270 5551 1836 5612; baseline -0.002 -5"><span class='ocrx_word' id='word_1_589' title='bbox 270 5570 371 5608; x_wconf 88' lang='lat' dir='ltr'><strong>cem</strong></span> <span class='ocrx_word' id='word_1_590' title='bbox 404 5572 667 5612; x_wconf 83' lang='lat' dir='ltr'><strong>canonum</strong></span> <span class='ocrx_word' id='word_1_591' title='bbox 703 5551 953 5607; x_wconf 79' lang='lat' dir='ltr'><strong>Ecclesia:</strong></span> <span class='ocrx_word' id='word_1_592' title='bbox 982 5552 1287 5612; x_wconf 66' lang='lat' dir='ltr'><strong>Gallienum,</strong></span> <span class='ocrx_word' id='word_1_593' title='bbox 1315 5567 1379 5604; x_wconf 86' lang='lat' dir='ltr'><strong>ex</strong></span> <span class='ocrx_word' id='word_1_594' title='bbox 1407 5551 1503 5604; x_wconf 88' lang='lat' dir='ltr'><strong>Ms.</strong></span> <span class='ocrx_word' id='word_1_595' title='bbox 1530 5551 1836 5604; x_wconf 90' lang='lat' dir='ltr'><strong>Corbeiensi</strong></span> 
     </span>
    </p>
   </div>
   <div class='ocr_carea' id='block_1_79' title="bbox 273 5621 1836 5695">
    <p class='ocr_par' dir='ltr' id='par_1_79' title="bbox 273 5621 1836 5695">
     <span class='ocr_line' id='line_1_79' title="bbox 273 5621 1836 5695; baseline -0.001 -20"><span class='ocrx_word' id='word_1_596' title='bbox 273 5637 495 5693; x_wconf 74' lang='lat' dir='ltr'><strong>tempore</strong></span> <span class='ocrx_word' id='word_1_597' title='bbox 529 5626 707 5695; x_wconf 75' lang='lat' dir='ltr'><strong>V&#39;igilii</strong></span> <span class='ocrx_word' id='word_1_598' title='bbox 744 5638 893 5692; x_wconf 68' lang='lat' dir='ltr'><strong>papa:</strong></span> <span class='ocrx_word' id='word_1_599' title='bbox 920 5623 1326 5695; x_wconf 87' lang='lat' dir='ltr'><strong>conscripto,_in</strong></span> <span class='ocrx_word' id='word_1_600' title='bbox 1352 5637 1457 5689; x_wconf 89' lang='lat' dir='ltr'><strong>quo</strong></span> <span class='ocrx_word' id='word_1_601' title='bbox 1482 5621 1641 5695; x_wconf 73' lang='lat' dir='ltr'><strong>et_isti</strong></span> <span class='ocrx_word' id='word_1_602' title='bbox 1672 5636 1836 5673; x_wconf 80' lang='lat' dir='ltr'><strong>cano-</strong></span> 
     </span>
    </p>
   </div>
   <div class='ocr_carea' id='block_1_80' title="bbox 274 5692 1838 5757">
    <p class='ocr_par' dir='ltr' id='par_1_80' title="bbox 274 5692 1838 5757">
     <span class='ocr_line' id='line_1_80' title="bbox 274 5692 1838 5757; baseline -0.001 -8"><span class='ocrx_word' id='word_1_603' title='bbox 274 5692 777 5757; x_wconf 58' lang='lat' dir='ltr'><strong>uesidesnderantur.</strong></span> <span class='ocrx_word' id='word_1_604' title='bbox 816 5703 866 5749; x_wconf 86' lang='lat' dir='ltr'><strong>et</strong></span> <span class='ocrx_word' id='word_1_605' title='bbox 897 5705 1207 5749; x_wconf 70' lang='lat' dir='ltr'><strong>cancrorum</strong></span> <span class='ocrx_word' id='word_1_606' title='bbox 1230 5692 1505 5747; x_wconf 86' lang='lat' dir='ltr'><strong>Canooum</strong></span> <span class='ocrx_word' id='word_1_607' title='bbox 1532 5692 1838 5748; x_wconf 78' lang='lat' dir='ltr'><strong>Graecorum</strong></span> 
     </span>
    </p>
   </div>
   <div class='ocr_carea' id='block_1_81' title="bbox 1926 1819 3491 1889">
    <p class='ocr_par' dir='ltr' id='par_1_81' title="bbox 1926 1819 3491 1889">
     <span class='ocr_line' id='line_1_81' title="bbox 1926 1819 3491 1889; baseline 0.001 -16"><span class='ocrx_word' id='word_1_608' title='bbox 1926 1820 2013 1888; x_wconf 90' lang='lat' dir='ltr'><strong>qui</strong></span> <span class='ocrx_word' id='word_1_609' title='bbox 2034 1819 2101 1873; x_wconf 88' lang='lat' dir='ltr'><strong>ab</strong></span> <span class='ocrx_word' id='word_1_610' title='bbox 2122 1819 2337 1873; x_wconf 90' lang='lat' dir='ltr'><strong>Oriente</strong></span> <span class='ocrx_word' id='word_1_611' title='bbox 2358 1830 2634 1887; x_wconf 83' lang='lat' dir='ltr'><strong>surgentes</strong></span> <span class='ocrx_word' id='word_1_612' title='bbox 2655 1820 2721 1872; x_wconf 90' lang='lat' dir='ltr'><strong>ad</strong></span> <span class='ocrx_word' id='word_1_613' title='bbox 2739 1820 3079 1875; x_wconf 77' lang='lat' dir='ltr'><strong>Uceidentem</strong></span> <span class='ocrx_word' id='word_1_614' title='bbox 3105 1822 3455 1889; x_wconf 87' lang='lat' dir='ltr'><strong>properabant</strong></span> <span class='ocrx_word' id='word_1_615' title='bbox 3478 1839 3491 1875; x_wconf 92' lang='lat'>:</span> 
     </span>
    </p>
   </div>
   <div class='ocr_carea' id='block_1_82' title="bbox 1925 1910 3525 1979">
    <p class='ocr_par' dir='ltr' id='par_1_82' title="bbox 1925 1910 3525 1979">
     <span class='ocr_line' id='line_1_82' title="bbox 1925 1910 3525 1979; baseline 0.003 -15"><span class='ocrx_word' id='word_1_616' title='bbox 1925 1925 1991 1964; x_wconf 89' lang='lat' dir='ltr'><strong>ex</strong></span> <span class='ocrx_word' id='word_1_617' title='bbox 2028 1910 2219 1979; x_wconf 90' lang='lat' dir='ltr'><strong>quibus</strong></span> <span class='ocrx_word' id='word_1_618' title='bbox 2259 1927 2392 1965; x_wconf 91' lang='lat' dir='ltr'><strong>unus</strong></span> <span class='ocrx_word' id='word_1_619' title='bbox 2426 1912 2679 1978; x_wconf 87' lang='lat' dir='ltr'><strong>prolixior</strong></span> <span class='ocrx_word' id='word_1_620' title='bbox 2723 1921 2774 1965; x_wconf 90' lang='lat' dir='ltr'><strong>et</strong></span> <span class='ocrx_word' id='word_1_621' title='bbox 2819 1912 2935 1964; x_wconf 90' lang='lat' dir='ltr'><strong>aliis</strong></span> <span class='ocrx_word' id='word_1_622' title='bbox 2975 1912 3398 1979; x_wconf 74' lang='lat' dir='ltr'><strong>supereminens,</strong></span> <span class='ocrx_word' id='word_1_623' title='bbox 3440 1922 3525 1969; x_wconf 73' lang='lat' dir='ltr'><strong>ut,</strong></span> 
     </span>
    </p>
   </div>
   <div class='ocr_carea' id='block_1_83' title="bbox 1924 2001 3509 2071">
    <p class='ocr_par' dir='ltr' id='par_1_83' title="bbox 1924 2001 3509 2071">
     <span class='ocr_line' id='line_1_83' title="bbox 1924 2001 3509 2071; baseline 0 -16"><span class='ocrx_word' id='word_1_624' title='bbox 1924 2010 2010 2056; x_wconf 89' lang='lat' dir='ltr'><strong>est</strong></span> <span class='ocrx_word' id='word_1_625' title='bbox 2044 2002 2093 2055; x_wconf 91' lang='lat' dir='ltr'><strong>in</strong></span> <span class='ocrx_word' id='word_1_626' title='bbox 2124 2002 2349 2055; x_wconf 91' lang='lat' dir='ltr'><strong>sublime</strong></span> <span class='ocrx_word' id='word_1_627' title='bbox 2373 2002 2565 2066; x_wconf 90' lang='lat' dir='ltr'><strong>elatus,</strong></span> <span class='ocrx_word' id='word_1_628' title='bbox 2601 2016 2719 2054; x_wconf 93' lang='lat' dir='ltr'><strong>mox</strong></span> <span class='ocrx_word' id='word_1_629' title='bbox 2748 2001 2969 2065; x_wconf 84' lang='lat' dir='ltr'><strong>defecit;</strong></span> <span class='ocrx_word' id='word_1_630' title='bbox 3002 2010 3054 2055; x_wconf 92' lang='lat' dir='ltr'><strong>et</strong></span> <span class='ocrx_word' id='word_1_631' title='bbox 3092 2002 3167 2054; x_wconf 92' lang='lat' dir='ltr'><strong>sic</strong></span> <span class='ocrx_word' id='word_1_632' title='bbox 3194 2001 3379 2071; x_wconf 91' lang='lat' dir='ltr'><strong>reliqui</strong></span> <span class='ocrx_word' id='word_1_633' title='bbox 3401 2005 3509 2069; x_wconf 46' lang='lat' dir='ltr'><strong>qui.</strong></span> 
     </span>
    </p>
   </div>
   <div class='ocr_carea' id='block_1_84' title="bbox 1923 2090 3494 2156">
    <p class='ocr_par' dir='ltr' id='par_1_84' title="bbox 1923 2090 3494 2156">
     <span class='ocr_line' id='line_1_84' title="bbox 1923 2090 3494 2156; baseline -0.001 -10"><span class='ocrx_word' id='word_1_634' title='bbox 1923 2092 2092 2146; x_wconf 89' lang='lat' dir='ltr'><strong>secuti</strong></span> <span class='ocrx_word' id='word_1_635' title='bbox 2138 2090 2367 2156; x_wconf 85' lang='lat' dir='ltr'><strong>fuerant,</strong></span> <span class='ocrx_word' id='word_1_636' title='bbox 2408 2102 2758 2147; x_wconf 88' lang='lat' dir='ltr'><strong>evanuerunt.</strong></span> <span class='ocrx_word' id='word_1_637' title='bbox 2798 2091 2970 2146; x_wconf 84' lang='lat' dir='ltr'><strong>Credo</strong></span> <span class='ocrx_word' id='word_1_638' title='bbox 3014 2092 3284 2146; x_wconf 89' lang='lat' dir='ltr'><strong>interitum</strong></span> <span class='ocrx_word' id='word_1_639' title='bbox 3323 2093 3494 2146; x_wconf 88' lang='lat' dir='ltr'><strong>Mero-</strong></span> 
     </span>
    </p>
   </div>
   <div class='ocr_carea' id='block_1_85' title="bbox 1926 2183 3494 2253">
    <p class='ocr_par' dir='ltr' id='par_1_85' title="bbox 1926 2183 3494 2253">
     <span class='ocr_line' id='line_1_85' title="bbox 1926 2183 3494 2253; baseline -0.004 -12"><span class='ocrx_word' id='word_1_640' title='bbox 1926 2184 2083 2241; x_wconf 89' lang='lat' dir='ltr'><strong>vechi</strong></span> <span class='ocrx_word' id='word_1_641' title='bbox 2125 2185 2517 2253; x_wconf 90' lang='lat' dir='ltr'><strong>pronuntiasse.</strong></span> <span class='ocrx_word' id='word_1_642' title='bbox 2569 2184 2912 2239; x_wconf 82' lang='lat' dir='ltr'><strong>Merovechus</strong></span> <span class='ocrx_word' id='word_1_643' title='bbox 2956 2200 3080 2237; x_wconf 82' lang='lat' dir='ltr'><strong>vero</strong></span> <span class='ocrx_word' id='word_1_644' title='bbox 3106 2184 3229 2238; x_wconf 81' lang='lat' dir='ltr'><strong>dum</strong></span> <span class='ocrx_word' id='word_1_645' title='bbox 3279 2183 3494 2236; x_wconf 74' lang='lat' dir='ltr'><strong>inllhe-</strong></span> 
     </span>
    </p>
   </div>
   <div class='ocr_carea' id='block_1_86' title="bbox 1926 2275 3525 2344">
    <p class='ocr_par' dir='ltr' id='par_1_86' title="bbox 1926 2275 3525 2344">
     <span class='ocr_line' id='line_1_86' title="bbox 1926 2275 3525 2344; baseline -0.001 -13"><span class='ocrx_word' id='word_1_646' title='bbox 1926 2277 2096 2331; x_wconf 89' lang='lat' dir='ltr'><strong>mensi</strong></span> <span class='ocrx_word' id='word_1_647' title='bbox 2137 2276 2425 2344; x_wconf 89' lang='lat' dir='ltr'><strong>Campania</strong></span> <span class='ocrx_word' id='word_1_648' title='bbox 2473 2276 2725 2339; x_wconf 83' lang='lat' dir='ltr'><strong>latitaret,</strong></span> <span class='ocrx_word' id='word_1_649' title='bbox 2766 2291 2864 2329; x_wconf 90' lang='lat' dir='ltr'><strong>nec</strong></span> <span class='ocrx_word' id='word_1_650' title='bbox 2905 2275 3093 2342; x_wconf 65' lang='lat' dir='ltr'><strong>palam,</strong></span> <span class='ocrx_word' id='word_1_651' title='bbox 3123 2290 3180 2329; x_wconf 91' lang='lat' dir='ltr'><strong>se</strong></span> <span class='ocrx_word' id='word_1_652' title='bbox 3210 2275 3525 2329; x_wconf 85' lang='lat' dir='ltr'><strong>Austrasiis-</strong></span> 
     </span>
    </p>
   </div>
   <div class='ocr_carea' id='block_1_87' title="bbox 1926 2365 3496 2437">
    <p class='ocr_par' dir='ltr' id='par_1_87' title="bbox 1926 2365 3496 2437">
     <span class='ocr_line' id='line_1_87' title="bbox 1926 2365 3496 2437; baseline -0.003 -12"><span class='ocrx_word' id='word_1_653' title='bbox 1926 2370 2194 2437; x_wconf 88' lang='lat' dir='ltr'><strong>crederet,</strong></span> <span class='ocrx_word' id='word_1_654' title='bbox 2225 2384 2255 2424; x_wconf 91' lang='lat' dir='ltr'><strong>a</strong></span> <span class='ocrx_word' id='word_1_655' title='bbox 2281 2368 2778 2423; x_wconf 86' lang='lat' dir='ltr'><strong>Tarabannensibus</strong></span> <span class='ocrx_word' id='word_1_656' title='bbox 2803 2365 3243 2422; x_wconf 60' lang='lat' dir='ltr'><strong>Jeircumveotns</strong></span> <span class='ocrx_word' id='word_1_657' title='bbox 3282 2378 3386 2436; x_wconf 93' lang='lat' dir='ltr'><strong>est,</strong></span> <span class='ocrx_word' id='word_1_658' title='bbox 3417 2369 3496 2420; x_wconf 86' lang='lat' dir='ltr'><strong>di-</strong></span> 
     </span>
    </p>
   </div>
   <div class='ocr_carea' id='block_1_88' title="bbox 1926 2460 3497 2532">
    <p class='ocr_par' dir='ltr' id='par_1_88' title="bbox 1926 2460 3497 2532">
     <span class='ocr_line' id='line_1_88' title="bbox 1926 2460 3497 2532; baseline -0.001 -17"><span class='ocrx_word' id='word_1_659' title='bbox 1926 2462 2189 2526; x_wconf 86' lang='lat' dir='ltr'><strong>centibus,</strong></span> <span class='ocrx_word' id='word_1_660' title='bbox 2232 2461 2375 2532; x_wconf 88' lang='lat' dir='ltr'><strong>quod</strong></span> <span class='ocrx_word' id='word_1_661' title='bbox 2419 2461 2607 2516; x_wconf 90' lang='lat' dir='ltr'><strong>relicto</strong></span> <span class='ocrx_word' id='word_1_662' title='bbox 2651 2470 2798 2531; x_wconf 90' lang='lat' dir='ltr'><strong>patre</strong></span> <span class='ocrx_word' id='word_1_663' title='bbox 2837 2461 2952 2530; x_wconf 91' lang='lat' dir='ltr'><strong>ejus</strong></span> <span class='ocrx_word' id='word_1_664' title='bbox 2985 2460 3299 2529; x_wconf 87' lang='lat' dir='ltr'><strong>Chilperico,</strong></span> <span class='ocrx_word' id='word_1_665' title='bbox 3341 2465 3388 2515; x_wconf 90' lang='lat' dir='ltr'><strong>ei</strong></span> <span class='ocrx_word' id='word_1_666' title='bbox 3436 2477 3497 2515; x_wconf 84' lang='lat' dir='ltr'><strong>se</strong></span> 
     </span>
    </p>
   </div>
   <div class='ocr_carea' id='block_1_89' title="bbox 1925 2551 3499 2622">
    <p class='ocr_par' dir='ltr' id='par_1_89' title="bbox 1925 2551 3499 2622">
     <span class='ocr_line' id='line_1_89' title="bbox 1925 2551 3499 2622; baseline -0.002 -14"><span class='ocrx_word' id='word_1_667' title='bbox 1925 2552 2290 2622; x_wconf 87' lang='lat' dir='ltr'><strong>subjugarent,</strong></span> <span class='ocrx_word' id='word_1_668' title='bbox 2322 2553 2369 2606; x_wconf 93' lang='lat' dir='ltr'><strong>si</strong></span> <span class='ocrx_word' id='word_1_669' title='bbox 2410 2554 2477 2605; x_wconf 90' lang='lat' dir='ltr'><strong>ad</strong></span> <span class='ocrx_word' id='word_1_670' title='bbox 2512 2568 2606 2606; x_wconf 88' lang='lat' dir='ltr'><strong>eos</strong></span> <span class='ocrx_word' id='word_1_671' title='bbox 2632 2552 2928 2607; x_wconf 85' lang='lat' dir='ltr'><strong>accederet.</strong></span> <span class='ocrx_word' id='word_1_672' title='bbox 2976 2551 3076 2618; x_wconf 77' lang='lat' dir='ltr'><strong>Qui</strong></span> <span class='ocrx_word' id='word_1_673' title='bbox 3116 2553 3364 2608; x_wconf 88' lang='lat' dir='ltr'><strong>velociter</strong></span> <span class='ocrx_word' id='word_1_674' title='bbox 3406 2569 3499 2607; x_wconf 79' lang='lat' dir='ltr'><strong>as-.</strong></span> 
     </span>
    </p>
   </div>
   <div class='ocr_carea' id='block_1_90' title="bbox 1926 2642 3497 2715">
    <p class='ocr_par' dir='ltr' id='par_1_90' title="bbox 1926 2642 3497 2715">
     <span class='ocr_line' id='line_1_90' title="bbox 1926 2642 3497 2715; baseline -0.002 -17"><span class='ocrx_word' id='word_1_675' title='bbox 1926 2644 2116 2699; x_wconf 91' lang='lat' dir='ltr'><strong>sumtis</strong></span> <span class='ocrx_word' id='word_1_676' title='bbox 2144 2659 2326 2698; x_wconf 89' lang='lat' dir='ltr'><strong>secum</strong></span> <span class='ocrx_word' id='word_1_677' title='bbox 2357 2642 2483 2697; x_wconf 90' lang='lat' dir='ltr'><strong>viris</strong></span> <span class='ocrx_word' id='word_1_678' title='bbox 2525 2642 2850 2707; x_wconf 84' lang='lat' dir='ltr'><strong>fortissimis,</strong></span> <span class='ocrx_word' id='word_1_679' title='bbox 2892 2643 3053 2715; x_wconf 65' lang='lat'><strong>223</strong></span> <span class='ocrx_word' id='word_1_680' title='bbox 3091 2642 3159 2695; x_wconf 88' lang='lat' dir='ltr'><strong>ad</strong></span> <span class='ocrx_word' id='word_1_681' title='bbox 3190 2657 3289 2697; x_wconf 89' lang='lat' dir='ltr'><strong>eos</strong></span> <span class='ocrx_word' id='word_1_682' title='bbox 3331 2645 3497 2695; x_wconf 79' lang='lat' dir='ltr'><strong>venit.</strong></span> 
     </span>
    </p>
   </div>
   <div class='ocr_carea' id='block_1_91' title="bbox 1927 2732 3519 2803">
    <p class='ocr_par' dir='ltr' id='par_1_91' title="bbox 1927 2732 3519 2803">
     <span class='ocr_line' id='line_1_91' title="bbox 1927 2732 3519 2803; baseline -0.003 -15"><span class='ocrx_word' id='word_1_683' title='bbox 1927 2734 1992 2789; x_wconf 90' lang='lat' dir='ltr'><strong>Hi</strong></span> <span class='ocrx_word' id='word_1_684' title='bbox 2058 2742 2381 2803; x_wconf 86' lang='lat' dir='ltr'><strong>praeparatos</strong></span> <span class='ocrx_word' id='word_1_685' title='bbox 2444 2734 2755 2803; x_wconf 79' lang='lat' dir='ltr'><strong>detegentes</strong></span> <span class='ocrx_word' id='word_1_686' title='bbox 2814 2732 2986 2796; x_wconf 85' lang='lat' dir='ltr'><strong>dolos,</strong></span> <span class='ocrx_word' id='word_1_687' title='bbox 3044 2732 3519 2785; x_wconf 71' lang='lat' dir='ltr'><strong>invillamenm,</strong></span> 
     </span>
    </p>
   </div>
   <div class='ocr_carea' id='block_1_92' title="bbox 1927 2821 3505 2895">
    <p class='ocr_par' dir='ltr' id='par_1_92' title="bbox 1927 2821 3505 2895">
     <span class='ocr_line' id='line_1_92' title="bbox 1927 2821 3505 2895; baseline -0.001 -18"><span class='ocrx_word' id='word_1_688' title='bbox 1927 2824 2209 2895; x_wconf 89' lang='lat' dir='ltr'><strong>quamdam</strong></span> <span class='ocrx_word' id='word_1_689' title='bbox 2231 2821 2577 2889; x_wconf 91' lang='lat' dir='ltr'><strong>concludunt,</strong></span> <span class='ocrx_word' id='word_1_690' title='bbox 2612 2831 2665 2875; x_wconf 91' lang='lat' dir='ltr'><strong>et</strong></span> <span class='ocrx_word' id='word_1_691' title='bbox 2687 2822 3251 2889; x_wconf 76' lang='lat' dir='ltr'><strong>circumseptumcum</strong></span> <span class='ocrx_word' id='word_1_692' title='bbox 3280 2823 3505 2875; x_wconf 35' lang='lat' dir='ltr'><strong>armatis.</strong></span> 
     </span>
    </p>
   </div>
   <div class='ocr_carea' id='block_1_93' title="bbox 1926 2912 3497 2984">
    <p class='ocr_par' dir='ltr' id='par_1_93' title="bbox 1926 2912 3497 2984">
     <span class='ocr_line' id='line_1_93' title="bbox 1926 2912 3497 2984; baseline -0.003 -14"><span class='ocrx_word' id='word_1_693' title='bbox 1926 2917 2144 2970; x_wconf 87' lang='lat' dir='ltr'><strong>nuntios</strong></span> <span class='ocrx_word' id='word_1_694' title='bbox 2191 2913 2329 2984; x_wconf 90' lang='lat' dir='ltr'><strong>patri</strong></span> <span class='ocrx_word' id='word_1_695' title='bbox 2358 2914 2614 2980; x_wconf 85' lang='lat' dir='ltr'><strong>dirigunt.</strong></span> <span class='ocrx_word' id='word_1_696' title='bbox 2664 2912 2812 2980; x_wconf 85' lang='lat' dir='ltr'><strong>Quod</strong></span> <span class='ocrx_word' id='word_1_697' title='bbox 2840 2913 2929 2967; x_wconf 91' lang='lat' dir='ltr'><strong>ille</strong></span> <span class='ocrx_word' id='word_1_698' title='bbox 2954 2913 3200 2977; x_wconf 88' lang='lat' dir='ltr'><strong>audiens,</strong></span> <span class='ocrx_word' id='word_1_699' title='bbox 3222 2912 3348 2967; x_wconf 91' lang='lat' dir='ltr'><strong>illuc</strong></span> <span class='ocrx_word' id='word_1_700' title='bbox 3377 2929 3497 2981; x_wconf 80' lang='lat' dir='ltr'><strong>pro-</strong></span> 
     </span>
    </p>
   </div>
   <div class='ocr_carea' id='block_1_94' title="bbox 1927 3005 3495 3078">
    <p class='ocr_par' dir='ltr' id='par_1_94' title="bbox 1927 3005 3495 3078">
     <span class='ocr_line' id='line_1_94' title="bbox 1927 3005 3495 3078; baseline -0.003 -15"><span class='ocrx_word' id='word_1_701' title='bbox 1927 3022 2117 3078; x_wconf 87' lang='lat' dir='ltr'><strong>perare</strong></span> <span class='ocrx_word' id='word_1_702' title='bbox 2138 3007 2393 3062; x_wconf 90' lang='lat' dir='ltr'><strong>destinat.</strong></span> <span class='ocrx_word' id='word_1_703' title='bbox 2435 3005 2542 3061; x_wconf 90' lang='lat' dir='ltr'><strong>Sed</strong></span> <span class='ocrx_word' id='word_1_704' title='bbox 2581 3005 2664 3060; x_wconf 88' lang='lat' dir='ltr'><strong>hic</strong></span> <span class='ocrx_word' id='word_1_705' title='bbox 2704 3020 2825 3060; x_wconf 89' lang='lat' dir='ltr'><strong>cum</strong></span> <span class='ocrx_word' id='word_1_706' title='bbox 2866 3006 2918 3059; x_wconf 92' lang='lat' dir='ltr'><strong>in</strong></span> <span class='ocrx_word' id='word_1_707' title='bbox 2960 3005 3241 3075; x_wconf 84' lang='lat' dir='ltr'><strong>hospitiolo</strong></span> <span class='ocrx_word' id='word_1_708' title='bbox 3269 3005 3495 3075; x_wconf 88' lang='lat' dir='ltr'><strong>quodam</strong></span> 
     </span>
    </p>
   </div>
   <div class='ocr_carea' id='block_1_95' title="bbox 1926 3096 3497 3165">
    <p class='ocr_par' dir='ltr' id='par_1_95' title="bbox 1926 3096 3497 3165">
     <span class='ocr_line' id='line_1_95' title="bbox 1926 3096 3497 3165; baseline -0.003 -11"><span class='ocrx_word' id='word_1_709' title='bbox 1926 3098 2286 3165; x_wconf 86' lang='lat' dir='ltr'><strong>retineretur,</strong></span> <span class='ocrx_word' id='word_1_710' title='bbox 2338 3096 2532 3152; x_wconf 86' lang='lat' dir='ltr'><strong>timens</strong></span> <span class='ocrx_word' id='word_1_711' title='bbox 2584 3112 2651 3152; x_wconf 92' lang='lat' dir='ltr'><strong>ne</strong></span> <span class='ocrx_word' id='word_1_712' title='bbox 2700 3097 2764 3150; x_wconf 91' lang='lat' dir='ltr'><strong>ad</strong></span> <span class='ocrx_word' id='word_1_713' title='bbox 2823 3097 3108 3151; x_wconf 87' lang='lat' dir='ltr'><strong>vindictam</strong></span> <span class='ocrx_word' id='word_1_714' title='bbox 3166 3096 3497 3150; x_wconf 87' lang='lat' dir='ltr'><strong>inimicorum</strong></span> 
     </span>
    </p>
   </div>
   <div class='ocr_carea' id='block_1_96' title="bbox 1926 3185 3498 3256">
    <p class='ocr_par' dir='ltr' id='par_1_96' title="bbox 1926 3185 3498 3256">
     <span class='ocr_line' id='line_1_96' title="bbox 1926 3185 3498 3256; baseline -0.001 -13"><span class='ocrx_word' id='word_1_715' title='bbox 1926 3189 2122 3244; x_wconf 89' lang='lat' dir='ltr'><strong>multas</strong></span> <span class='ocrx_word' id='word_1_716' title='bbox 2152 3189 2322 3242; x_wconf 89' lang='lat' dir='ltr'><strong>lueret</strong></span> <span class='ocrx_word' id='word_1_717' title='bbox 2352 3202 2567 3256; x_wconf 66' lang='lat' dir='ltr'><strong>poenas,</strong></span> <span class='ocrx_word' id='word_1_718' title='bbox 2596 3196 2782 3241; x_wconf 88' lang='lat' dir='ltr'><strong>vocato</strong></span> <span class='ocrx_word' id='word_1_719' title='bbox 2810 3187 2877 3241; x_wconf 89' lang='lat' dir='ltr'><strong>ad</strong></span> <span class='ocrx_word' id='word_1_720' title='bbox 2918 3201 2976 3241; x_wconf 76' lang='lat' dir='ltr'><strong>se</strong></span> <span class='ocrx_word' id='word_1_721' title='bbox 2999 3186 3222 3242; x_wconf 90' lang='lat' dir='ltr'><strong>Gaileno</strong></span> <span class='ocrx_word' id='word_1_722' title='bbox 3254 3185 3498 3241; x_wconf 83' lang='lat' dir='ltr'><strong>familiari</strong></span> 
     </span>
    </p>
   </div>
   <div class='ocr_carea' id='block_1_97' title="bbox 1926 3282 3498 3352">
    <p class='ocr_par' dir='ltr' id='par_1_97' title="bbox 1926 3282 3498 3352">
     <span class='ocr_line' id='line_1_97' title="bbox 1926 3282 3498 3352; baseline -0.002 -14"><span class='ocrx_word' id='word_1_723' title='bbox 1926 3299 2044 3351; x_wconf 87' lang='lat' dir='ltr'><strong>suo,</strong></span> <span class='ocrx_word' id='word_1_724' title='bbox 2076 3284 2151 3338; x_wconf 87' lang='lat' dir='ltr'><strong>ait</strong></span> <span class='ocrx_word' id='word_1_725' title='bbox 2186 3302 2200 3338; x_wconf 89' lang='lat'><strong>:</strong></span> <span class='ocrx_word' id='word_1_726' title='bbox 2231 3282 2344 3339; x_wconf 87' lang='lat' dir='ltr'><strong>Una</strong></span> <span class='ocrx_word' id='word_1_727' title='bbox 2374 3284 2524 3339; x_wconf 89' lang='lat' dir='ltr'><strong>nobis</strong></span> <span class='ocrx_word' id='word_1_728' title='bbox 2554 3298 2723 3352; x_wconf 90' lang='lat' dir='ltr'><strong>usque</strong></span> <span class='ocrx_word' id='word_1_729' title='bbox 2751 3298 2887 3336; x_wconf 91' lang='lat' dir='ltr'><strong>nunc</strong></span> <span class='ocrx_word' id='word_1_730' title='bbox 2925 3290 2980 3336; x_wconf 92' lang='lat' dir='ltr'><strong>et</strong></span> <span class='ocrx_word' id='word_1_731' title='bbox 3020 3282 3194 3335; x_wconf 88' lang='lat' dir='ltr'><strong>anima</strong></span> <span class='ocrx_word' id='word_1_732' title='bbox 3243 3292 3297 3336; x_wconf 92' lang='lat' dir='ltr'><strong>et</strong></span> <span class='ocrx_word' id='word_1_733' title='bbox 3325 3282 3498 3335; x_wconf 86' lang='lat' dir='ltr'><strong>cousi-</strong></span> 
     </span>
    </p>
   </div>
   <div class='ocr_carea' id='block_1_98' title="bbox 1926 3374 3496 3447">
    <p class='ocr_par' dir='ltr' id='par_1_98' title="bbox 1926 3374 3496 3447">
     <span class='ocr_line' id='line_1_98' title="bbox 1926 3374 3496 3447; baseline -0.003 -14"><span class='ocrx_word' id='word_1_734' title='bbox 1926 3380 2053 3433; x_wconf 90' lang='lat' dir='ltr'><strong>lium</strong></span> <span class='ocrx_word' id='word_1_735' title='bbox 2085 3377 2184 3433; x_wconf 92' lang='lat' dir='ltr'><strong>fuit</strong></span> <span class='ocrx_word' id='word_1_736' title='bbox 2214 3394 2230 3433; x_wconf 87' lang='lat'><strong>:</strong></span> <span class='ocrx_word' id='word_1_737' title='bbox 2260 3392 2390 3447; x_wconf 83' lang='lat' dir='ltr'><strong>rogo</strong></span> <span class='ocrx_word' id='word_1_738' title='bbox 2421 3392 2487 3431; x_wconf 90' lang='lat' dir='ltr'><strong>ne</strong></span> <span class='ocrx_word' id='word_1_739' title='bbox 2521 3378 2737 3446; x_wconf 87' lang='lat' dir='ltr'><strong>patiaris</strong></span> <span class='ocrx_word' id='word_1_740' title='bbox 2773 3392 2860 3431; x_wconf 90' lang='lat' dir='ltr'><strong>me</strong></span> <span class='ocrx_word' id='word_1_741' title='bbox 2891 3374 3134 3430; x_wconf 90' lang='lat' dir='ltr'><strong>manibus</strong></span> <span class='ocrx_word' id='word_1_742' title='bbox 3163 3375 3496 3429; x_wconf 92' lang='lat' dir='ltr'><strong>inimicorum</strong></span> 
     </span>
    </p>
   </div>
   <div class='ocr_carea' id='block_1_99' title="bbox 1926 3468 3499 3542">
    <p class='ocr_par' dir='ltr' id='par_1_99' title="bbox 1926 3468 3499 3542">
     <span class='ocr_line' id='line_1_99' title="bbox 1926 3468 3499 3542; baseline -0.001 -16"><span class='ocrx_word' id='word_1_743' title='bbox 1926 3471 2100 3538; x_wconf 84' lang='lat' dir='ltr'><strong>tradi;</strong></span> <span class='ocrx_word' id='word_1_744' title='bbox 2146 3473 2241 3526; x_wconf 90' lang='lat' dir='ltr'><strong>sed</strong></span> <span class='ocrx_word' id='word_1_745' title='bbox 2281 3481 2504 3542; x_wconf 91' lang='lat' dir='ltr'><strong>accepto</strong></span> <span class='ocrx_word' id='word_1_746' title='bbox 2540 3471 2721 3541; x_wconf 84' lang='lat' dir='ltr'><strong>gladio</strong></span> <span class='ocrx_word' id='word_1_747' title='bbox 2767 3471 2938 3525; x_wconf 90' lang='lat' dir='ltr'><strong>irruas</strong></span> <span class='ocrx_word' id='word_1_748' title='bbox 2982 3470 3034 3524; x_wconf 93' lang='lat' dir='ltr'><strong>in</strong></span> <span class='ocrx_word' id='word_1_749' title='bbox 3082 3484 3206 3524; x_wconf 91' lang='lat' dir='ltr'><strong>me:</strong></span> <span class='ocrx_word' id='word_1_750' title='bbox 3241 3468 3380 3539; x_wconf 90' lang='lat' dir='ltr'><strong>quod</strong></span> <span class='ocrx_word' id='word_1_751' title='bbox 3411 3469 3499 3525; x_wconf 90' lang='lat' dir='ltr'><strong>ille</strong></span> 
     </span>
    </p>
   </div>
   <div class='ocr_carea' id='block_1_100' title="bbox 1927 3562 3496 3629">
    <p class='ocr_par' dir='ltr' id='par_1_100' title="bbox 1927 3562 3496 3629">
     <span class='ocr_line' id='line_1_100' title="bbox 1927 3562 3496 3629; baseline -0.001 -12"><span class='ocrx_word' id='word_1_752' title='bbox 1927 3579 2027 3618; x_wconf 92' lang='lat' dir='ltr'><strong>nec</strong></span> <span class='ocrx_word' id='word_1_753' title='bbox 2049 3563 2319 3629; x_wconf 88' lang='lat' dir='ltr'><strong>dubitans,</strong></span> <span class='ocrx_word' id='word_1_754' title='bbox 2342 3581 2461 3620; x_wconf 85' lang='lat' dir='ltr'><strong>eum</strong></span> <span class='ocrx_word' id='word_1_755' title='bbox 2493 3565 2666 3619; x_wconf 90' lang='lat' dir='ltr'><strong>cultro</strong></span> <span class='ocrx_word' id='word_1_756' title='bbox 2691 3562 2946 3618; x_wconf 81' lang='lat' dir='ltr'><strong>confodit.</strong></span> <span class='ocrx_word' id='word_1_757' title='bbox 2971 3562 3301 3616; x_wconf 88' lang='lat' dir='ltr'><strong>Adveniente</strong></span> <span class='ocrx_word' id='word_1_758' title='bbox 3320 3572 3496 3616; x_wconf 88' lang='lat' dir='ltr'><strong>autem</strong></span> 
     </span>
    </p>
   </div>
   <div class='ocr_carea' id='block_1_101' title="bbox 1928 3655 3497 3726">
    <p class='ocr_par' dir='ltr' id='par_1_101' title="bbox 1928 3655 3497 3726">
     <span class='ocr_line' id='line_1_101' title="bbox 1928 3655 3497 3726; baseline -0.003 -14"><span class='ocrx_word' id='word_1_759' title='bbox 1928 3673 2072 3725; x_wconf 82' lang='lat' dir='ltr'><strong>rege,</strong></span> <span class='ocrx_word' id='word_1_760' title='bbox 2106 3666 2346 3714; x_wconf 84' lang='lat' dir='ltr'><strong>mortuus</strong></span> <span class='ocrx_word' id='word_1_761' title='bbox 2390 3668 2473 3711; x_wconf 91' lang='lat' dir='ltr'><strong>est</strong></span> <span class='ocrx_word' id='word_1_762' title='bbox 2515 3666 2753 3726; x_wconf 86' lang='lat' dir='ltr'><strong>repertus</strong></span> <span class='ocrx_word' id='word_1_763' title='bbox 2791 3666 2836 3708; x_wconf 71' lang='grc' dir='ltr'><strong>ε.</strong></span> <span class='ocrx_word' id='word_1_764' title='bbox 2884 3656 3209 3715; x_wconf 67' lang='lat' dir='ltr'><strong>Exstitcrunt</strong></span> <span class='ocrx_word' id='word_1_765' title='bbox 3256 3666 3378 3712; x_wconf 81' lang='lat' dir='ltr'><strong>tunc</strong></span> <span class='ocrx_word' id='word_1_766' title='bbox 3406 3655 3497 3722; x_wconf 88' lang='lat' dir='ltr'><strong>qui</strong></span> 
     </span>
    </p>
   </div>
   <div class='ocr_carea' id='block_1_102' title="bbox 1928 3750 3494 3821">
    <p class='ocr_par' dir='ltr' id='par_1_102' title="bbox 1928 3750 3494 3821">
     <span class='ocr_line' id='line_1_102' title="bbox 1928 3750 3494 3821; baseline -0.003 -13"><span class='ocrx_word' id='word_1_767' title='bbox 1928 3763 2230 3809; x_wconf 89' lang='lat' dir='ltr'><strong>assererent</strong></span> <span class='ocrx_word' id='word_1_768' title='bbox 2256 3751 2416 3808; x_wconf 90' lang='lat' dir='ltr'><strong>verba</strong></span> <span class='ocrx_word' id='word_1_769' title='bbox 2444 3750 2762 3817; x_wconf 76' lang='lat' dir='ltr'><strong>Merovechi,</strong></span> <span class='ocrx_word' id='word_1_770' title='bbox 2823 3768 2941 3821; x_wconf 73' lang='lat' dir='ltr'><strong>qua:</strong></span> <span class='ocrx_word' id='word_1_771' title='bbox 2963 3753 3208 3820; x_wconf 86' lang='lat' dir='ltr'><strong>superius</strong></span> <span class='ocrx_word' id='word_1_772' title='bbox 3237 3750 3494 3815; x_wconf 87' lang='lat' dir='ltr'><strong>diximus,</strong></span> 
     </span>
    </p>
   </div>
   <div class='ocr_carea' id='block_1_103' title="bbox 1928 3840 3498 3911">
    <p class='ocr_par' dir='ltr' id='par_1_103' title="bbox 1928 3840 3498 3911">
     <span class='ocr_line' id='line_1_103' title="bbox 1928 3840 3498 3911; baseline -0.001 -14"><span class='ocrx_word' id='word_1_773' title='bbox 1928 3842 2160 3911; x_wconf 84' lang='lat' dir='ltr'><strong>aregina</strong></span> <span class='ocrx_word' id='word_1_774' title='bbox 2223 3841 2389 3897; x_wconf 91' lang='lat' dir='ltr'><strong>fuisse</strong></span> <span class='ocrx_word' id='word_1_775' title='bbox 2444 3844 2703 3907; x_wconf 86' lang='lat' dir='ltr'><strong>conlicta;</strong></span> <span class='ocrx_word' id='word_1_776' title='bbox 2762 3840 3131 3895; x_wconf 82' lang='lat' dir='ltr'><strong>Merovechum</strong></span> <span class='ocrx_word' id='word_1_777' title='bbox 3194 3855 3321 3893; x_wconf 90' lang='lat' dir='ltr'><strong>vero</strong></span> <span class='ocrx_word' id='word_1_778' title='bbox 3381 3840 3498 3908; x_wconf 90' lang='lat' dir='ltr'><strong>ejus</strong></span> 
     </span>
    </p>
   </div>
   <div class='ocr_carea' id='block_1_104' title="bbox 1928 3933 3495 4006">
    <p class='ocr_par' dir='ltr' id='par_1_104' title="bbox 1928 3933 3495 4006">
     <span class='ocr_line' id='line_1_104' title="bbox 1928 3933 3495 4006; baseline -0.003 -16"><span class='ocrx_word' id='word_1_779' title='bbox 1928 3937 2093 3991; x_wconf 77' lang='lat' dir='ltr'><strong>fuisse</strong></span> <span class='ocrx_word' id='word_1_780' title='bbox 2129 3937 2281 4006; x_wconf 76' lang='lat' dir='ltr'><strong>jussu</strong></span> <span class='ocrx_word' id='word_1_781' title='bbox 2316 3936 2457 3991; x_wconf 89' lang='lat' dir='ltr'><strong>clam</strong></span> <span class='ocrx_word' id='word_1_782' title='bbox 2494 3934 2890 4003; x_wconf 87' lang='lat' dir='ltr'><strong>interemptum.</strong></span> <span class='ocrx_word' id='word_1_783' title='bbox 2941 3933 3216 3988; x_wconf 89' lang='lat' dir='ltr'><strong>Gailenum</strong></span> <span class='ocrx_word' id='word_1_784' title='bbox 3246 3947 3372 3988; x_wconf 90' lang='lat' dir='ltr'><strong>vero</strong></span> <span class='ocrx_word' id='word_1_785' title='bbox 3398 3948 3495 4002; x_wconf 81' lang='lat' dir='ltr'><strong>ap-</strong></span> 
     </span>
    </p>
   </div>
   <div class='ocr_carea' id='block_1_105' title="bbox 1930 4017 3495 4095">
    <p class='ocr_par' dir='ltr' id='par_1_105' title="bbox 1930 4017 3495 4095">
     <span class='ocr_line' id='line_1_105' title="bbox 1930 4017 3495 4095; baseline -0.003 -14"><span class='ocrx_word' id='word_1_786' title='bbox 1930 4027 2272 4095; x_wconf 87' lang='lat' dir='ltr'><strong>prehensum,</strong></span> <span class='ocrx_word' id='word_1_787' title='bbox 2311 4028 2564 4080; x_wconf 88' lang='lat' dir='ltr'><strong>ahscissis</strong></span> <span class='ocrx_word' id='word_1_788' title='bbox 2607 4025 2851 4079; x_wconf 74' lang='lat' dir='ltr'><strong>omnibus</strong></span> <span class='ocrx_word' id='word_1_789' title='bbox 2887 4017 2940 4080; x_wconf 83' lang='lat' dir='ltr'><strong>et</strong></span> <span class='ocrx_word' id='word_1_790' title='bbox 2983 4025 3226 4093; x_wconf 86' lang='lat' dir='ltr'><strong>pedibus,</strong></span> <span class='ocrx_word' id='word_1_791' title='bbox 3255 4023 3495 4088; x_wconf 87' lang='lat' dir='ltr'><strong>auribus,</strong></span> 
     </span>
    </p>
   </div>
   <div class='ocr_carea' id='block_1_106' title="bbox 1927 4114 3495 4183">
    <p class='ocr_par' dir='ltr' id='par_1_106' title="bbox 1927 4114 3495 4183">
     <span class='ocr_line' id='line_1_106' title="bbox 1927 4114 3495 4183; baseline -0.003 -9"><span class='ocrx_word' id='word_1_792' title='bbox 1927 4129 1983 4175; x_wconf 91' lang='lat' dir='ltr'><strong>et</strong></span> <span class='ocrx_word' id='word_1_793' title='bbox 2010 4119 2215 4174; x_wconf 90' lang='lat' dir='ltr'><strong>narium</strong></span> <span class='ocrx_word' id='word_1_794' title='bbox 2261 4118 2685 4183; x_wconf 89' lang='lat' dir='ltr'><strong>summitatibus,</strong></span> <span class='ocrx_word' id='word_1_795' title='bbox 2714 4129 2769 4173; x_wconf 90' lang='lat' dir='ltr'><strong>et</strong></span> <span class='ocrx_word' id='word_1_796' title='bbox 2797 4117 2917 4172; x_wconf 91' lang='lat' dir='ltr'><strong>aliis</strong></span> <span class='ocrx_word' id='word_1_797' title='bbox 2958 4117 3138 4171; x_wconf 91' lang='lat' dir='ltr'><strong>multis</strong></span> <span class='ocrx_word' id='word_1_798' title='bbox 3170 4114 3495 4170; x_wconf 84' lang='lat' dir='ltr'><strong>cruciatibus</strong></span> 
     </span>
    </p>
   </div>
   <div class='ocr_carea' id='block_1_107' title="bbox 1929 4292 3494 4365">
    <p class='ocr_par' dir='ltr' id='par_1_107' title="bbox 1929 4292 3494 4365">
     <span class='ocr_line' id='line_1_107' title="bbox 1929 4292 3494 4365; baseline 0 -19"><span class='ocrx_word' id='word_1_799' title='bbox 1929 4295 2106 4350; x_wconf 88' lang='lat' dir='ltr'><strong>versio</strong></span> <span class='ocrx_word' id='word_1_800' title='bbox 2133 4293 2232 4348; x_wconf 85' lang='lat' dir='ltr'><strong>alia</strong></span> <span class='ocrx_word' id='word_1_801' title='bbox 2270 4300 2353 4349; x_wconf 90' lang='lat' dir='ltr'><strong>est</strong></span> <span class='ocrx_word' id='word_1_802' title='bbox 2385 4292 2452 4365; x_wconf 87' lang='lat' dir='ltr'><strong>ab</strong></span> <span class='ocrx_word' id='word_1_803' title='bbox 2479 4308 2729 4365; x_wconf 80' lang='lat' dir='ltr'><strong>eaquam</strong></span> <span class='ocrx_word' id='word_1_804' title='bbox 2764 4292 3049 4359; x_wconf 86' lang='lat' dir='ltr'><strong>Dionysius</strong></span> <span class='ocrx_word' id='word_1_805' title='bbox 3075 4293 3305 4365; x_wconf 85' lang='lat' dir='ltr'><strong>Exiguus</strong></span> <span class='ocrx_word' id='word_1_806' title='bbox 3332 4311 3494 4349; x_wconf 73' lang='lat' dir='ltr'><strong>exor—</strong></span> 
     </span>
    </p>
   </div>
   <div class='ocr_carea' id='block_1_108' title="bbox 1929 4363 3495 4434">
    <p class='ocr_par' dir='ltr' id='par_1_108' title="bbox 1929 4363 3495 4434">
     <span class='ocr_line' id='line_1_108' title="bbox 1929 4363 3495 4434; baseline 0.001 -16"><span class='ocrx_word' id='word_1_807' title='bbox 1929 4367 2091 4420; x_wconf 90' lang='lat' dir='ltr'><strong>navit.</strong></span> <span class='ocrx_word' id='word_1_808' title='bbox 2124 4364 2262 4433; x_wconf 84' lang='lat' dir='ltr'><strong>Lege</strong></span> <span class='ocrx_word' id='word_1_809' title='bbox 2301 4364 2403 4417; x_wconf 88' lang='lat' dir='ltr'><strong>viri</strong></span> <span class='ocrx_word' id='word_1_810' title='bbox 2438 4363 2630 4418; x_wconf 92' lang='lat' dir='ltr'><strong>eruditi</strong></span> <span class='ocrx_word' id='word_1_811' title='bbox 2658 4364 3084 4434; x_wconf 85' lang='lat' dir='ltr'><strong>dissertationem</strong></span> <span class='ocrx_word' id='word_1_812' title='bbox 3124 4363 3281 4434; x_wconf 80' lang='lat' dir='ltr'><strong>supra</strong></span> <span class='ocrx_word' id='word_1_813' title='bbox 3313 4365 3495 4421; x_wconf 84' lang='lat' dir='ltr'><strong>lauda-</strong></span> 
     </span>
    </p>
   </div>
   <div class='ocr_carea' id='block_1_109' title="bbox 1853 4432 3192 4514">
    <p class='ocr_par' dir='ltr' id='par_1_109' title="bbox 1853 4432 3192 4514">
     <span class='ocr_line' id='line_1_109' title="bbox 1853 4432 3192 4514; baseline -0.002 -25"><span class='ocrx_word' id='word_1_814' title='bbox 1853 4455 1902 4514; x_wconf 76' lang='grc' dir='ltr'>ι)</span> <span class='ocrx_word' id='word_1_815' title='bbox 1930 4444 2037 4514; x_wconf 78' lang='lat' dir='ltr'><strong>tam</strong></span> <span class='ocrx_word' id='word_1_816' title='bbox 2063 4435 2134 4514; x_wconf 67' lang='lat' dir='ltr'><strong>de</strong></span> <span class='ocrx_word' id='word_1_817' title='bbox 2162 4432 2379 4514; x_wconf 70' lang='lat' dir='ltr'><strong>antiquo</strong></span> <span class='ocrx_word' id='word_1_818' title='bbox 2408 4434 2655 4514; x_wconf 61' lang='lat' dir='ltr'><strong>Ecclesiae</strong></span> <span class='ocrx_word' id='word_1_819' title='bbox 2676 4432 2962 4514; x_wconf 57' lang='lat' dir='ltr'><strong>Gallicana}</strong></span> <span class='ocrx_word' id='word_1_820' title='bbox 2990 4436 3192 4514; x_wconf 74' lang='lat' dir='ltr'><strong>codice.</strong></span> 
     </span>
    </p>
   </div>
   <div class='ocr_carea' id='block_1_110' title="bbox 2000 4503 3495 4578">
    <p class='ocr_par' dir='ltr' id='par_1_110' title="bbox 2000 4503 3495 4578">
     <span class='ocr_line' id='line_1_110' title="bbox 2000 4503 3495 4578; baseline 0.003 -21"><span class='ocrx_word' id='word_1_821' title='bbox 2000 4506 2027 4544; x_wconf 71' lang='grc' dir='ltr'><strong>ιι</strong></span> <span class='ocrx_word' id='word_1_822' title='bbox 2056 4507 2204 4578; x_wconf 86' lang='lat' dir='ltr'><strong>Quod</strong></span> <span class='ocrx_word' id='word_1_823' title='bbox 2254 4503 2441 4569; x_wconf 88' lang='lat' dir='ltr'><strong>psalmi</strong></span> <span class='ocrx_word' id='word_1_824' title='bbox 2483 4503 2640 4578; x_wconf 72' lang='lat' dir='ltr'><strong>hujus</strong></span> <span class='ocrx_word' id='word_1_825' title='bbox 2677 4504 2862 4578; x_wconf 80' lang='lat' dir='ltr'><strong>verba,</strong></span> <span class='ocrx_word' id='word_1_826' title='bbox 2901 4503 2971 4578; x_wconf 68' lang='lat' dir='ltr'><strong>Et</strong></span> <span class='ocrx_word' id='word_1_827' title='bbox 3002 4505 3354 4578; x_wconf 72' lang='lat' dir='ltr'><strong>episcopatum</strong></span> <span class='ocrx_word' id='word_1_828' title='bbox 3387 4512 3495 4578; x_wconf 73' lang='lat' dir='ltr'><strong>ejus</strong></span> 
     </span>
    </p>
   </div>
   <div class='ocr_carea' id='block_1_111' title="bbox 1928 4574 3495 4645">
    <p class='ocr_par' dir='ltr' id='par_1_111' title="bbox 1928 4574 3495 4645">
     <span class='ocr_line' id='line_1_111' title="bbox 1928 4574 3495 4645; baseline 0.003 -17"><span class='ocrx_word' id='word_1_829' title='bbox 1928 4577 2147 4645; x_wconf 72' lang='lat' dir='ltr'><strong>accipiat</strong></span> <span class='ocrx_word' id='word_1_830' title='bbox 2188 4578 2336 4640; x_wconf 84' lang='lat' dir='ltr'><strong>alter,</strong></span> <span class='ocrx_word' id='word_1_831' title='bbox 2376 4584 2561 4628; x_wconf 90' lang='lat' dir='ltr'><strong>contra</strong></span> <span class='ocrx_word' id='word_1_832' title='bbox 2589 4574 2777 4628; x_wconf 86' lang='lat' dir='ltr'><strong>Judam</strong></span> <span class='ocrx_word' id='word_1_833' title='bbox 2819 4575 3159 4630; x_wconf 88' lang='lat' dir='ltr'><strong>lschariotem</strong></span> <span class='ocrx_word' id='word_1_834' title='bbox 3202 4574 3495 4632; x_wconf 75' lang='lat' dir='ltr'><strong>laudaverit</strong></span> 
     </span>
    </p>
   </div>
   <div class='ocr_carea' id='block_1_112' title="bbox 1930 4645 3496 4769">
    <p class='ocr_par' dir='ltr' id='par_1_112' title="bbox 1930 4645 3496 4769">
     <span class='ocr_line' id='line_1_112' title="bbox 1930 4645 3496 4769; baseline 0.003 -70"><span class='ocrx_word' id='word_1_835' title='bbox 1930 4647 2118 4769; x_wconf 57' lang='lat' dir='ltr'><strong>getrgs</strong></span> <span class='ocrx_word' id='word_1_836' title='bbox 2137 4648 2362 4700; x_wconf 79' lang='lat' dir='ltr'><strong>Actuum</strong></span> <span class='ocrx_word' id='word_1_837' title='bbox 2390 4659 2470 4710; x_wconf 88' lang='grc' dir='ltr'><strong>ιιι,</strong></span> <span class='ocrx_word' id='word_1_838' title='bbox 2495 4654 2552 4698; x_wconf 89' lang='grc' dir='ltr'><strong>ιιι</strong></span> <span class='ocrx_word' id='word_1_839' title='bbox 2575 4645 2880 4699; x_wconf 84' lang='lat' dir='ltr'><strong>ostenderet</strong></span> <span class='ocrx_word' id='word_1_840' title='bbox 2908 4646 3079 4715; x_wconf 90' lang='lat' dir='ltr'><strong>ipsum</strong></span> <span class='ocrx_word' id='word_1_841' title='bbox 3108 4647 3176 4701; x_wconf 91' lang='lat' dir='ltr'><strong>ab</strong></span> <span class='ocrx_word' id='word_1_842' title='bbox 3202 4648 3496 4716; x_wconf 80' lang='lat' dir='ltr'><strong>apostolatu</strong></span> 
     </span>
     <span class='ocr_line' id='line_1_113' title="bbox 1967 4731 2218 4769; baseline -0.004 0"><span class='ocrx_word' id='word_1_843' title='bbox 1967 4732 2044 4769; x_wconf 74' lang='lat' dir='ltr'><strong>ecl</strong></span> <span class='ocrx_word' id='word_1_844' title='bbox 2093 4731 2218 4769; x_wconf 82' lang='lat' dir='ltr'><strong>isse.</strong></span> 
     </span>
    </p>
   </div>
   <div class='ocr_carea' id='block_1_113' title="bbox 1967 4731 2218 4770">
    <p class='ocr_par' dir='ltr' id='par_1_113' title="bbox 1967 4731 2218 4770">
     <span class='ocr_line' id='line_1_114' title="bbox 1967 4731 2218 4770; baseline -0.004 0"><span class='ocrx_word' id='word_1_845' title='bbox 1967 4731 2218 4770; x_wconf 71' lang='lat' dir='ltr'><strong>CCIGISSC.</strong></span> 
     </span>
    </p>
   </div>
   <div class='ocr_carea' id='block_1_114' title="bbox 2005 4784 3511 4855">
    <p class='ocr_par' dir='ltr' id='par_1_114' title="bbox 2005 4784 3511 4855">
     <span class='ocr_line' id='line_1_115' title="bbox 2005 4784 3511 4855; baseline 0.005 -17"><span class='ocrx_word' id='word_1_846' title='bbox 2005 4797 2028 4825; x_wconf 82' lang='grc' dir='ltr'><strong><em>ο</em></strong></span> <span class='ocrx_word' id='word_1_847' title='bbox 2055 4785 2188 4839; x_wconf 90' lang='lat' dir='ltr'><strong>Urbs</strong></span> <span class='ocrx_word' id='word_1_848' title='bbox 2214 4794 2296 4840; x_wconf 91' lang='lat' dir='ltr'><strong>est</strong></span> <span class='ocrx_word' id='word_1_849' title='bbox 2313 4784 2625 4854; x_wconf 83' lang='lat' dir='ltr'><strong>episcOpalis</strong></span> <span class='ocrx_word' id='word_1_850' title='bbox 2644 4784 3001 4846; x_wconf 69' lang='lat' dir='ltr'><strong>Normanniaa,</strong></span> <span class='ocrx_word' id='word_1_851' title='bbox 3024 4787 3180 4855; x_wconf 85' lang='lat' dir='ltr'><strong>vulgo</strong></span> <span class='ocrx_word' id='word_1_852' title='bbox 3196 4788 3511 4854; x_wconf 76' lang='lat' dir='ltr'><strong>Coutances,</strong></span> 
     </span>
    </p>
   </div>
   <div class='ocr_carea' id='block_1_115' title="bbox 1933 4855 3517 4924">
    <p class='ocr_par' dir='ltr' id='par_1_115' title="bbox 1933 4855 3517 4924">
     <span class='ocr_line' id='line_1_116' title="bbox 1933 4855 3517 4924; baseline -0.001 -15"><span class='ocrx_word' id='word_1_853' title='bbox 1933 4857 2128 4909; x_wconf 90' lang='lat' dir='ltr'><strong>nemini</strong></span> <span class='ocrx_word' id='word_1_854' title='bbox 2160 4855 2355 4924; x_wconf 83' lang='lat' dir='ltr'><strong>ignota,</strong></span> <span class='ocrx_word' id='word_1_855' title='bbox 2384 4870 2416 4908; x_wconf 88' lang='lat' dir='ltr'><strong>a</strong></span> <span class='ocrx_word' id='word_1_856' title='bbox 2443 4869 2544 4922; x_wconf 90' lang='lat' dir='ltr'><strong>qua</strong></span> <span class='ocrx_word' id='word_1_857' title='bbox 2566 4855 2704 4909; x_wconf 90' lang='lat' dir='ltr'><strong>haud</strong></span> <span class='ocrx_word' id='word_1_858' title='bbox 2730 4857 2907 4921; x_wconf 89' lang='lat' dir='ltr'><strong>procul</strong></span> <span class='ocrx_word' id='word_1_859' title='bbox 2938 4856 3119 4910; x_wconf 88' lang='lat' dir='ltr'><strong>dissita</strong></span> <span class='ocrx_word' id='word_1_860' title='bbox 3150 4870 3232 4911; x_wconf 85' lang='lat' dir='ltr'><strong>est</strong></span> <span class='ocrx_word' id='word_1_861' title='bbox 3250 4858 3517 4911; x_wconf 65' lang='lat' dir='ltr'><strong>Caesarea.</strong></span> 
     </span>
    </p>
   </div>
   <div class='ocr_carea' id='block_1_116' title="bbox 1932 4924 3494 4995">
    <p class='ocr_par' dir='ltr' id='par_1_116' title="bbox 1932 4924 3494 4995">
     <span class='ocr_line' id='line_1_117' title="bbox 1932 4924 3494 4995; baseline 0 -15"><span class='ocrx_word' id='word_1_862' title='bbox 1932 4926 2127 4987; x_wconf 89' lang='lat' dir='ltr'><strong>insula,</strong></span> <span class='ocrx_word' id='word_1_863' title='bbox 2157 4934 2314 4995; x_wconf 84' lang='lat' dir='ltr'><strong>vulgo</strong></span> <span class='ocrx_word' id='word_1_864' title='bbox 2337 4924 2537 4994; x_wconf 81' lang='lat' dir='ltr'><strong>Jersey,</strong></span> <span class='ocrx_word' id='word_1_865' title='bbox 2565 4926 2690 4979; x_wconf 91' lang='lat' dir='ltr'><strong>olim</strong></span> <span class='ocrx_word' id='word_1_866' title='bbox 2720 4926 2784 4977; x_wconf 91' lang='lat' dir='ltr'><strong>ad</strong></span> <span class='ocrx_word' id='word_1_867' title='bbox 2808 4926 3182 4979; x_wconf 87' lang='lat' dir='ltr'><strong>Normanniatn</strong></span> <span class='ocrx_word' id='word_1_868' title='bbox 3227 4936 3494 4991; x_wconf 82' lang='lat' dir='ltr'><strong>spectans,</strong></span> 
     </span>
    </p>
   </div>
   <div class='ocr_carea' id='block_1_117' title="bbox 1932 4996 3497 5066">
    <p class='ocr_par' dir='ltr' id='par_1_117' title="bbox 1932 4996 3497 5066">
     <span class='ocr_line' id='line_1_118' title="bbox 1932 4996 3497 5066; baseline 0 -17"><span class='ocrx_word' id='word_1_869' title='bbox 1932 4996 2025 5049; x_wconf 89' lang='lat' dir='ltr'><strong>sed</strong></span> <span class='ocrx_word' id='word_1_870' title='bbox 2059 5010 2177 5063; x_wconf 67' lang='lat' dir='ltr'><strong>qua:</strong></span> <span class='ocrx_word' id='word_1_871' title='bbox 2217 5010 2359 5066; x_wconf 83' lang='lat' dir='ltr'><strong>nunc</strong></span> <span class='ocrx_word' id='word_1_872' title='bbox 2388 5004 2473 5049; x_wconf 88' lang='lat' dir='ltr'><strong>est</strong></span> <span class='ocrx_word' id='word_1_873' title='bbox 2501 4997 2919 5063; x_wconf 82' lang='lat' dir='ltr'><strong>Suthamptonia:</strong></span> <span class='ocrx_word' id='word_1_874' title='bbox 2949 4996 3149 5063; x_wconf 70' lang='lat' dir='ltr'><strong>Anglim</strong></span> <span class='ocrx_word' id='word_1_875' title='bbox 3181 4998 3497 5066; x_wconf 68' lang='lat' dir='ltr'><strong>provinciae;</strong></span> 
     </span>
    </p>
   </div>
   <div class='ocr_carea' id='block_1_118' title="bbox 1932 5064 3522 5133">
    <p class='ocr_par' dir='ltr' id='par_1_118' title="bbox 1932 5064 3522 5133">
     <span class='ocr_line' id='line_1_119' title="bbox 1932 5064 3522 5133; baseline 0.003 -15"><span class='ocrx_word' id='word_1_876' title='bbox 1932 5071 2066 5123; x_wconf 78' lang='lat' dir='ltr'><strong>sola,</strong></span> <span class='ocrx_word' id='word_1_877' title='bbox 2110 5079 2230 5116; x_wconf 87' lang='lat' dir='ltr'><strong>cum</strong></span> <span class='ocrx_word' id='word_1_878' title='bbox 2257 5065 2510 5118; x_wconf 85' lang='lat' dir='ltr'><strong>Garnseia</strong></span> <span class='ocrx_word' id='word_1_879' title='bbox 2558 5066 2655 5118; x_wconf 93' lang='lat' dir='ltr'><strong>sibi</strong></span> <span class='ocrx_word' id='word_1_880' title='bbox 2704 5066 2895 5126; x_wconf 91' lang='lat' dir='ltr'><strong>vicina,</strong></span> <span class='ocrx_word' id='word_1_881' title='bbox 2940 5066 3124 5133; x_wconf 79' lang='lat' dir='ltr'><strong>Anglis</strong></span> <span class='ocrx_word' id='word_1_882' title='bbox 3159 5076 3403 5133; x_wconf 85' lang='lat' dir='ltr'><strong>superest</strong></span> <span class='ocrx_word' id='word_1_883' title='bbox 3429 5064 3522 5121; x_wconf 31' lang='lat' dir='ltr'><strong>ex”</strong></span> 
     </span>
    </p>
   </div>
   <div class='ocr_carea' id='block_1_119' title="bbox 1932 5133 2779 5188">
    <p class='ocr_par' dir='ltr' id='par_1_119' title="bbox 1932 5133 2779 5188">
     <span class='ocr_line' id='line_1_120' title="bbox 1932 5133 2779 5188; baseline -0.001 0"><span class='ocrx_word' id='word_1_884' title='bbox 1932 5137 2068 5188; x_wconf 86' lang='lat' dir='ltr'><strong>avita</strong></span> <span class='ocrx_word' id='word_1_885' title='bbox 2093 5133 2428 5187; x_wconf 68' lang='lat' dir='ltr'><strong>Normanniae</strong></span> <span class='ocrx_word' id='word_1_886' title='bbox 2454 5136 2779 5187; x_wconf 73' lang='lat' dir='ltr'><strong>hmreditate.</strong></span> 
     </span>
    </p>
   </div>
   <div class='ocr_carea' id='block_1_120' title="bbox 2000 5202 3497 5274">
    <p class='ocr_par' dir='ltr' id='par_1_120' title="bbox 2000 5202 3497 5274">
     <span class='ocr_line' id='line_1_121' title="bbox 2000 5202 3497 5274; baseline 0.003 -17"><span class='ocrx_word' id='word_1_887' title='bbox 2000 5202 2025 5241; x_wconf 71' lang='grc' dir='ltr'>ἀ</span> <span class='ocrx_word' id='word_1_888' title='bbox 2050 5204 2327 5257; x_wconf 85' lang='lat' dir='ltr'><strong>&#39;l‘arvenua</strong></span> <span class='ocrx_word' id='word_1_889' title='bbox 2352 5203 2672 5274; x_wconf 84' lang='lat' dir='ltr'><strong>Morinorum</strong></span> <span class='ocrx_word' id='word_1_890' title='bbox 2697 5204 2819 5256; x_wconf 91' lang='lat' dir='ltr'><strong>urbs</strong></span> <span class='ocrx_word' id='word_1_891' title='bbox 2840 5203 3034 5274; x_wconf 69' lang='lat' dir='ltr'><strong>smctilo</strong></span> <span class='ocrx_word' id='word_1_892' title='bbox 3057 5203 3292 5269; x_wconf 88' lang='lat' dir='ltr'><strong>proxime</strong></span> <span class='ocrx_word' id='word_1_893' title='bbox 3312 5213 3497 5274; x_wconf 82' lang='lat' dir='ltr'><strong>elapso</strong></span> 
     </span>
    </p>
   </div>
   <div class='ocr_carea' id='block_1_121' title="bbox 1929 5272 3498 5344">
    <p class='ocr_par' dir='ltr' id='par_1_121' title="bbox 1929 5272 3498 5344">
     <span class='ocr_line' id='line_1_122' title="bbox 1929 5272 3498 5344; baseline 0.001 -15"><span class='ocrx_word' id='word_1_894' title='bbox 1929 5275 2124 5338; x_wconf 89' lang='lat' dir='ltr'><strong>diruta,</strong></span> <span class='ocrx_word' id='word_1_895' title='bbox 2169 5289 2320 5337; x_wconf 76' lang='lat' dir='ltr'><strong>cujus</strong></span> <span class='ocrx_word' id='word_1_896' title='bbox 2363 5276 2518 5327; x_wconf 88' lang='lat' dir='ltr'><strong>sedes</strong></span> <span class='ocrx_word' id='word_1_897' title='bbox 2560 5273 2876 5340; x_wconf 75' lang='lat' dir='ltr'><strong>epismpalis</strong></span> <span class='ocrx_word' id='word_1_898' title='bbox 2923 5272 2975 5325; x_wconf 91' lang='lat' dir='ltr'><strong>in</strong></span> <span class='ocrx_word' id='word_1_899' title='bbox 3016 5280 3123 5326; x_wconf 88' lang='lat' dir='ltr'><strong>tres</strong></span> <span class='ocrx_word' id='word_1_900' title='bbox 3162 5272 3498 5344; x_wconf 75' lang='lat' dir='ltr'><strong>episcopatus</strong></span> 
     </span>
    </p>
   </div>
   <div class='ocr_carea' id='block_1_122' title="bbox 1931 5343 3499 5413">
    <p class='ocr_par' dir='ltr' id='par_1_122' title="bbox 1931 5343 3499 5413">
     <span class='ocr_line' id='line_1_123' title="bbox 1931 5343 3499 5413; baseline 0.004 -16"><span class='ocrx_word' id='word_1_901' title='bbox 1931 5345 2094 5397; x_wconf 74' lang='lat' dir='ltr'><strong>divisa</strong></span> <span class='ocrx_word' id='word_1_902' title='bbox 2147 5343 2277 5409; x_wconf 83' lang='lat' dir='ltr'><strong>fuit,</strong></span> <span class='ocrx_word' id='word_1_903' title='bbox 2324 5344 2747 5405; x_wconf 85' lang='lat' dir='ltr'><strong>Bononiensetn,</strong></span> <span class='ocrx_word' id='word_1_904' title='bbox 2803 5343 3396 5413; x_wconf 82' lang='lat' dir='ltr'><strong>Audotnampolitanniu</strong></span> <span class='ocrx_word' id='word_1_905' title='bbox 3443 5359 3499 5403; x_wconf 87' lang='lat' dir='ltr'><strong>et</strong></span> 
     </span>
    </p>
   </div>
   <div class='ocr_carea' id='block_1_123' title="bbox 1931 5416 2217 5468">
    <p class='ocr_par' dir='ltr' id='par_1_123' title="bbox 1931 5416 2217 5468">
     <span class='ocr_line' id='line_1_124' title="bbox 1931 5416 2217 5468; baseline -0.01 0"><span class='ocrx_word' id='word_1_906' title='bbox 1931 5416 2217 5468; x_wconf 76' lang='lat' dir='ltr'><strong>Iureusem.</strong></span> 
     </span>
    </p>
   </div>
   <div class='ocr_carea' id='block_1_124' title="bbox 1955 5433 3500 5551">
    <p class='ocr_par' dir='ltr' id='par_1_124' title="bbox 1955 5433 3500 5551">
     <span class='ocr_line' id='line_1_125' title="bbox 1955 5433 2217 5484; baseline -0.008 -17"><span class='ocrx_word' id='word_1_907' title='bbox 1955 5433 2217 5484; x_wconf 74' lang='lat' dir='ltr'><strong>prensum.</strong></span> 
     </span>
     <span class='ocr_line' id='line_1_126' title="bbox 2010 5482 3500 5551; baseline 0.003 -14"><span class='ocrx_word' id='word_1_908' title='bbox 2010 5494 2034 5520; x_wconf 75' lang='grc' dir='ltr'><strong>ο</strong></span> <span class='ocrx_word' id='word_1_909' title='bbox 2065 5485 2283 5537; x_wconf 83' lang='lat' dir='ltr'><strong>Mortem</strong></span> <span class='ocrx_word' id='word_1_910' title='bbox 2330 5484 2447 5551; x_wconf 89' lang='lat' dir='ltr'><strong>ejus</strong></span> <span class='ocrx_word' id='word_1_911' title='bbox 2503 5482 2668 5536; x_wconf 88' lang='lat' dir='ltr'><strong>rel&#39;ert</strong></span> <span class='ocrx_word' id='word_1_912' title='bbox 2724 5483 2914 5537; x_wconf 86' lang='lat' dir='ltr'><strong>Marius</strong></span> <span class='ocrx_word' id='word_1_913' title='bbox 2960 5483 3025 5538; x_wconf 89' lang='lat' dir='ltr'><strong>ad</strong></span> <span class='ocrx_word' id='word_1_914' title='bbox 3071 5500 3159 5538; x_wconf 89' lang='lat' dir='ltr'><strong>an.</strong></span> <span class='ocrx_word' id='word_1_915' title='bbox 3203 5486 3325 5541; x_wconf 76' lang='lat'><strong>5.78.</strong></span> <span class='ocrx_word' id='word_1_916' title='bbox 3377 5489 3500 5549; x_wconf 59' lang='lat' dir='ltr'><strong>Ejus</strong></span> 
     </span>
    </p>
   </div>
   <div class='ocr_carea' id='block_1_125' title="bbox 1941 5554 3498 5678">
    <p class='ocr_par' dir='ltr' id='par_1_125' title="bbox 1941 5554 3498 5678">
     <span class='ocr_line' id='line_1_127' title="bbox 1941 5554 3498 5678; baseline 0.003 -72"><span class='ocrx_word' id='word_1_917' title='bbox 1941 5569 2136 5678; x_wconf 51' lang='lat' dir='ltr'><strong>filirpns</strong></span> <span class='ocrx_word' id='word_1_918' title='bbox 2167 5555 2402 5678; x_wconf 58' lang='lat' dir='ltr'><strong>Parisiqs)</strong></span> <span class='ocrx_word' id='word_1_919' title='bbox 2424 5565 2603 5622; x_wconf 85' lang='lat' dir='ltr'><strong>postea</strong></span> <span class='ocrx_word' id='word_1_920' title='bbox 2632 5554 2863 5611; x_wconf 85' lang='lat' dir='ltr'><strong>delatum</strong></span> <span class='ocrx_word' id='word_1_921' title='bbox 2896 5557 3340 5623; x_wconf 78' lang='lat' dir='ltr'><strong>cst,ut.habetur</strong></span> <span class='ocrx_word' id='word_1_922' title='bbox 3369 5559 3498 5613; x_wconf 84' lang='lat' dir='ltr'><strong>intra</strong></span> 
     </span>
     <span class='ocr_line' id='line_1_128' title="bbox 1963 5642 2421 5678; baseline 0 0"><span class='ocrx_word' id='word_1_923' title='bbox 1963 5646 2032 5678; x_wconf 71' lang='grc' dir='ltr'><strong>Ι).</strong></span> <span class='ocrx_word' id='word_1_924' title='bbox 2059 5642 2169 5678; x_wconf 71' lang='lat' dir='ltr'><strong>Vill.</strong></span> <span class='ocrx_word' id='word_1_925' title='bbox 2192 5642 2307 5678; x_wconf 68' lang='lat' dir='ltr'><strong>Cilll.</strong></span> <span class='ocrx_word' id='word_1_926' title='bbox 2407 5666 2421 5678; x_wconf 88' lang='lat'><strong>.</strong></span> 
     </span>
    </p>
   </div>
   <div class='ocr_carea' id='block_1_126' title="bbox 1941 5629 2447 5695">
    <p class='ocr_par' dir='ltr' id='par_1_126' title="bbox 1941 5629 2447 5695">
     <span class='ocr_line' id='line_1_129' title="bbox 1941 5629 2447 5695; baseline 0.004 -14"><span class='ocrx_word' id='word_1_927' title='bbox 1941 5629 2032 5681; x_wconf 89' lang='lat' dir='ltr'><strong>lib.</strong></span> <span class='ocrx_word' id='word_1_928' title='bbox 2059 5642 2169 5693; x_wconf 84' lang='lat' dir='ltr'><strong>vut,</strong></span> <span class='ocrx_word' id='word_1_929' title='bbox 2192 5642 2307 5695; x_wconf 76' lang='lat' dir='ltr'><strong>Cap.</strong></span> <span class='ocrx_word' id='word_1_930' title='bbox 2340 5629 2447 5683; x_wconf 79' lang='lat'><strong>10..</strong></span> 
     </span>
    </p>
   </div>
  </div>
