3994 6194
545 219 648 274 332!

1528 217 1566 275 s
1631 218 1961 275 GREGORII
2001 218 2303 276 EPISCOPI
2344 179 2773 277 TUitONENSts

3702 217 3794 274 3ἱο

542 331 810 391 allectum,
836 328 1119 384 infeliciter
1148 338 1489 384 necaverunt.
1515 327 1861 385 Grindtonem
1885 345 2119 401 quoque,
2154 337 2199 391 Α
2230 343 2411 384 ameta
2437 374 2454 400 ,
2487 342 2766 399 reperiunt
2796 339 2847 385 et
2878 329 3089 384 tertiam
3131 345 3147 386 :
3174 328 3435 399 jussuque
3462 329 3590 399 'ejus
3616 340 3669 386 et
3694 331 3797 388 hcc

543 425 802 478 intextum
830 434 976 488 rotte,
1004 424 1056 477 in
1082 423 1307 478 sublime
1336 423 1693 489 sustulerunt;
1722 425 2054 479 Gucilionem
2075 434 2122 491 ⁸,

547 514 638 582 qui
671 513 932 581 quondam
966 529 1146 568 comes
1194 515 1373 582 palatii
1426 515 1677 581 Sigiherti
1736 516 1877 584 regis
1935 518 2123 582 fuerat,

544 605 786 660 abscisso
811 605 986 675 capite
1015 607 1414 661 interfecerunt.
1444 606 1549 661 Sed
1571 618 1623 661 et
1653 607 1786 661 alios
1817 606 2009 660 multos
2038 608 2128 673 qui

545 710 665 751 cum
695 698 884 751 eodem
912 707 1187 761 venerant,
1217 698 1420 753 crudeli
1452 714 1584 754 nece
1609 700 1835 753 diversis
1866 700 2127 754 mortibus

545 786 858 841 affecerint.
903 788 1277 854 Loquebantur
1305 792 1465 844 etiant
1500 800 1623 844 tunc
1652 790 1916 853 homines,
1944 791 1996 845 in
2030 793 2128 844 hac

545 879 1000 935 circnmvcntione
1023 881 1263 950 Egitlium
1292 879 1320 917 ³³
1353 882 1661 951 episcopum
1691 891 1748 935 et
1776 881 2129 936 Guotchram-

551 986 676 1023 num
702 971 960 1025 Bosoncm
987 969 1153 1026 fuisse
1180 974 1466 1026 maximum
1488 982 1668 1041 caput,
1698 988 1763 1027 eo
1792 975 1931 1042 quod
1956 974 2126 1027 Gunt-

547 1060 835 1116 chramnus
866 1061 1233 1131 Fredeguodis
1264 1064 1462 1132 regime
1507 1065 1729 1118 occultis
1757 1065 2008 1118 amicitiis
2035 1078 2130 1132 po-

548 1154 737 1205 tiretur
771 1168 868 1223 pro
914 1155 1282 1209 interiectione
1305 1156 1696 1221 Tlteodoberti;
1732 1157 1949 1225 Egidins
1977 1172 2125 1221 vero,

551 1246 691 1312 quod
723 1246 768 1299 ei
797 1247 902 1315 jam
934 1248 1091 1316 longo
1118 1259 1355 1314 tempore
1382 1258 1528 1303 esset
1552 1264 1729 1303 carus.

626 1335 743 1391 XX.
787 1337 917 1389 Cum
976 1350 1149 1390 autem
1214 1338 1454 1393 Justinus
1512 1341 1802 1409 imperator
1840 1351 1884 1405 ο,
1930 1341 2129 1395 amisso

554 1443 717 1481 sensu
738 1469 753 1492 ,
787 1444 971 1481 amens
1001 1429 1219 1483 ell‘cctus
1246 1440 1423 1494 esset,
1451 1441 1504 1485 et
1535 1447 1628 1499 per
1660 1433 1824 1485 solam
1872 1432 2125 1499 Sophiam

556 1532 832 1589 augustam
865 1522 979 1589 ejus
1007 1521 1283 1589 imperium
1314 1534 1605 1590 regeretur,
1631 1524 1809 1592 populi
1830 1567 1845 1592 ,
1872 1538 1927 1578 ut
1957 1525 2008 1579 in
2040 1540 2130 1578 su-

556 1613 768 1678 periore
786 1612 918 1665 libro
936 1610 1045 1681 jam
1065 1612 1298 1667 diximus
1320 1612 1457 1684 (Lib.
1483 1630 1556 1679 tv,
1580 1631 1693 1684 cap.
1719 1615 1834 1682 53),
1859 1615 2126 1669 Tiberium

2231 423 2488 477 aufertur.
2518 425 2629 489 Qua
2658 424 2831 478 ablata
2854 467 2868 486 ,
2904 422 3179 477 inveniunt
3210 439 3459 492 magnum
3492 426 3789 479 theszturutu

2230 515 2513 569 habentem
2547 531 2705 583 supra
2739 516 2882 568 mille
2913 517 3026 569 auri
3060 516 3389 568 cetttenaria.
3425 516 3802 585 Sublatumque

2229 619 2440 673 aurum,
2475 608 2798 676 pauperibus
2825 606 2997 660 adhuc
3023 606 3403 671 abundantius,
3429 618 3488 660 ut
3516 622 3805 661 consuch-

2230 707 2331 759 rat,
2357 698 2726 753 subministrat
2775 715 2789 749 :
2831 713 2929 753 nec
2974 699 3023 752 ei
3068 698 3322 752 Dominus
3355 697 3554 765 aliquid
3582 698 3807 753 deiicere

2232 788 2354 842 fecit
2379 797 2403 825 ο
2433 804 2528 857 pro
2557 788 2696 842 bona
2722 789 2999 843 voluntate
3024 803 3141 842 sua.
3169 787 3304 854 Quid
3350 787 3396 839 ei
3449 790 3500 840 in
3542 800 3804 857 po~terunt

2232 878 2489 933 Dominus
2520 880 2907 944 transmiserit,
2941 895 3045 933 non
3072 878 3336 933 omittam.
3361 878 3561 934 Narses
3588 879 3681 933 ille
3708 881 3805 933 dux

2232 968 2396 1024 ltalize
2428 968 2473 1033 τ,
2505 984 2626 1023 cum
2675 969 2728 1024 in
2774 969 3001 1040 quadam
3049 970 3264 1024 (ivitate
3304 969 3522 1023 domum
3568 984 3808 1040 magnam

2233 1062 2487 1126 haberet,
2518 1061 2572 1114 in
2603 1059 2805 1114 Italiam
2836 1074 2955 1114 cum
2990 1060 3173 1114 multis
3199 1059 3464 1114 thesauris
3491 1075 3739 1129 egressus
3762 1069 3807 1129 ε,

2232 1153 2296 1206 ad
2319 1167 2479 1222 supra
2508 1161 2856 1207 memoratam
2886 1152 3070 1206 urbem
3095 1151 3310 1206 advenit
3333 1169 3345 1204 ε
3372 1151 3551 1221 ibique
3579 1153 3631 1205 in
3659 1155 3808 1206 dotno

2231 1259 2326 1298 sua
2364 1244 2576 1299 occulte
2620 1244 2905 1298 cisternam
2952 1258 3197 1312 magnam
3246 1241 3408 1305 fodit,
3436 1245 3487 1297 in
3518 1258 3621 1311 qua
3654 1243 3807 1297 multa

2233 1335 2395 1390 millia
2419 1335 2847 1389 centenariorum
2873 1336 2988 1388 auri
3014 1335 3171 1407 231
3202 1335 3513 1403 argentique
3542 1335 3773 1405 reposuit
3798 1357 3807 1388 :

2233 1429 2412 1498 ibique
2444 1428 2746 1483 interfectis
2777 1428 3026 1491 consciis,
3056 1428 3143 1480 uni
3179 1428 3541 1479 tantummodo
3572 1429 3689 1481 seni
3723 1444 3811 1496 per

2228 1520 2592 1589 juramentum
2620 1519 2831 1573 condita
2860 1518 3274 1572 commendavit.
3304 1517 3671 1588 Defunctoque
3696 1520 3812 1572 Nar-

2232 1622 2347 1665 sete
2397 1614 2509 1666 ltzec
2555 1610 2656 1666 sub
2702 1621 2847 1665 terra
2894 1610 3147 1665 latebant.
3196 1612 3434 1680 Cumque
3479 1611 3813 1678 supradictus

559 1702 825 1757 Catsarem
854 1703 1148 1771 elegerunt,
1174 1704 1378 1762 utilem,
1402 1716 1700 1770 strenuum,
1727 1718 1885 1775 atque
1914 1706 2126 1773 sapien-
2160 1713 2201 1771 Β
2231 1719 2395 1758 senex
2426 1705 2583 1773 hujus
2612 1704 2984 1772 eleemosynas
3010 1698 3224 1756 assidue
3252 1711 3517 1765 cerneret,
3548 1702 3721 1771 pergit
3751 1704 3810 1754 ad

559 1801 685 1860 tem,
709 1795 1214 1865 eleemosynzirium,
1240 1796 1564 1864 ioopumque
1589 1798 1847 1865 optimum
1879 1798 2127 1853 defenso-

552 1884 799 1949 τεταριιί
830 1900 949 1938 cum
982 1886 1143 1938 multa
1168 1888 1233 1939 de
1263 1886 1529 1940 thesauris
1553 1902 1684 1957 quos
1706 1888 2128 1959 2301ustinus

550 1977 876 2044 aggregavit,
901 1976 1222 2042 pauperibus
1253 1989 1517 2047 erogaret,
1545 1991 1599 2032 et
1625 1980 1858 2050 Augusta
1891 1980 1977 2035 illa
2004 1997 2124 2035 eum

552 2070 882 2139 frequentius
913 2074 1231 2140 increparet,
1257 2073 1395 2142 quod
1430 2075 1807 2142 rempublicam
1837 2076 2129 2147 redegisset

557 2164 609 2216 in
653 2175 1050 2233 paupertatem,
1083 2166 1391 2234 diceretque
1421 2184 1433 2218 :
1464 2167 1610 2234 Quod
1641 2182 1740 2236 ego
1770 2169 1947 2222 multis
1975 2171 2127 2222 annis

554 2256 929 2325 aggregavi,tu
960 2258 1093 2309 infra
1125 2273 1346 2325 paucum
1372 2269 1576 2327 tempus
1602 2260 1817 2330 prodige
1836 2261 2127 2331 dispergis,

558 2346 733 2399 aiebat
760 2346 846 2399 ille
874 2364 887 2400 :
919 2347 1030 2399 Non
1060 2347 1230 2401 deerit
1261 2348 1388 2401 fisco
1415 2361 1619 2415 nostro,
1642 2360 1840 2405 tantum
1871 2367 2129 2421 pauperes

563 2438 958 2510 cleemosynam
991 2438 1283 2508 accipiant,
1310 2446 1403 2493 aut
1431 2442 1624 2510 captivi
1658 2443 2003 2498 redimantur.
2034 2443 2128 2497 Hic

558 2538 642 2584 est
680 2529 823 2583 enim
869 2545 1088 2600 magnus
1119 2532 1428 2596 thesaurus,
1454 2534 1664 2587 dicente
1696 2534 1917 2587 Domino
1947 2552 1959 2586 :
1995 2534 2127 2588 Tlte-

556 2622 811 2674 saurizate
846 2621 982 2675 vobis
1024 2622 1284 2678 thesauros
1320 2627 1371 2678 in
1411 2625 1569 2689 (telo,
1602 2628 1687 2679 ubi
1730 2644 1886 2696 neque
1923 2644 2126 2697 terugo,

562 2726 718 2778 neque
764 2711 896 2764 tinea
943 2715 1264 2785 corrumpit;
1304 2728 1351 2769 et
1392 2717 1473 2770 ubi
1520 2722 1656 2787 [ures
1694 2737 1793 2773 non
1838 2721 2126 2789 e/fodinnt,

557 2816 645 2853 nec
687 2808 923 2867 {urantur
970 2802 1190 2873 (Matth.
1238 2821 1329 2872 v1,
1367 2805 1493 2876 20).
1536 2808 1675 2879 Ergo
1722 2811 1790 2864 de
1833 2810 1935 2866 hoc
1983 2816 2121 2882 quod

560 2890 699 2945 Deus
738 2891 903 2960 dedit,
928 2908 1311 2966 congregemus
1346 2913 1440 2966 per
1481 2914 1737 2966 pauperes
1782 2900 1834 2955 iu
1877 2903 2037 2967 cmlo,
2073 2912 2131 2957 ut

567 2981 819 3038 Dominus
852 2985 1006 3040 nobis
1033 3000 1228 3057 augere
1267 2989 1514 3060 dignetur
1556 2992 1605 3045 in
1648 2994 1864 3048 sarculo.
1892 2992 1954 3049 Et
1981 3001 2125 3066 quia,

2231 1813 2350 1851 eum
2372 1837 2387 1861 ,
2412 1798 2596 1852 dicens
2631 1816 2645 1851 :
2678 1796 2772 1861 Si,
2805 1796 3004 1865 inquit,
3038 1795 3164 1848 mihi
3195 1794 3390 1863 aliquid
3420 1795 3671 1864 prodest,
3702 1809 3812 1847 ma-

2230 1906 2389 1960 gnam
2432 1904 2543 1943 rem
2590 1889 2707 1954 tibi,
2737 1887 2938 1952 Caesar,
2967 1888 3194 1946 edicam.
3227 1887 3324 1940 Cui
3375 1886 3466 1940 ille
3510 1904 3523 1938 :
3578 1886 3693 1949 Dic,
3720 1887 3812 1951 ait,

2229 1982 2368 2051 quod
2401 1980 2653 2033 volueris.
2688 1977 2931 2033 Proderit
2960 1981 3102 2034 enim
3138 1979 3269 2043 tibi,
3301 1977 3345 2032 si
3375 1978 3628 2048 quiddam
3665 1979 3813 2033 nobis

2234 2073 2567 2140 profuturum
2597 2086 2717 2125 esse
2744 2070 3062 2125 narraveris.
3087 2071 3442 2136 Tltesaurum,
3471 2070 3663 2139 inqttit,
3687 2070 3813 2124 Nar-

2233 2166 2365 2218 setis
2388 2163 2718 2219 reconditum
2744 2164 2934 2228 habeo,
2953 2164 3091 2233 quod
3124 2163 3174 2215 in
3200 2171 3441 2217 extremo
3464 2162 3586 2216 vita:
3614 2164 3812 2231 positus

2237 2260 2418 2311 celare
2465 2272 2569 2310 non
2618 2271 2855 2327 possum.
2892 2255 3041 2310 'Iunc
3087 2254 3268 2309 Caesar
3296 2254 3540 2309 'liberius
3580 2257 3809 2324 gavisus,

2232 2348 2397 2402 mittit
2418 2363 2588 2415 usque
2617 2347 2682 2401 ad
2712 2348 2886 2401 locum
2918 2360 3110 2416 pueros
3137 2362 3264 2400 suos
3289 2362 3302 2398 :
3330 2345 3668 2416 praecedente
3690 2360 3809 2400 vero

2230 2456 2386 2503 sene,
2422 2441 2471 2493 lti
2513 2450 2808 2509 sequuntur
2837 2439 3066 2492 attoniti.
3100 2438 3587 2505 Pervenientesiiue
3631 2439 3697 2492 ad
3739 2440 3810 2493 ci-

2233 2542 2490 2595 sternam,
2517 2532 2940 2600 deopertamque
2969 2531 3361 2600 ingrediuntur,
3392 2532 3444 2584 in
3474 2545 3576 2600 qua
3609 2540 3809 2583 tantum

2231 2638 2417 2676 aurum
2446 2632 2832 2691 argentumque
2859 2615 3152 2691 reperiunt,
3174 2632 3230 2675 ut
3256 2638 3350 2689 per
3371 2620 3567 2675 multos
3589 2621 3706 2674 dies
3728 2623 3810 2673 vix

2230 2723 2583 2768 evacuaretur
2613 2728 2641 2767 a
2672 2714 3095 2781 deportantthns.
3128 2711 3193 2766 Et
3221 2727 3287 2767 ex
3320 2714 3419 2765 hoc
3450 2711 3539 2765 ille.
3578 2710 3809 2780 amplius

2235 2806 2389 2859 hilari
2415 2807 2727 2874 erogatione
2752 2804 3081 2873 dispensavit
3110 2803 3313 2873 egenis.

2305 2899 2441 2955 XXI.
2474 2899 2634 2969 Igitur
2658 2898 2684 2936 δ
2714 2909 2897 2953 contra
2927 2897 3201 2954 Salonium
3229 2895 3684 2964 Sagittariumque
3704 2895 3811 2963 epi-

2235 3005 2427 3061 scopos
2457 2989 2713 3044 tumultus
2742 2991 3003 3043 exoritur.
3039 2988 3097 3042 lli
3139 2988 3278 3042 enim
3311 3003 3339 3040 a
3369 2987 3565 3041 Sancto
3605 2986 3811 3041 Nicetio

561 3085 616 3129 ut
642 3076 903 3142 diximus,
929 3094 1151 3147 magnus
1191 3090 1244 3135 et
1281 3096 1437 3136 verus
1478 3083 1806 3139 Christianus
1835 3097 1978 3149 erat,
2002 3088 2126 3143 dum
2154 3078 2200 3141 C
2233 3083 2573 3155 Lugdunensi
2622 3083 2873 3152 episcOpo
2919 3082 3168 3150 educati,
3215 3080 3531 3133 diaconatus
3573 3078 3810 3133 ofﬁciunt

563 3166 717 3218 hilari
746 3165 1119 3222 distributione
1150 3171 1469 3238 pauperibus
1498 3187 1652 3242 opem
1685 3183 1932 3243 pt‘tPSlal,
1959 3180 2127 3248 magis

560 3271 623 3310 ac
649 3256 816 3327 magis
842 3257 890 3311 ei
927 3259 1180 3314 Dominus
1206 3261 1592 3317 subministrat.
1620 3265 1750 3319 Nam
1779 3266 2127 3324 deambulans

560 3362 655 3416 per
701 3346 986 3417 palatium,
1030 3349 1155 3403 vidit
1202 3350 1253 3404 in
1306 3353 1607 3420 pavimento
1654 3355 1845 3410 domus
1895 3360 2124 3412 tabulam

562 3456 946 3507 marmoream,
972 3442 1023 3495 in
1054 3458 1152 3513 qua
1182 3460 1310 3499 crux
1346 3446 1616 3502 Dominica
1658 3460 1773 3504 erat
1813 3454 2015 3520 sculpta
2038 3494 2053 3520 ,
2075 3464 2130 3510 et

558 3534 632 3586 ait
664 3548 678 3584 :
709 3529 880 3587 Cruce
912 3542 1030 3598 tua,
1060 3534 1309 3603 Domine,
1336 3537 1564 3593 frontem
1595 3550 1831 3596 nostram
1862 3545 2128 3601 munimus

557 3634 611 3679 et
634 3635 865 3693 pectora,
882 3635 934 3677 et
948 3640 1072 3679 ecce
1091 3640 1302 3681 crucem
1325 3629 1425 3681 sub
1448 3629 1666 3697 pedibus
1685 3632 2057 3689 conculcamus
2073 3634 2122 3689 ά.

562 3718 627 3770 Et
655 3718 797 3771 dic:o
826 3717 982 3772 citius
1006 3718 1163 3788 jussit
1191 3735 1310 3775 eum
1343 3722 1574 3790 auferri,
1597 3724 1915 3797 defossaque
1947 3730 2123 3784 tabula

558 3819 715 3875 atque
750 3821 948 3875 erecta,
976 3810 1249 3865 inveniunt
1289 3813 1474 3869 subter
1513 3827 1567 3870 et
1600 3818 1756 3873 aliam
1788 3821 1887 3873 hoc
1915 3822 2124 3891 signum

557 3903 858 3957 habentem.
888 3904 1322 3975 Nuntiantesque,
1346 3906 1501 3976 jussit
1524 3918 1576 3963 et
1604 3909 1744 3964 illam
1768 3913 2124 3981 aulerre.Qua

628 4072 652 4099 '
678 4059 1253 4137 Corh..__Gt_tcio_lonem;
1301 4064 1455 4129 Bell.,
1488 4065 1824 4129 Ciucilonem,
1849 4071 1937 4130 qui
1966 4086 2127 4137 quon-

555 4150 673 4186 nam
710 4133 890 4205 palatii
929 4134 1199 4205 Sigibertig
1221 4137 1411 4190 Comes
1445 4138 1621 4203 palatii
1656 4133 1986 4205 prtepo~itus
2011 4154 2125 4193 erat

556 4206 736 4272 regiae,
756 4203 861 4273 juri
891 4206 1123 4275 dicundo
1154 4204 1400 4272 prarcrat,
1423 4223 1483 4259 ac
1512 4222 1595 4260 res
1624 4203 1838 4275 majoris
1868 4212 2123 4263 momenti

554 4274 930 4346 refereliatad
983 4276 1310 4343 principem;
1356 4289 1403 4328 et
1451 4285 1507 4328 ιιι
1552 4274 2010 4346 archil-apellanns
2055 4282 2124 4335 de

554 4344 934 4416 ecclesiasticis
979 4346 1171 4408 rebus,
1198 4361 1316 4414 qua:
1344 4348 1406 4397 ad
1439 4346 1692 4416 palatium
1720 4344 2119 4416 deferebantur,

2229 3186 2352 3232 sunt
2383 3176 2557 3231 sortiti
2585 3192 2599 3229 :
2625 3174 2887 3243 Itujusq-ie
2916 3184 3155 3241 tempore
3185 3171 3433 3225 Salonius
3464 3168 3812 3223 Ebredunen-

2230 3269 2304 3323 sis
2330 3265 2346 3305 ι
2376 3267 2543 3332 urbis,
2571 3266 2994 3335 Sagittariuaque
3023 3264 3336 3335 Vapigensis
3360 3261 3613 3317 Ecclesia:
3636 3276 3812 3317 sacer-

2229 3362 2382 3414 dotes
2429 3369 2757 3413 statuuntur.
2802 3356 2908 3412 Sed
2955 3366 3193 3411 assumto
3232 3358 3563 3425 episcopatu,
3592 3355 3645 3407 itt
3688 3368 3809 3424 pro-

2231 3455 2402 3521 prium
2447 3452 2603 3507 relati
2647 3452 2957 3515 arbitrium,
2984 3459 3261 3518 cmpcrunt
3292 3449 3342 3501 in
3376 3446 3809 3517 pervasionibus,

2228 3544 2486 3613 caedibus,
2517 3542 2838 3606 homicidiis,
2863 3541 3162 3606 adulteriis,
3189 3542 3527 3609 diversisque
3558 3540 3610 3592 in
3642 3538 3810 3593 scele-

2230 3639 2395 3700 ribus,
2414 3639 2602 3693 insano
2624 3640 2803 3691 furore
2824 3636 3086 3704 grassari;
3123 3636 3190 3690 ita
3217 3636 3520 3702 utquodatn
3544 3645 3808 3705 tempore,

2228 3731 2533 3784 celebrante
2552 3729 2767 3783 Victore
2789 3727 3212 3781 Tricastinorum
3240 3726 3253 3777 i
3290 3730 3544 3797 episcopo
3564 3728 3810 3780 solemni—

2230 3834 2387 3879 tatem
2431 3823 2657 3877 natalitii
2700 3821 2803 3887 sui,
2837 3821 3030 3876 emissa
3072 3819 3315 3882 cohorte,
3347 3836 3466 3874 cum
3518 3820 3711 3889 gladiis
3758 3829 3809 3873 et

2228 3916 2434 3989 sagittis
2465 3917 2734 3971 irruerent
2759 3930 2916 3985 super
2943 3930 3089 3971 eum.
3116 3914 3505 3983 VenicnIi-sque
3537 3915 3809 3969 sciderunt

2300 4079 2336 4144 ﬁ
2358 4070 2446 4125 Sic
2474 4080 2679 4125 veteres
2709 4086 2838 4125 mss.
2869 4080 2921 4125 t-t
2946 4070 3075 4125 edit.
3104 4070 3303 4125 Cltesn.
3334 4085 3485 4138 vero,
3514 4072 3801 4144 ingressu.

2225 4140 2402 4202 Colb.,
2429 4158 2704 4212 regressus.

2297 4216 2323 4246 ⁵
2361 4209 2668 4278 lloc'caput
2694 4212 2843 4264 deest
2875 4211 2925 4265 iit
2957 4209 3145 4271 Coih..
3181 4211 3309 4265 Bell.
3342 4225 3389 4263 et
3430 4212 3585 4269 Coll).
3617 4213 3806 4269 Exstat

2226 4282 2279 4335 in
2306 4281 2482 4352 Casio.
2512 4292 2565 4335 et
2593 4282 2730 4335 aliis.
2755 4280 2972 4336 Confer.
2995 4298 3111 4352 cap.
3133 4280 3203 4334 ‘28
3236 4279 3390 4335 infra.
3416 4281 3597 4337 Refert
3624 4295 3804 4340 autem

2227 4355 2278 4405 in
2312 4355 2413 4404 hoc
2442 4351 2747 4420 Gregorius,
2772 4368 2890 4415 quae
2919 4351 3103 4407 saltent
3140 4367 3167 4405 a
3193 4354 3462 4420 det-ennio
3489 4355 3569 4408 his
3594 4355 3807 4411 duobus

553 4415 765 4509 sic'iste
783 4414 1219 4509 (ξςὲιὲειιξαειιιυε
1238 4416 1524 4509 ίιυόὲῖιιιιει.
1542 4415 1674 4472 Vide
1701 4419 1941 4488 Dignanii
1968 4414 2118 4475 uota;
2149 4450 2202 4509 D
2226 4421 2518 4509 episcopis,
2545 4414 3140 4509 Sagittarrio'sciiicet‘et
3169 4414 3411 4505 Salonio,
3441 4429 3801 4509 contigerant.

554 4488 607 4536 in
638 4483 727 4537 lib.
753 4501 765 4535 ι
798 4482 1055 4549 Marculli,
1083 4482 1301 4540 formula
1328 4484 1419 4541 25.

629 4552 653 4590 ι’
687 4554 901 4625 Egidius
929 4569 1020 4609 seu
1050 4555 1323 4625 IEgidius,
1354 4556 1520 4625 episc.
1554 4556 1898 4622 Rhemensis,
1928 4562 1996 4614 ob
2024 4578 2120 4617 sua

556 4632 664 4677 tam
685 4623 821 4698 bona
845 4639 1001 4698 quam
1025 4623 1159 4679 mala
1180 4623 1408 4680 facinora
1441 4628 1767 4683 notissimus.
1790 4630 1917 4698 Ejus
1940 4633 2120 4687 laudes

556 4694 893 4762 prosequitur
918 4693 1236 4750 Fortunatus
1258 4698 1349 4751 ltb.
1376 4713 1455 4763 Ill,
1478 4713 1645 4753 carm.
1675 4698 1760 4753 18.
1785 4693 1935 4755 Plura
1965 4705 2120 4763 deeo

550 4764 891 4891 grndoardus
916 4765 1011 4818 lib.
1040 4779 1080 4818 ιι
1110 4767 1245 4819 Hist.
1273 4768 1609 4833 liltetnensis,
1633 4778 1687 4822 et
1712 4776 1907 4840 passim
1941 4787 2122 4828 uoster

600 4851 853 4891 reaortus.

600 4851 853 4905 regortus.

627 4904 806 4982 {Vide
820 4920 938 4982 cap.
952 4904 1020 4982 _5_l
1049 4906 1283 4982 inferius.
1302 4906 1422 4982 llaec
1442 4919 1615 4982 autem
1639 4912 1816 4965 omnia
1839 4917 2118 4982 exscripsit

555 4979 747 5051 Paulus
778 4978 1043 5051 Diac._ltb.
1070 4978 1214 5051 tt_t_de
1238 4977 1412 5051 Gestis
1439 4979 1697 5047 Langob.,
1717 4997 1831 5051 cap.
1860 4984 1919 5036 ll
1951 4977 2112 5039 et'tz’.

624 5046 650 5085 ά
674 5049 1002 5123 Theodosius
1023 5059 1078 5103 et
1100 5048 1497 5123 Valentinianus
1520 5046 1796 5123 vetuerant
1820 5070 1885 5108 ne
1908 5055 2112 5123 signum

552 5122 728 5173 crucis
756 5120 1141 5189 insculperetur
1170 5122 1221 5174 in
1248 5120 1383 5183 solo,
1414 5122 1494 5175 vel
1525 5122 1718 5189 lapide,
1739 5126 1819 5177 vel
1849 5120 2114 5180 marmore

554 5192 696 5241 humi
730 5191 922 5265 posito.
953 5192 1210 5265 L._uni_c.,
1242 5192 1375 5265 μού.
1409 5192 1678 5247 Neminem
1710 5195 1794 5246 lic.
1826 5196 1957 5265 sign.
1986 5195 2114 5251 Vide

549 5270 603 5309 et
629 5274 745 5310 can.
773 5261 806 5313 6
834 5260 997 5314 Cone.
1021 5261 1277 5316 Trullani.

623 5336 648 5404 ξ
803 5331 958 5404 Corb.
982 5342 1037 5404 et
1062 5332 1223 5396 Bell.;
1256 5333 1403 5397 Bec.,
1434 5335 1613 5401 faciet;
1637 5334 1749 5398 alii,
1776 5337 2108 5404 permittebat.

624 5395 646 5434 ί
683 5399 966 5475 Eunuchus
991 5395 1375 5475 famosissimas
1391 5395 1646 5475 Belisario
1667 5395 2001 5471 subétitutus,
2021 5411 2109 5475 qui

550 5467 920 5545 Ostrogotthos
948 5470 1000 5545 i_n
1026 5471 1171 5545 Italia
1202 5475 1410 5545 penitus
1434 5474 1651 5539 delevit,
1674 5476 1766 5528 sed
1789 5476 1857 5529 ab
1876 5467 2109 5545 Augusta

552 5540 691 5593 male
720 5539 941 5613 habitus
964 5539 1334 5608 Langobardos
1360 5542 1412 5595 in
1441 5545 1683 5598 eamdem
1718 5539 1988 5613 regionem
2013 5552 2109 5600 ad-

551 5612 789 5683 vocavit;
809 5612 945 5683 quod
977 5622 1148 5683 tamen
1176 5613 1339 5683 gratis
1363 5617 1538 5667 hctum
1561 5612 1827 5669 existimat
1851 5616 2107 5681 Valesius,

552 5681 640 5733 lib.
672 5697 718 5734 ix
751 5696 854 5735 rer.
880 5680 1119 5734 Francic.

2301 4492 2315 4530 ί
2346 4494 2709 4565 Ehrodunum,
2726 4492 3039 4565 Embrun,et
3062 4494 3348 4563 Vapingum
3372 4509 3465 4547 seu
3481 4492 3800 4565 Vapincnm,

2227 4563 2358 4631 (inp,
2389 4564 2633 4617 civitates
2679 4565 2729 4616 in
2780 4564 3093 4631 Dalpttinattt
3141 4580 3323 4631 parmn
3353 4580 3380 4616 a
3414 4581 3537 4620 sese
3569 4563 3801 4624 invicem

2224 4634 2683 4697 dissitadiversa:
2717 4647 2887 4686 tamen
2914 4638 3198 4702 ριυνιιιθιιιξ
3222 4636 3622 4691 ecclesiasticas.
3650 4639 3804 4693 l’rior

2226 4719 2414 4771 nempe
2456 4705 2761 4774 metropolis
2808 4718 2887 4758 est
2936 4707 3142 4773 Alpium
3192 4705 3594 4764 Maritimarum.
3630 4711 3801 4763 altera

2225 4788 2349 4847 vero
2377 4776 2477 4829 sub
2503 4776 2826 4829 Narbonensi
2863 4774 2901 4828 Il
2932 4778 3329 4847 archiepiscopo
3358 4777 3591 4847 Aqnensi
3626 4793 3801 4847 paret.

2297 4845 2313 4895 l
2357 4847 2489 4898 Editi
2518 4847 2754 4914 plerique
2779 4862 2896 4898 cuin
2929 4846 3108 4913 liegm.
3127 4854 3183 4900 el
3206 4846 3352 4906 Bec.,
3372 4845 3801 4903 Tricassinorum.

2225 4915 2517 4969 Retinenda
2552 4925 2724 4970 tamen
2758 4925 2936 4969 nostin
2969 4920 3143 4971 lectio.
3171 4918 3298 4969 Nam
3332 4916 3635 4972 Tricassiua
3670 4922 3802 4975 urbs

2222 4995 2304 5057 est
2333 4987 2383 5039 in
2409 4986 2717 5055 Campania,
2734 4988 2889 5057 vulgo
2914 4988 3200 5057 'l'royes.At
3224 4987 3312 5041 hic
3336 4989 3650 5055 designatur
3669 4993 3805 5048 urbs

2221 5056 2637 5111 Tricastittorutn
2686 5058 2736 5110 in
2785 5056 3126 5123 Dalphinatu,
3158 5058 3313 5124 vulgo
3365 5057 3691 5113 Satin-Paul
3735 5065 3803 5118 de

2220 5125 2670 5198 'lfrois-Cltdteaux.
2693 5128 2756 5181 Et
2775 5127 2987 5195 quidem
3017 5129 3271 5198 ligusehius
3300 5131 3598 5198 presbyter,
3622 5132 3805 5186 Victo-

2219 5196 2291 5265 ris
2322 5197 2407 5249 hic
2437 5198 2714 5251 memorati
2747 5199 2994 5259 nomine,
3017 5196 3259 5251 Concilio
3290 5196 3531 5265 Lugdtitt.
3563 5216 3600 5254 ιι
3631 5203 3804 5258 inter-

2219 5264 2348 5331 luit,
2374 5278 2428 5321 et
2464 5268 2684 5336 ipsemet
2716 5268 2954 5322 Colicilio
3000 5269 3371 5322 Matisconensi
3404 5284 3421 5323 ι
3452 5272 3800 5337 subscripsit.

2220 5337 2453 5391 Natalitii
2480 5349 2654 5392 autent
2683 5338 2762 5392 sui
2790 5339 3100 5392 solemnitas
3127 5353 3283 5406 quam
3316 5340 3647 5405 celebrabit,
3676 5357 3801 5400 erat

2221 5409 2583 5460 anniversaria
2619 5409 3039 5462 consecrationis
3078 5424 3190 5461 sine
3226 5414 3343 5463 die»
3375 5412 3427 5464 iit
3458 5414 3798 5478 episcopum.

2314 5478 2532 5566 quidem
2555 5480 2895 5566 hodicqneitt
2918 5480 3207 5533 Potttilicali
3228 5480 3474 5566 litomauo
3492 5482 3642 5566 inter
3661 5484 3799 5541 fessio

2220 5550 2543 5620 solemnittra
2593 5560 2929 5618 Computatur
2965 5551 3383 5605 consecrationis
3421 5550 3797 5620 episciiporuttt

2218 5617 2354 5679 dies,
2377 5618 2466 5697 qui
2500 5634 2613 5673 mos
2653 5617 2732 5674 est
2773 5621 3039 5690 antiquus,
3072 5632 3125 5673 ut
3174 5630 3319 5690 patet
3356 5640 3419 5678 cx
3459 5617 3576 5679 'vet.
3606 5617 3793 5681 sacra-

2217 5698 2508 5743 meill‘dl‘lls.
