3994 6194
258 131 348 185 διι
1183 130 1494 186 HISTORIA
1541 131 1982 187 FRANCORIIM.
2027 133 2226 188 LIBER
2266 133 2581 201 QUINTUS.

3406 133 3508 187 559.

257 245 564 296 vestimenta
592 241 733 310 ejus,
753 243 1024 296 ministros
1044 243 1386 304 exciderunt,
1406 259 1530 296 vasa
1551 253 1601 298 et
1618 260 1827 298 omnem
1859 250 1907 306 Α
1937 261 2057 300 rans
2084 248 2220 318 quod
2255 247 2626 316 praetermissis
2667 260 2800 298 nunc
2831 244 3114 316 generibus
3163 243 3504 310 feminarum,

256 345 566 400 apparatum
590 341 616 367 ι
650 333 856 400 prandii
887 333 1213 398 auferentes,
1239 335 1597 400 relinquentes
1627 337 1835 403 episeo-

255 441 376 494 pum
408 426 460 477 in
495 425 682 490 grandi
714 425 1060 478 coiitumelia.
1086 425 1236 492 Quod
1266 441 1383 479 cum
1415 443 1504 480 rex
1538 426 1838 482 Guntchra~

259 531 411 568 mnus
444 516 606 584 232
638 517 1032 585 comperisset,
1063 517 1374 585 congregari
1405 519 1663 588 synodum
1699 518 1836 587 apud

259 608 440 659 urbem
491 607 906 674 Lugdunensem
954 607 1130 676 jussit.
1164 609 1553 680 Conjunctique
1601 613 1836 680 episcopi

262 711 377 748 cum
410 698 719 765 patriarcha
743 697 772 735 ι’
806 699 1010 753 Nieetio
1042 701 1217 768 beato,
1241 701 1503 756 discussis
1528 704 1735 766 causis,
1753 704 1836 756 in-

259 798 520 840 venerunt
542 803 638 842 eos
669 790 737 843 de
767 790 860 844 his.
879 792 1190 860 sceleribus,
1212 793 1402 861 quibus
1429 794 1836 857 accusabantur,

259 879 410 931 valde
441 880 750 945 convictos;
786 891 1263 950 prreceperuntque
1308 892 1364 936 ut
1403 885 1489 952 qui
1533 885 1652 937 talia
1689 900 1839 938 com-

259 972 542 1037 miserant,
567 972 908 1041 episcopatus
939 974 1141 1028 honore
1164 975 1518 1042 privarentur.
1539 979 1604 1030 At
1625 977 1698 1029 illi
1721 993 1841 1030 cum

260 1060 432 1113 adhuc
477 1061 765 1128 propitium
817 1063 918 1116 sibi
969 1079 1144 1130 regem
1194 1079 1313 1118 esse
1361 1075 1598 1131 nossent,
1625 1067 1689 1118 ad
1720 1081 1840 1120 eum

264 1153 546 1222 accedunt,
577 1155 928 1223 implorantes
969 1171 1026 1210 se
1071 1158 1264 1226 injuste
1305 1170 1538 1214 remotos
1580 1177 1594 1217 :
1637 1161 1843 1230 sibique

267 1244 424 1296 tribui
455 1244 753 1309 licentiam,
780 1255 837 1300 ut
866 1247 930 1300 ad
965 1263 1151 1318 papam
1200 1250 1346 1302 urbis
1391 1251 1644 1306 Romanae
1690 1269 1844 1308 aere-

264 1339 388 1388 dere
417 1336 672 1390 debeant.
701 1338 808 1390 Rex
838 1353 964 1392 vero
994 1355 1233 1393 annuens
1261 1341 1605 1408 petitionibus
1635 1358 1840 1408 eorum,

265 1427 400 1479 datis
433 1428 680 1494 epistolis
708 1443 806 1481 eos
829 1431 974 1482 abire
1001 1432 1262 1498 permisit.
1287 1432 1384 1498 Qui
1413 1434 1726 1488 accedentes
1755 1451 1845 1489 co-

266 1533 374 1569 ram
406 1533 543 1586 papa
571 1519 777 1572 Joanne
803 1529 850 1582 ε,
875 1531 1149 1589 exponunt
1175 1538 1234 1575 se
1263 1523 1459 1576 nullius
1489 1525 1710 1578 ratiOnis
1734 1527 1845 1579 exi-

1940 339 2079 406 regis
2110 339 2410 392 vocitantur
2440 338 2621 400 liberi,
2655 337 2742 406 qni
2787 337 2854 390 de
2894 336 3112 406 regibus
3151 335 3346 389 fuerint
3386 351 3508 403 pro-

1939 429 2134 483 creati.
2171 428 2260 482 His
2301 429 2495 482 auditis
2529 443 2619 481 rex
2651 436 2951 481 commotus
2979 427 3162 488 valde,
3196 436 3300 479 tam
3341 440 3507 493 equos

1939 536 2097 589 quam
2127 536 2350 590 pueros,
2380 521 2462 573 vel
2489 535 2816 588 quaecunque
2844 519 3036 573 habere
3066 519 3511 588 potuerant,abs-

1945 613 2092 678 tulit;
2126 615 2375 682 ipsosque
2420 615 2470 664 in
2528 612 2863 666 monasteriis
2892 629 2918 664 a
2949 628 3006 666 se
3037 611 3257 682 longiori
3287 626 3507 665 accessu

1941 706 2174 769 dimotis,
2199 707 2250 758 in
2278 705 2468 774 quibus
2499 705 2860 772 pmnitentiam
2889 716 3126 773 agerent.
3151 705 3346 759 inclttdi
3373 721 3510 773 pra--

1942 797 2109 864 cepit,
2142 811 2246 849 non
2281 797 2507 865 amplius
2535 811 2690 863 quam
2723 796 2958 861 singulos
2995 796 3072 849 eis
3101 797 3324 850 clericos
3351 797 3512 851 relin-

1943 903 2112 958 quens
2156 905 2169 940 :
2213 887 2422 956 judices
2454 889 2686 940 locorum
2719 886 3024 940 terribiliter
3053 900 3427 947 commonens.
3454 894 3512 940 ut

1945 979 2092 1046 ipsos
2120 992 2239 1031 cum
2272 972 2488 1029 armatis
2517 977 2784 1030 custodire
2811 976 3036 1028 debeant
3057 1019 3072 1043 ,
3114 993 3178 1030 ne
3207 976 3292 1030 cui
3321 976 3386 1029 ad
3417 991 3511 1030 eos

1945 1069 2240 1122 visitandos
2271 1069 2406 1120 ullus
2437 1077 2614 1135 pateat
2639 1069 2832 1120 aditus.
2855 1067 3178 1135 Snperslites
3199 1071 3338 1122 enim
3360 1078 3514 1122 erant

1947 1161 2032 1215 bis
2059 1160 2246 1215 diebus
2276 1160 2368 1213 ﬁlii
2399 1160 2568 1228 regis,
2593 1175 2657 1213 ex
2689 1160 2878 1228 quibus
2908 1161 3086 1213 senior
3117 1169 3374 1229 a’grotare
3403 1176 3514 1215 (τωρ

1951 1249 2048 1318 pit.
2067 1249 2394 1304 Accedentes
2415 1258 2592 1301 autem
2616 1249 2680 1300 ad
2710 1264 2888 1318 regem
2912 1247 3197 1302 familiares
3218 1247 3516 1317 ejus,dixe-

1948 1349 2114 1395 runt:
2148 1340 2202 1392 Si
2235 1340 2494 1408 propitius
2525 1338 2708 1392 audire
2734 1337 3039 1406 dignaretur
3066 1351 3159 1391 rex
3189 1337 3349 1392 verba
3395 1351 3512 1390 ser-

1949 1444 2137 1484 vorum
2169 1444 2408 1494 suorum,
2436 1430 2779 1498 loquerentur
2809 1429 2859 1480 in
2887 1429 3103 1481 auribus
3130 1429 3254 1484 tuis.
3277 1429 3374 1494 Qui
3399 1429 3472 1481 ait
3498 1445 3514 1482 :

1951 1521 2246 1592 Loquimini
2270 1535 2386 1589 quae
2411 1521 2555 1574 libet.
2583 1520 2941 1588 Dixeruntque
2965 1536 2978 1571 ε
3007 1519 3083 1572 Ne
3114 1519 3245 1572 forte
3267 1520 3520 1574 innocen-

271 1608 537 1662 stentibns
567 1611 744 1662 causis
774 1610 1002 1664 dimotos
1023 1612 1072 1666 ά.
1102 1613 1191 1666 Ille
1218 1628 1345 1667 vero
1371 1612 1624 1682 epistolas
1656 1616 1720 1667 ad
1752 1630 1839 1668 re-
1875 1622 1920 1680 Β
1950 1624 2030 1669 tes
2061 1615 2114 1667 hi
2141 1614 2376 1682 episcopi
2402 1612 2588 1667 exsilio
2617 1612 2951 1666 condemnati
2985 1612 3225 1673 fuissent.
3250 1620 3304 1667 et
3333 1627 3520 1682 peccas

270 1715 383 1767 gem
409 1700 615 1770 dirigit,
637 1701 688 1754 in
711 1701 903 1770 quibus
926 1703 1054 1758 locis
1075 1706 1187 1758 suis
1209 1706 1422 1758 eosdem
1449 1704 1650 1759 restitui
1668 1705 1845 1774 jubet.

272 1793 419 1857 Quod
452 1809 543 1848 rex
579 1795 698 1847 sine
726 1810 895 1856 mora,
917 1797 1188 1866 castigatis
1222 1799 1366 1865 prius
1397 1798 1498 1851 illis
1520 1800 1693 1853 verbis
1717 1800 1850 1851 mul-

271 1886 356 1944 tis,
383 1884 649 1952 implevit.
675 1886 780 1940 Sed
811 1888 973 1950 nulla,
999 1890 1137 1955 quod
1169 1890 1316 1957 pejus
1344 1899 1447 1955 est,
1472 1888 1571 1942 fuit
1599 1889 1850 1942 emenda-

274 1984 348 2033 tio
371 1981 662 2035 subsecuta
697 1999 711 2036 :
747 1992 920 2036 tamen
956 1981 1182 2037 Victoris
1208 1984 1444 2051 episc0pi
1479 1999 1658 2052 pacem
1689 1984 1851 2051 petie-

278 2082 419 2137 runt,
454 2071 669 2127 traditis
698 2073 1018 2137 hominibus,
1045 2088 1179 2141 quos
1209 2072 1260 2126 in
1290 2073 1607 2127 seditionem
1637 2074 1852 2128 direxe-

275 2174 415 2218 rant.
461 2166 568 2220 Sed
621 2166 708 2219 ille
755 2166 1064 2220 recordatus
1112 2167 1356 2235 praecepti
1409 2166 1699 2230 Dominici,
1746 2181 1850 2221 non

276 2257 471 2310 debere
499 2257 652 2311 reddi
683 2258 910 2310 inimicis
939 2259 1075 2312 mala
1109 2272 1204 2327 pro
1235 2257 1387 2311 malis
1417 2258 1592 2327 (Rom.
1617 2272 1712 2319 xu,
1742 2258 1849 2328 17‘),

274 2346 401 2399 nihil
452 2347 539 2400 his
587 2347 710 2399 mali
747 2347 980 2411 faciens,
1005 2348 1202 2401 liberos
1232 2347 1380 2402 abire
1406 2346 1670 2416 permisit.
1701 2345 1854 2401 Unde

276 2439 325 2491 in
369 2447 646 2506 posterum
689 2453 718 2490 a
762 2441 1136 2493 communione
1180 2452 1469 2506 suspensus
1513 2446 1617 2504 est,
1648 2453 1746 2508 pro
1789 2453 1854 2493 eo

277 2529 412 2596 quod
466 2529 680 2596 publice
726 2544 1002 2594 accusans,
1042 2530 1177 2584 clam
1227 2530 1454 2584 inimicis
1502 2531 1851 2600 pepercisset,

278 2621 477 2690 absque
511 2623 738 2675 consilio
769 2622 987 2676 fratrum
1009 2665 1024 2690 ,
1057 2639 1190 2694 quos
1219 2635 1581 2679 accusaverat.
1611 2626 1716 2681 Sed
1760 2641 1857 2696 per

281 2711 516 2768 favorem
547 2715 687 2784 regis
712 2716 900 2768 iterum
927 2717 978 2768 in
1001 2717 1427 2770 communionem
1453 2726 1732 2772 revocatus
1754 2729 1853 2772 est.

282 2807 342 2860 lli
369 2822 501 2860 vero
534 2808 585 2860 in
620 2808 912 2875 majoribus
943 2808 1233 2862 sceleribus
1275 2807 1510 2875 quotidie
1558 2809 1858 2862 misceban-

283 2908 362 2949 tur
389 2917 402 2950 :
441 2909 497 2951 et
531 2899 582 2950 in
613 2899 812 2964 prreliis
844 2899 947 2950 illis
968 2939 982 2961 ,
1013 2899 1150 2951 sicut
1174 2899 1282 2967 jam
1315 2913 1470 2964 supra
1515 2900 1852 2952 meminimus

1948 1711 2057 1758 tum
2102 1705 2242 1772 regis
2291 1714 2546 1772 augeatur
2589 1703 2640 1756 in
2681 1703 2885 1772 aliquo,
2918 1711 2972 1756 et
3001 1704 3117 1758 ideo
3150 1704 3287 1756 filius
3315 1703 3524 1760 domini

1951 1798 2115 1850 nostri
2144 1804 2343 1864 pereat.
2369 1794 2468 1859 Qui
2499 1795 2572 1846 ait
2600 1812 2613 1846 :
2649 1795 2720 1847 Ite
2747 1795 3087 1860 quantocius,
3112 1805 3164 1847 et
3195 1796 3366 1848 laxate
3393 1810 3516 1865 eos,

1951 1889 2298 1954 deprecantes
2325 1897 2380 1938 nt
2409 1897 2563 1939 orent
2591 1901 2684 1952 pro
2714 1886 2944 1953 parvulis
2971 1888 3183 1938 nostris.
3203 1885 3403 1952 Quibus
3428 1886 3522 1941 ab-

1951 1981 2217 2044 euntibus,
2242 1978 2446 2030 dimissi
2471 1989 2610 2030 sunt.
2640 1976 2850 2044 Egressi
2885 1975 3041 2043 igitur
3068 1975 3134 2028 de
3163 1977 3520 2034 monasteriis.

1952 2072 2219 2143 conjuncti
2252 2082 2379 2126 sunt
2408 2071 2625 2139 pariter,
2644 2082 2695 2123 et
2722 2084 2780 2124 se
2809 2071 3211 2134 osculantes,eo
3231 2072 3372 2138 quod
3394 2070 3522 2125 olim

1953 2183 1982 2221 a
2013 2183 2071 2222 se
2093 2167 2190 2220 visi
2223 2182 2324 2220 non
2357 2165 2584 2229 fuerant,
2606 2163 2670 2216 ad
2700 2163 2941 2216 civitates
2969 2177 3090 2215 suas
3113 2164 3338 2231 regressi
3358 2173 3521 2218 sunt:

1954 2270 2008 2316 et
2035 2261 2084 2314 in
2117 2267 2319 2312 tantum
2348 2255 2650 2322 compuncti
2675 2263 2820 2320 sunt,
2846 2265 2902 2308 ut
2927 2254 3232 2307 viderentur
3258 2269 3521 2321 nunquam

1956 2368 1984 2405 a
2017 2350 2292 2421 psallentio
2321 2361 2554 2413 cessare,
2575 2346 2736 2416 234
2761 2345 3034 2400 celebrare
3057 2343 3276 2414 jejunia,
3294 2345 3527 2401 eleemoi-

1957 2456 2117 2512 synas
2147 2454 2420 2502 exercere,
2446 2437 2633 2492 librum
2661 2437 2891 2490 Davidici
2915 2436 3411 2505 carminisexplere
3431 2451 3526 2508 per

1957 2535 2120 2600 diem,
2145 2544 2433 2600 noctesque
2464 2531 2514 2584 in
2549 2531 2758 2601 hymnis
2783 2544 2845 2584 ac
2875 2529 3189 2583 lectionibus
3211 2529 3524 2585 meditando

1958 2626 2242 2682 deducere.
2262 2624 2366 2680 Sed
2396 2639 2500 2678 non
2523 2623 2610 2676 diu
2641 2623 2752 2676 haec
2779 2622 3036 2676 sanctitas
3056 2621 3258 2675 illibata
3285 2636 3528 2690 perman.

1962 2719 2072 2784 sit,
2103 2717 2453 2784 conversique
2482 2723 2606 2768 sunt
2636 2713 2822 2766 iterum
2865 2720 3155 2765 retrorsum
3188 2726 3204 2765 :
3236 2721 3290 2766 et
3319 2712 3387 2766 ita
3419 2713 3529 2781 ple-

1960 2825 2186 2878 rumque
2218 2819 2401 2863 noctes
2432 2806 2697 2876 epulando
2723 2814 2883 2874 atque
2913 2802 3140 2857 bibendo
3167 2802 3531 2869 ducebant,ut

1961 2902 2170 2956 clericis
2196 2900 2480 2955 matutinas
2505 2897 2558 2951 in
2586 2897 2809 2952 ecclesia
2834 2893 3246 2958 celebrantibus,
3263 2893 3314 2946 hi
3339 2895 3528 2961 pocula

286 2989 418 3058 (Lib.
453 3005 526 3052 iv,
557 3006 670 3058 cap.
699 2988 811 3054 57),
842 3004 960 3057 qua:
992 2989 1309 3041 Mummolus
1336 3004 1454 3041 cum
1487 2989 1850 3058 Langobardis
1884 3001 1929 3064 ς,
1963 2999 2334 3062 poscerent,et
2354 2991 2473 3044 vina
2508 2989 2750 3042 libarent.
2771 2985 2917 3039 Nulla
2951 2999 3169 3044 prorsus
3194 2985 3260 3038 de
3283 2984 3388 3037 Deo
3415 2992 3531 3039 erat

285 3082 464 3151 gessit,
498 3091 749 3149 tanquam
781 3095 916 3133 unus
945 3096 1006 3134 ex
1040 3080 1208 3144 laicis,
1233 3079 1455 3132 accincti
1489 3095 1658 3146 arma,
1691 3080 1856 3149 pluri-

287 3189 402 3229 mos
444 3173 678 3243 propriis
721 3172 962 3226 manibus
1003 3171 1401 3226 interfecerunt.
1435 3171 1488 3226 In
1547 3173 1691 3227 cives
1731 3188 1858 3228 vero

286 3279 406 3320 suos
452 3265 742 3318 nonnullos
783 3263 1033 3317 commoti
1079 3262 1225 3328 felle,
1254 3262 1596 3318 verberantes
1635 3264 1860 3319 fustibus

288 3372 451 3426 usque
481 3358 547 3410 ad
578 3355 894 3410 effusionem
927 3354 1200 3424 sanguinis
1220 3397 1235 3420 ,
1262 3356 1573 3409 saavlebant.
1605 3355 1755 3411 Unde
1780 3356 1858 3410 fa-

287 3459 424 3501 ctum
473 3456 587 3512 est,
618 3456 675 3500 ut
716 3448 918 3501 clamor
948 3447 1104 3516 233
1145 3447 1323 3515 populi
1365 3448 1430 3500 ad
1467 3463 1646 3518 regem
1685 3448 1862 3504 denuo

295 3540 643 3606 procederet;
678 3539 1003 3607 eosdemque
1032 3555 1121 3592 rex
1152 3539 1400 3592 arcessiri
1429 3541 1698 3610 praecepit.
1728 3541 1862 3608 Qui-

291 3630 386 3683 bus
412 3629 844 3692 advenientibus,
873 3629 1040 3683 nuluit
1070 3630 1180 3683 suis
1205 3631 1478 3684 obtutibus
1504 3634 1812 3699 praesentari
1846 3651 1858 3686 :

291 3723 491 3778 scilicet
521 3733 578 3775 ut
609 3723 756 3791 prius
789 3723 962 3774 habita
990 3722 1286 3787 audientia,
1316 3722 1361 3776 si
1393 3724 1564 3777 idonei
1593 3734 1614 3760 ο
1643 3726 1852 3780 inveni—

291 3825 497 3883 rentur,
531 3814 608 3868 sic
639 3815 782 3882 regis
808 3815 1143 3883 prresentiam
1173 3823 1526 3869 mererentur.
1560 3815 1661 3870 Sed
1692 3817 1864 3886 Sagit-

293 3907 457 3959 tarius
507 3905 633 3960 felle
678 3916 1007 3971 commotus,
1055 3905 1189 3958 hanc
1229 3906 1484 3959 rationem
1527 3906 1662 3960 dure
1699 3910 1866 3962 susci-

295 3999 465 4067 piens,
499 4009 552 4050 ut
582 4007 699 4051 erat
727 3997 864 4051 levis
889 4011 951 4050 ac
981 4011 1169 4059 vanus,
1196 4007 1248 4049 et
1279 3998 1328 4049 in
1361 3998 1697 4051 sermonibus
1728 4000 1864 4052 irra-

299 4090 642 4144 tionabilibus
689 4089 956 4156 prollnus,
1002 4088 1300 4142 declamare
1344 4088 1566 4156 plnrirna
1615 4089 1682 4142 de
1740 4105 1865 4158 rege

300 4183 476 4247 carpit,
509 4197 571 4236 ac
611 4181 814 4244 dicere,
846 4181 985 4248 quod
1020 4180 1110 4232 lilii
1141 4181 1257 4248 ejus
1288 4196 1504 4249 regnum
1537 4195 1728 4248 capere
1761 4196 1863 4234 non

301 4283 546 4342 possent,
578 4288 645 4328 eo
675 4271 814 4341 quod
859 4281 1023 4325 mater
1053 4287 1235 4324 eorum
1268 4287 1332 4324 ex
1362 4269 1558 4324 familia
1589 4270 1607 4308 ί
1645 4272 1865 4340 Magna-

1960 3086 2180 3152 mentio,
2205 3083 2381 3138 nullus
2411 3082 2625 3135 omnino
2651 3093 2837 3134 cursus
2857 3088 2881 3124 κ
2917 3077 3185 3132 memoria:
3214 3076 3528 3132 habebatur.

1963 3176 2237 3232 Redeunte
2260 3173 2286 3212 δ
2317 3189 2540 3240 aurora,
2572 3180 2849 3242 surgentes
2893 3185 2920 3221 a
2971 3183 3158 3232 cinna,
3191 3167 3436 3221 mollibus
3465 3181 3526 3222 se

1964 3271 2290 3323 indumentis
2316 3267 2637 3336 operientes,
2663 3279 2851 3318 somno
2877 3263 3104 3330 vinoque
3131 3261 3343 3329 sepulti,
3363 3275 3532 3331 usque

1964 3364 2027 3416 ad
2059 3365 2244 3417 horam
2273 3363 2376 3416 diei
2408 3361 2616 3415 tertiam
2647 3357 3000 3412 dormiebant.
3029 3353 3132 3409 Sed
3162 3369 3259 3409 nec
3285 3354 3535 3410 mulieres

1964 3458 2186 3512 deerant
2209 3473 2326 3510 cum
2352 3455 2545 3524 quibus
2575 3452 2952 3522 polluerentur.
2974 3449 3327 3516 Exsurgentes
3349 3446 3531 3512 igitur,

1965 3550 2128 3603 abluti
2174 3548 2374 3602 balneis
2414 3546 2477 3600 ad
2520 3544 2819 3600 convivium
2864 3538 3302 3603 discumbebant;
3334 3537 3400 3593 de
3427 3553 3534 3607 qun

1967 3654 2195 3708 vespere
2239 3647 2539 3707 surgentes,
2574 3649 2740 3689 ctenre
2781 3631 3052 3686 inhiabant
3089 3643 3255 3700 usque
3295 3628 3361 3682 ad
3407 3628 3536 3682 illud

1965 3732 2098 3785 lucis
2135 3740 2374 3797 tempus,
2403 3728 2541 3798 quod
2588 3727 2831 3796 superius
2869 3722 3118 3778 diximus.
3150 3721 3239 3776 Sic
3277 3721 3537 3775 faciebant

1965 3824 2190 3891 singulis
2216 3822 2422 3884 diebus,
2454 3820 2626 3874 donec
2653 3818 2728 3870 ira
2761 3817 2852 3870 Dei
2884 3815 3038 3868 irruit
3060 3827 3222 3882 super
3248 3827 3361 3876 eos,
3387 3811 3530 3881 quod

1967 3916 2020 3970 in
2049 3923 2316 3982 posterum
2336 3910 2673 3965 memoraturi
2692 3922 2875 3962 sumus
2895 3905 3031 3975 (Lib.
3057 3920 3146 3968 vn,
3171 3919 3290 3973 cap.
3315 3902 3426 3972 59).

2041 4004 2201 4058 XXII.
2241 4004 2389 4058 Tunc
2419 3995 2800 4055 Vluinnochus£
2831 3998 2994 4050 Britto
3030 3995 3080 4048 in
3126 4007 3330 4047 summa
3375 3994 3539 4046 absti-

1969 4096 2142 4151 nentia
2183 4110 2213 4149 a
2261 4094 2542 4147 Britanniis
2590 4091 2736 4144 venit
2786 4087 3052 4150 Turonis,
3115 4085 3538 4155 Hierosolymam

1969 4188 2222 4243 accedere
2257 4186 2492 4254 cupiens,
2534 4183 2736 4238 nullum
2772 4180 2912 4234 aliud
2944 4179 3314 4232 vestimentum
3343 4177 3445 4231 nisi
3473 4176 3540 4231 de

1975 4279 2196 4349 pellibus
2220 4277 2401 4332 ovium
2429 4276 2548 4330 lana
2575 4274 2794 4344 privatis
2834 4272 3032 4325 habens
3069 4287 3081 4324 :
3127 4284 3284 4338 quem
3312 4283 3408 4323 nos
3435 4284 3542 4336 quo

303 4366 463 4420 cltarii
491 4365 757 4435 quondam
805 4365 998 4429 asella.
1034 4364 1173 4432 regis
1203 4373 1373 4416 ιοΐυῐη
1402 4364 1623 4418 adiisset
1665 4383 1676 4416 ε
1721 4367 1865 4433 igno-
1899 4383 1950 4442 1)
1973 4371 2178 4427 facilius
2206 4382 2530 4433 teneremus,
2561 4367 2682 4436 quia
2723 4365 2874 4421 nobis
2906 4363 3186 4434 religiosus
3212 4361 3369 4417 valde
3398 4362 3544 4417 vide-

371 4537 396 4564 ⁸
429 4529 618 4595 liegm.
643 4540 745 4576 non
777 4521 934 4595 habet
963 4520 1197 4595 prandii.-

369 4599 396 4638 ιι
445 4588 768 4651 Pa'iriarcbaa
817 4588 1026 4646 titulum
1078 4591 1161 4642 hic
1205 4589 1409 4642 Nicetio
1460 4588 1638 4642 datum
1685 4588 1870 4658 objicit

307 4671 563 4728 Cointms,
587 4677 642 4718 ut
674 4666 858 4730 probet
882 4677 942 4714 ea
973 4676 1091 4729 qua:
1118 4661 1202 4713 hic
1227 4660 1294 4712 de
1324 4658 1611 4730 Sagittario
1639 4669 1690 4712 et
1718 4661 1869 4713 Salo-

309 4745 393 4795 nio
415 4729 737 4799 referuntur,
755 4735 821 4788 ab
841 4734 1018 4800 aliquo
1042 4733 1418 4800 interpolatore
1439 4729 1676 4800 Gregorii
1700 4731 1871 4783 llisto—

309 4815 394 4865 ria:
433 4809 611 4863 addita
654 4805 837 4858 fuisse
883 4799 984 4857 sed
1031 4802 1174 4854 idem
1228 4799 1407 4853 titulus
1450 4799 1631 4854 Prisco
1677 4800 1865 4854 Nicetii

309 4881 599 4936 successuri
643 4879 798 4930 datur
841 4875 890 4926 in
937 4872 1176 4923 Concilio
1211 4872 1484 4924 Matiscon.
1515 4886 1576 4924 ll.
1605 4869 1869 4937 Sulpicius

313 4953 471 5019 episc.
509 4947 954 5019 Bituricsdicitnr
985 4943 1284 5019 patriarcha
1325 4941 1578 5019 inuepist.
1610 4941 1867 5019 Desiderii

313 5011 680 5076 Cadurcensis.
707 5018 901 5067 (lhesu.
935 5023 1062 5064 tom.
1099 5014 1135 5075 Ι,
1171 5028 1287 5078 pag.
1320 5014 1444 5075 880,
1479 5028 1575 5065 nec
1604 5011 1753 5063 alteri
1787 5026 1874 5063 us-

312 5110 462 5160 quam
495 5087 906 5160 metropolitano
931 5098 1215 5160 cor_i_cess_us
1245 5084 1433 5160 legitur
1455 5083 1504 5135 iti
1525 5083 1641 5133 aliis
1665 5082 1871 5160 illorum

315 5151 604 5228 temporum
639 5157 826 5228 Gallia;
854 5155 1090 5228 synodis.
1120 5153 1621 5228 Conciliumuautetn
1643 5151 1876 5228 _l.ugdu-

317 5223 497 5297 nense,
521 5235 588 5286 de
626 5245 734 5297 quo
780 5226 864 5278 hic
909 5227 1101 5293 agitur,
1136 5240 1171 5275 ιι
1205 5224 1358 5291 vulgo
1400 5223 1612 5285 dicitur,
1642 5223 1875 5273 habitum

316 5320 446 5356 anno
473 5302 594 5356 .567.

391 5387 410 5410 ε
442 5375 675 5428 Joannes
722 5368 809 5429 ιιι,
851 5376 1208 5434 cognomento
1255 5363 1564 5426 Calellinus,
1609 5363 1671 5415 ad
1723 5378 1878 5430 quem

323 5446 567 5511 permissu
597 5443 764 5510 regis,
791 5449 846 5490 nt
872 5434 1458 5511 observatGregorius,
1483 5441 1838 5487 accesserant.

384 5512 410 5552 δ
442 5507 896 5581 Ιίρειιι.,’νεηιοιοδ
925 5509 1086 5581 astris
1118 5507 1410 5581 Iwneribns,

391 5595 412 5624 ε
453 5573 646 5651 ω’ὲξεῑζ
669 5585 872 5648 absque
896 5578 1138 5645 crimine,
1171 5587 1227 5632 ut
1269 5575 1459 5645 passim
1493 5574 1720 5643 loquitur
1752 5573 1880 5630 Gre-

1971 4527 2183 4592 gorius;
2217 4525 2338 4584 inde
2369 4523 2420 4578 in
2451 4520 2840 4593 Capitularibns
2866 4535 2920 4572 se
2938 4517 3200 4572 idoneare.
3233 4515 3366 4572 Vide
3398 4519 3545 4573 Alte-

1973 4612 2134 4651 serra:
2163 4608 2336 4650 110188.
2820 4623 2822 4627 τ

2050 4666 2067 4703 τ
2111 4669 2163 4721 Id
2194 4676 2296 4734 est,
2330 4680 2446 4734 quae
2477 4666 2644 4716 fuerat
2673 4660 2865 4734 ancilla
2896 4660 2949 4713 in
2980 4657 3139 4711 domo
3158 4657 3536 4728 Magnacliarii.

1979 4737 2107 4791 Vide
2134 4733 2292 4806 supra
2320 4733 2434 4789 not.
2484 4737 2534 4788 in
2563 4749 2678 4798 cap.
2714 4733 2802 4784 17.

2047 4839 2070 4874 κ
2112 4830 2200 4882 Sic
2229 4830 2549 4882 vocabantur
2582 4827 2725 4878 hora:
2770 4824 3059 4876 canooiczr.
3113 4821 3281 4875 llodie
3332 4820 3540 4876 dicere-

1977 4916 2130 4952 mus:
2162 4901 2313 4952 Nulla
2342 4899 2420 4954 eis
2447 4908 2561 4952 erat
2603 4911 2730 4949 cura
2761 4893 3019 4948 recitandi
3051 4891 3327 4945 Breviarii.
3373 4892 3541 4956 Quam

1976 4985 2101 5022 vero
2129 4971 2359 5037 religiosi
2389 4977 2570 5021 essent
2622 4968 2734 5019 istis
2781 4968 3104 5037 temporibus
3149 4960 3349 5037 clerici,
3381 4963 3542 5037 etiam

1978 5033 2251 5110 episcopi;
2268 5041 2315 5090 in
2349 5041 2447 5091 hoc
2481 5035 2840 5110 persolven_r_l_o_
2857 5047 3046 5110 penso,
3061 5102 3068 5110 ι
3081 5046 3156 5110 ex
3173 5033 3544 5110 compluribus

1979 5101 2094 5162 aliis
2122 5101 2358 5177 Gregorii
2394 5101 2521 5177 locis
2553 5116 2712 5173 patet.
2751 5105 2879 5156 Vide
2919 5101 3204 5177 Μςψιιιυηῑι
3227 5101 3554 5168 ιηδιιυὶδὶῑὶοο

1983 5196 2104 5233 nem
2131 5181 2196 5232 de
2223 5175 2380 5231 cursu
2427 5176 2720 5236 Gallicano,
2758 5186 2938 5242 parag.
2971 5175 3024 5224 6.

2054 5265 2183 5322 llSic
2213 5267 2344 5320 Cod.
2376 5267 2551 5319 Casin.
2574 5279 2588 5327 ;
2612 5272 2665 5316 at
2691 5262 2901 5330 Regm.,
2926 5261 3198 5313 relucente.
3229 5260 3391 5327 Editi,
3411 5265 3551 5317 reni-

1982 5341 2149 5392 dente.

2065 5431 2075 5508 ξ
2104 5430 2294 5508 Δϐοῶ..
2325 5426 2632 5508 ὶναηοςΙιιιδ.
2667 5424 2817 5489 llad.,
2845 5422 3147 5480 Munoclurr.
3174 5425 3250 5483 De
3271 5427 3386 5497 ejus
3415 5441 3557 5481 tuor-

1987 5514 2036 5560 te
2067 5503 2154 5558 Iih.
2186 5517 2309 5566 VIII,
2343 5515 2455 5561 cap.
2489 5501 2574 5550 5;.
