3994 6194
529 163 633 217 5ὶῦ

1530 164 1587 221 8.
1626 166 1952 224 GREGORH
1989 169 2293 228 EPISCUPI
2332 174 2752 234 TURONENSIS

3678 190 3781 246 διι

527 274 702 336 batur,
729 271 1043 342 presbyteri1
1086 272 1254 342 gratia
1303 273 1680 332 honoravimns
1709 289 1758 332 ιι.
1809 279 2096 349 lngitrudis
2126 293 2177 352 Α
2203 285 2306 340 Sed
2339 297 2458 355 post
2495 304 2713 354 annum,
2747 298 2802 344 et
2825 291 3008 359 patria:
3047 301 3102 346 et
3145 292 3486 352 facultatibus
3536 299 3778 356 redditus

523 374 701 419 autem
755 363 1057 432 religiosam
1136 367 1577 422 consuetudinem
1631 369 1879 437 habebat,
1903 388 2093 442 aquam

522 458 590 510 de
628 457 873 525 sepulcro
892 459 1066 511 sanct‘
1104 457 1310 510 llartini
1339 459 1589 527 colligere
1618 477 1632 514 :
1659 477 1762 531 qua
1795 480 1928 533 aqua
1960 467 2096 519 deli-

519 551 716 616 cieute,
749 556 901 618 rogt“.
927 565 1018 603 vas
1041 563 1163 603 cum
1196 549 1322 604 vino
1346 552 1411 604 ad
1443 552 1583 607 beati
1607 556 1868 609 tumulum
1898 557 2095 626 depor-

522 647 641 697 tari.
666 643 955 699 Trausacta
993 657 1168 701 autem
1202 659 1381 710 nocte,
1429 646 1483 700 id
1510 647 1701 704 exinde
1731 648 1830 704 hoc
1874 654 2096 724 presby-

519 742 634 787 tero
665 745 924 801 |tf.t'3t:flle
950 737 1147 790 assumi
1195 738 1487 807 mandavit,
1515 749 1571 792 et
1597 740 1662 793 ad
1692 756 1751 795 se
1780 741 1977 808 delato,
2018 745 2092 799 ait

518 829 830 897 presbytero
861 847 873 882 :
905 828 1066 882 Aufer
1095 829 1215 883 hinc
1239 833 1442 893 vinum,
1471 842 1523 885 et
1546 847 1704 887 unam
1736 843 1939 888 tantum
1969 847 2090 905 gnt-

514 923 624 972 tam
669 920 735 971 de
773 933 905 988 aqua
960 920 1257 986 benedicta,
1314 922 1454 977 unde
1503 937 1686 991 parum
1710 935 1976 994 superest,
2011 925 2091 980 ef-

513 1008 674 1064 funde
702 1008 748 1062 ι’.
777 1011 927 1075 Quod
960 1025 1080 1064 cum
1111 1010 1344 1076 fecisset,
1395 1013 1586 1066 mirum
1617 1014 1782 1078 dictu,
1813 1016 2086 1070 vasculum

513 1101 652 1169 quod
683 1101 1032 1170 setniplennm
1085 1112 1222 1166 erat,
1270 1102 1337 1156 ad
1383 1104 1539 1157 unius
1578 1115 1739 1174 gnttze
1768 1106 2084 1162 descensum

512 1194 786 1262 impletum
811 1205 911 1249 est.
961 1193 1102 1249 Idem
1153 1196 1232 1249 bis
1278 1205 1372 1250 aut
1416 1207 1496 1251 ter
1544 1198 1612 1251 ita
1646 1208 1947 1264 vacuatum,
1994 1216 2087 1269 per

511 1298 668 1337 unam
700 1292 899 1338 tantum
931 1293 1130 1355 guttam
1172 1298 1253 1339 est
1284 1288 1555 1354 impletum
1587 1306 1599 1342 :
1629 1290 1787 1360 235
1815 1293 1952 1360 quod
1978 1308 2082 1347 non

510 1374 792 1443 ambigitur
815 1389 867 1430 et
889 1377 941 1429 in
974 1378 1074 1430 hoc
1096 1377 1232 1430 beati
1267 1378 1476 1433 Martini
1514 1378 1676 1435 fuisse
1699 1384 1971 1437 virtutem.

579 1465 770 1521 XXIII.
816 1468 908 1522 llis
937 1469 1007 1523 ita
1036 1471 1220 1538 gesris,
1255 1469 1477 1525 Samson
1510 1473 1650 1526 illius
1674 1475 1967 1544 Chilperici
1996 1494 2082 1533 re-

506 1559 587 1629 gis
609 1560 806 1629 jnnior,
831 1577 859 1614 a
887 1563 1186 1631 dysenteria
1209 1572 1262 1618 et
1291 1563 1438 1619 febre
1467 1568 1908 1636 comprehenSns,
1940 1585 1972 1626 e
1997 1586 2083 1626 re-

2202 390 2286 434 est
2317 380 2450 446 (Lib.
2478 397 2566 436 vin
2587 423 2603 446 ,
2635 400 2753 450 cap.
2794 384 2909 453 26).
2938 385 3367 443 Gnntcltramnus
3400 389 3541 445 Boso
3579 395 3780 450 relictis

2202 469 2408 525 ﬁliabus
2431 474 2543 526 suis
2572 475 2623 526 in
2655 475 2874 529 basilica
2899 476 3037 531 beati
3066 476 3248 531 Hilarii
3279 479 3343 532 ad
3365 478 3775 538 Cliildebertum

2199 577 2375 630 regem
2409 565 2637 618 transiit.

2267 654 2455 709 XXVI.
2496 658 2649 710 Anno
2674 673 2884 727 quoque
2911 661 3066 714 tertio
3109 661 3272 732 236
3317 661 3646 718 Cliildeberti
3689 681 3776 721 ro-

2192 746 2294 813 gis,
2322 749 2408 813 qni
2439 758 2551 800 erat
2579 747 2858 814 Chilperici
2889 760 2943 805 et
2970 750 3354 806 Gnntebramni
3386 754 3645 822 septimus
3675 757 3773 810 de-

2193 838 2360 891 cimus
2396 853 2587 904 annus,
2615 855 2735 894 cum
2769 841 2940 896 Dacco
2983 851 3007 878 °
3043 843 3274 910 Dagarici
3307 845 3577 913 quondam
3608 844 3771 910 ﬁlius,

2193 929 2379 982 relicto
2421 946 2546 998 rege
2587 930 2914 1000 Chilperico,
2964 933 3066 989 huc
3110 935 3341 1004 illucque
3389 946 3695 1007 vagaretur,
3739 953 3772 992 a

2195 1019 2487 1075 Dracoleno
2519 1020 2536 1058 ί
2571 1023 2725 1088 dure,
2758 1024 2847 1092 qni
2886 1024 3164 1080 dicebatur
3192 1025 3505 1093 lndnstrins,
3538 1028 3768 1082 fraudu-

2188 1111 2360 1167 lenter
2383 1114 2747 1182 apprehensus
2771 1124 2854 1170 est
2887 1135 2898 1168 :
2930 1132 3088 1185 quem
3116 1119 3350 1173 vinctnru
3382 1119 3448 1171 ad
3493 1119 3768 1189 Chilperi-

2188 1218 2308 1257 cum
2334 1220 2509 1274 regem
2538 1206 2864 1260 Brannacum
2895 1207 3131 1272 deduxit,
3158 1209 3281 1262 dato
3316 1209 3366 1264 ei
3403 1221 3768 1273 sacramento,

2188 1298 2326 1364 quod
2358 1296 2517 1350 vitam
2562 1297 2700 1350 illius
2749 1312 2872 1350 cum
2898 1312 3024 1367 rege
3051 1308 3076 1346 8
3105 1301 3395 1353 obtineret.
3426 1301 3533 1355 Sed
3567 1301 3772 1355 oblitus

2185 1385 2523 1452 sacramenti,
2553 1385 2661 1455 egit
2688 1400 2808 1440 cum
2833 1387 3087 1456 principe,
3120 1386 3351 1444 nefarias
3377 1405 3462 1443 res
3489 1405 3768 1454 asserens,

2189 1483 2247 1528 nt
2293 1484 2611 1530 moreretur.
2643 1476 2736 1530 Ille
2765 1491 2976 1545 quoque
3015 1492 3136 1531 cum
3166 1480 3372 1532 vinctus
3401 1477 3766 1546 detineretur,

2187 1576 2239 1619 et
2265 1579 2506 1621 cerneret
2545 1582 2604 1622 se
2643 1568 2848 1635 penitus
2878 1583 2981 1621 non
3010 1583 3326 1634 evasurum,
3355 1586 3385 1623 a
3421 1572 3765 1641 presbytero,

504 1650 604 1704 bus
631 1653 873 1706 humanis
899 1655 1150 1708 excessit.
1180 1655 1273 1710 llic
1301 1670 1447 1720 vero,
1469 1670 1591 1710 cum
1618 1657 1951 1727 (Lhilpericns
1981 1677 2062 1715 re:

2181 1671 2306 1726 rege
2349 1659 2638 1722 nesciente,
2687 1660 3051 1726 pmnitentiam
3086 1659 3234 1726 petiit
3262 1658 3311 1714 h.
3359 1661 3473 1725 Qua
3517 1673 3766 1733 accepta,

512 1742 738 1797 'fornaci
767 1760 796 1798 a
844 1743 1007 1802 fratre
1036 1747 1374 1803 obsideretur
1399 1748 1536 1818 (Lib.
1581 1765 1655 1815 iv,
1689 1767 1805 1820 cap.
1838 1750 1950 1822 52),
1985 1768 2078 1807 na-

502 1843 589 1889 tus
619 1844 701 1890 est
736 1853 749 1890 :
773 1853 927 1907 quem
965 1847 1137 1894 mater
1162 1840 1232 1894 ob
1259 1849 1459 1895 metum
1498 1842 1685 1895 mortis
1711 1855 1742 1895 a
1771 1857 1830 1897 se
1858 1843 2076 1912 abjecit,

500 1939 556 1986 et
581 1931 802 1995 perdere
826 1931 1012 1988 voluit.
1045 1932 1149 1988 Sed
1181 1947 1302 1987 cum
1347 1948 1453 1987 non
1485 1938 1764 2003 potuisset,
1796 1933 2074 2005 objurgata

497 2035 527 2075 a
558 2038 700 2091 rege,
724 2039 846 2078 eum
877 2025 1127 2092 baptizari
1158 2025 1430 2094 praicepit.
1454 2025 1552 2091 Qui
1577 2026 1895 2095 baptizatus,
1927 2037 1982 2082 et
2008 2027 2076 2080 ab

496 2117 615 2184 ipso
644 2117 894 2186 episcopo
941 2127 964 2155 ο
1020 2128 1320 2187 susceptus,
1356 2118 1524 2171 lustro
1561 2133 1666 2172 uno
1695 2133 1795 2174 nec
1840 2119 2075 2190 perfecto

495 2207 776 2269 defunctus
818 2215 920 2263 est.
969 2207 1099 2262 Nam
1147 2217 1202 2261 et
1249 2216 1418 2262 mater
1446 2209 1563 2276 ejus
1605 2209 1968 2280 Fredegnndis
2023 2214 2075 2264 in

495 2302 580 2357 his
604 2303 791 2357 diebus
819 2303 1050 2372 graviter
1078 2303 1382 2371 :egrotavit,
1408 2303 1503 2356 sed
1529 2305 1823 2358 convaluit.

568 2392 758 2447 XXIV.
809 2394 1050 2447 Posthaec
1101 2394 1152 2446 in
1203 2405 1380 2458 nocte,
1431 2408 1552 2462 quas
1592 2405 1708 2447 erat
1753 2394 1908 2449 tertio
1954 2395 2075 2450 ldus

494 2484 830 2550 Novembris,
875 2487 1119 2554 apparuit
1149 2486 1300 2540 nobis
1328 2486 1467 2540 beati
1499 2485 1705 2539 Martini
1739 2486 1946 2554 vigilias
1983 2501 2071 2541 ce-

495 2575 821 2632 lebrantibus
847 2591 1092 2646 magnum
1121 2577 1445 2647 prodigium;
1481 2592 1600 2632 nam
1629 2578 1680 2631 in
1721 2579 1899 2632 medio
1936 2579 2072 2633 luna:

495 2670 649 2724 stella
677 2669 886 2739 fulgens
907 2670 1014 2723 visa
1051 2680 1134 2724 est
1163 2670 1392 2732 elucere,
1423 2683 1476 2724 et
1507 2685 1668 2740 super
1693 2684 1755 2724 ac
1781 2670 1964 2726 subter
1987 2672 2070 2725 ln-

493 2775 614 2813 nam
655 2759 770 2813 aliae
795 2759 961 2814 stellae
991 2759 1299 2829 propinqua:
1326 2768 1706 2828 apparuerunt.
1744 2759 1851 2815 Sed
1878 2768 1934 2816 et
1960 2763 2070 2814 cir-

491 2851 645 2904 culus
693 2850 803 2915 ille,
850 2849 938 2918 qui
991 2849 1219 2917 pluviam
1254 2849 1563 2918 plerumque
1592 2849 1874 2918 signiﬁcat,
1922 2851 2066 2905 circa

487 2956 604 2996 eam
635 2942 900 3012 apparuit.
929 2939 1034 2995 Sed
1056 2955 1173 3010 qua;
1197 2941 1308 2994 haec
1338 2939 1704 3009 ﬁguraverint,
1734 2940 2063 3008 ignoramus.

2180 1747 2492 1804 interfectus
2514 1759 2615 1804 est.
2660 1749 2794 1805 Cum
2819 1761 2997 1806 autem
3027 1752 3164 1808 idem
3208 1753 3533 1808 Dracolenus
3562 1756 3768 1810 veloci-

2179 1848 2260 1894 ter
2285 1849 2641 1895 reverteretur
2667 1842 2719 1895 iu
2765 1843 3012 1911 patriam,
3039 1843 3120 1897 bis
3158 1843 3349 1897 diebus
3394 1843 3764 1899 Gnntchram-

2178 1918 2279 1986 nus
2310 1932 2446 1986 Boso
2490 1931 2624 1987 ﬁlias
2676 1947 2800 1987 snas
2845 1947 2876 1986 a
2927 1933 3140 1988 i’ictavo
3180 1933 3389 1989 auferre
3441 1934 3761 1989 conabatur.

2171 2024 2327 2090 Quod
2356 2025 2582 2080 audiens
2635 2024 2981 2089 Dracolenus,
3032 2040 3092 2079 se
3147 2040 3309 2094 super
3355 2040 3476 2080 eum
3524 2024 3760 2094 objecit;

2175 2117 2269 2172 sed
2300 2117 2396 2184 illi,
2434 2117 2573 2171 sicut
2607 2127 2759 2171 erant
2790 2116 2976 2186 parati,
3008 2118 3334 2184 resistentes,
3377 2133 3438 2173 se
3467 2118 3759 2174 defensare

2177 2209 2496 2264 nitebantur.
2530 2208 2958 2264 Guntcbramnus
2988 2224 3114 2264 vero
3141 2209 3285 2263 misit
3328 2225 3488 2263 unttm
3518 2211 3586 2263 de
3614 2212 3758 2264 ami—

2173 2300 2254 2353 cis
2282 2303 2394 2353 suis
2418 2300 2484 2352 ad
2511 2315 2654 2365 eum,
2693 2299 2875 2354 dicens
2901 2317 2914 2352 :
2963 2299 3107 2354 Vade
3143 2308 3199 2354 et
3222 2300 3307 2355 dic
3327 2302 3373 2354 ei
3401 2319 3413 2352 :
3465 2300 3582 2355 Scis
3605 2301 3753 2355 enim

2173 2391 2316 2458 quod
2347 2391 2519 2445 foedus
2547 2392 2682 2445 inter
2712 2405 2809 2444 nos
2836 2390 3021 2444 initum
3052 2390 3328 2456 habemus,
3357 2405 3486 2459 rogo
3513 2403 3566 2443 nt
3600 2401 3654 2445 te
3684 2391 3756 2444 de

2174 2481 2311 2536 meis
2351 2495 2628 2536 removeas
2668 2481 2893 2537 insidiis.
2937 2482 3199 2549 Quantum
3231 2488 3310 2536 vis
3353 2483 3418 2535 de
3465 2483 3620 2536 rebus
3653 2484 3752 2536 tol-

2171 2571 2283 2626 lere
2311 2587 2414 2626 non
2447 2573 2736 2643 prohibeo;
2786 2582 2988 2628 tantum
3025 2575 3174 2640 mihi,
3225 2575 3321 2628 etsi
3375 2575 3537 2639 nudo,
3585 2575 3752 2630 liceat

2169 2676 2293 2718 cum
2320 2663 2525 2718 ﬁliabus
2553 2664 2686 2719 meis
2712 2666 2969 2720 accedere
3011 2680 3115 2735 quo
3157 2670 3397 2719 voluero.
3431 2666 3499 2718 At
3542 2665 3652 2729 ille,
3687 2677 3752 2721 ut

2171 2762 2288 2806 erat
2317 2767 2486 2807 vanus
2512 2768 2576 2808 ac
2603 2755 2732 2809 levis
2759 2771 2772 2807 :
2810 2755 2966 2819 Ecce,
2997 2754 3185 2823 inquit,
3218 2754 3532 2821 funiculum,
3563 2754 3614 2808 in
3638 2772 3752 2824 quo

2169 2843 2258 2896 alii
2289 2844 2582 2912 culpabiles
2606 2845 2750 2914 ligati
2794 2845 2859 2899 ad
2887 2860 3087 2915 regem,
3132 2861 3219 2900 me
3266 2846 3511 2912 ducente,
3556 2846 3751 2905 directi

2169 2944 2294 2990 sunt
2327 2954 2339 2988 :
2374 2937 2424 2990 in
2456 2952 2559 3006 quo
2585 2946 2639 2992 et
2669 2939 2753 2992 liic
2801 2938 2956 2993 hodie
2987 2937 3248 3008 ligandus,
3278 2939 3401 2994 illnc
3440 2941 3743 2998 deducetur

487 3031 616 3088 Nam
646 3043 700 3088 et
730 3032 908 3086 lunam
951 3031 1052 3085 hoc
1081 3046 1219 3085 anno
1247 3046 1390 3100 smpe
1426 3033 1477 3086 in
1505 3031 1834 3100 nigredinem
1855 3047 2060 3086 versam

2175 3025 2397 3080 vinctus.
2450 3027 2514 3080 Et
2558 3029 2670 3082 hmc
2698 3041 2821 3082 cum
2868 3029 3110 3094 dixisset,
3143 3030 3515 3084 calcaneorum
3549 3032 3750 3089 ictibus

489 3125 732 3188 vidimus,
760 3133 815 3178 et
841 3131 964 3179 ante
991 3122 1227 3178 Natalem
1270 3123 1477 3177 Domini
1524 3123 1700 3192 gravia
1753 3128 1897 3177 luere
1924 3124 2064 3177 toni-

488 3225 623 3269 trua.
659 3214 849 3270 Sed-et
893 3213 1206 3283 splendores
1253 3214 1329 3267 illi
1384 3215 1524 3268 circa
1555 3215 1744 3278 solem,
1791 3214 1928 3267 sicut
1952 3213 2061 3283 jam

488 3318 614 3362 ante
635 3309 840 3362 cladem
856 3309 1149 3363 Arvernam
1178 3307 1344 3363 fuisse
1366 3309 1899 3362 commemoravimus
1921 3309 2060 3378 (Lib.

490 3417 562 3469 tv,
589 3417 701 3470 cap.
727 3399 838 3470 51),
865 3414 999 3469 quos
1026 3401 1207 3454 rustici
1229 3400 1370 3454 soles
1393 3408 1600 3465 vocant,
1623 3401 2058 3470 apparueruntd;

493 3505 545 3544 et
577 3508 723 3546 mare
753 3495 886 3545 ultra
918 3490 1130 3545 modum
1162 3505 1432 3560 egressum
1484 3499 1748 3556 asserunt,
1797 3503 1851 3545 et
1899 3494 2060 3546 multa

487 3584 590 3639 alia
618 3585 770 3654 signa
801 3591 1182 3653 apparuerunt.

558 3679 724 3735 XXV.
767 3677 1198 3735 Guntchramuns
1241 3677 1380 3732 Boso
1427 3679 1655 3733 Turonis
1698 3695 1820 3734 cum
1874 3680 2055 3750 paucis

485 3770 706 3824 armatis
738 3771 982 3835 veniens,
1016 3769 1152 3824 ﬁlias
1191 3783 1336 3837 snas,
1366 3783 1498 3840 quas
1533 3770 1586 3824 in
1629 3771 1843 3826 basilica
1873 3783 2056 3828 sancta

481 3861 788 3930 reliquerat,
820 3861 868 3914 vi
896 3861 1136 3926 abstulit,
1165 3870 1220 3916 et
1249 3875 1340 3917 eas
1389 3877 1556 3930 usque
1604 3862 1828 3918 Pictavis
1870 3866 2058 3918 civita-

480 3962 606 4018 tem,
648 3969 768 4024 qua:
795 3963 910 4010 erat
935 3953 1259 4012 Childeberti
1289 3957 1447 4027 regis,
1491 3955 1762 4026 perduxit.
1792 3956 2060 4027 Chilperi-

478 4064 574 4105 Cus
604 4067 814 4120 quoque
843 4068 935 4105 rex
963 4051 1232 4108 Pictavum
1273 4052 1525 4120 pervasit,
1554 4063 1712 4121 atque
1737 4054 1948 4120 nepotis
1973 4052 2054 4106 sui

473 4143 718 4199 homines
742 4144 810 4199 ab
838 4145 952 4212 ejus
978 4151 1102 4197 sunt
1145 4143 1445 4198 hominibus
1474 4144 1710 4214 effngati.
1749 4143 2049 4197 Ennodinm

471 4253 537 4292 ex
568 4239 820 4292 comitatu
866 4236 932 4290 ad
977 4237 1118 4306 regis
1148 4240 1484 4306 praesentiam
1515 4242 1900 4305 perduxerunt.
1936 4238 2053 4303 Quo

473 4330 662 4386 exsilio
702 4331 972 4398 damnato,
1024 4329 1299 4383 facultates
1343 4329 1458 4397 ejus
1488 4331 1617 4382 fisco
1669 4328 2045 4382 subdiderunt.

2075 4407 2124 4465 D

544 4513 570 4539 ⁸
608 4502 761 4557 Colb.
790 4511 845 4556 et
890 4501 1100 4570 Regm.,
1133 4505 1468 4556 oneravimus.
1517 4500 1816 4572 Inqilrudis
1834 4517 1959 4556 vero
1990 4505 2043 4557 in

473 4573 632 4629 editis
663 4573 928 4639 plerisque
953 4573 1149 4626 dicitur
1181 4573 1490 4642 lngeirudis.
1540 4571 1752 4641 κεκτη..
1789 4571 2041 4642 lngiltru-

470 4647 550 4699 dis
601 4653 770 4695 autem
814 4645 1103 4714 religiosam
1147 4644 1579 4714 consuetudinem,
1630 4655 1733 4714 etc.
1767 4643 1842 4698 De
1888 4641 2044 4713 lngil-

472 4714 628 4770 trude
660 4715 792 4767 infra
821 4713 922 4766 Illi.
946 4729 1017 4774 ιι,
1045 4728 1163 4780 cap.
1191 4713 1278 4778 5‘5,
1311 4723 1363 4765 et
1393 4713 1481 4766 lib.
1517 4730 1572 4778 κ,
1604 4728 1653 4768 c.
1683 4713 1768 4767 12.

540 4785 566 4824 δ
607 4785 817 4854 Regm.,
865 4783 984 4836 inde
1027 4800 1205 4852 parum
1251 4783 1628 4849 supero/funde.
1677 4784 1942 4838 Caeterum
1975 4800 2041 4839 ex

467 4858 570 4911 hoc
613 4855 981 4922 similibusque
1023 4855 1290 4922 miraculis
1316 4855 1754 4908 consuetudinem
1791 4870 2037 4910 manasse

463 4935 616 4996 putat
634 4927 873 4980 Coimins
900 4921 1067 4978 Sancti
1095 4921 1302 4976 Martini
1337 4938 1528 4996 nomen
1557 4939 1716 4996 super
1737 4927 1914 4978 vinum
1953 4929 2036 4979 in-

463 4992 708 5058 vocandi,
733 4997 965 5066 illudque
996 5003 1176 5063 postea
1199 5011 1225 5044 a
1254 4992 1492 5047 convivis
1518 4995 1732 5063 potandi
1761 4996 1812 5049 iu
1838 5007 2035 5050 mntuze

463 5070 736 5123 charitatis
767 5067 1301 5140 symbolum,__que_m
1350 5079 1551 5140 morem
1598 5076 1786 5140 postea
1845 5082 2036 5140 pravus

463 5154 593 5192 usus
615 5135 869 5205 corrupit.
901 5142 970 5191 At
997 5135 1317 5192 crediderim
1358 5137 1536 5203 potius
1590 5136 1773 5191 ﬁdeles
1815 5137 1938 5190 olim
1982 5140 2033 5191 in

460 5211 601 5261 festo
631 5210 688 5259 S.
719 5209 948 5267 Martini.
983 5209 1119 5262 sicut
1163 5220 1217 5261 et
1263 5207 1313 5259 in
1346 5206 1468 5260 aliis
1495 5207 1899 5267 celebrioribus.
1946 5223 2036 5273 pa-

464 5293 585 5330 rare
614 5279 850 5329 convivia
883 5279 1256 5343 consuevisse;
1306 5277 1481 5347 idque,
1512 5281 1608 5332 etsi
1643 5281 1693 5330 in
1726 5279 1840 5331 aliis
1884 5275 2031 5330 festi-

463 5347 714 5417 vitatibus
759 5348 1090 5417 abrogatum,
1140 5349 1192 5402 in
1241 5352 1338 5403 hac
1387 5365 1487 5403 una
1539 5363 1913 5416 perseverasse
1963 5350 2032 5401 ob

463 5415 634 5471 sancti
666 5417 760 5468 viri
795 5415 1179 5472 celebritatem.
1213 5418 1310 5472 llic
1335 5429 1509 5473 autem
1532 5415 1597 5474 de
1625 5421 1719 5472 ista
1747 5427 2032 5471 consuetu-

463 5491 588 5539 dine
619 5486 857 5556 nonagit
879 5485 1182 5552 Gregorius,
1221 5489 1315 5540 sed
1343 5489 1410 5542 de
1437 5504 1570 5556 aqua
1600 5490 1714 5549 illa,
1746 5505 1846 5555 qua
1892 5489 2029 5540 beati

463 5556 564 5628 viri
585 5554 886 5628 sepulcrum
925 5556 1068 5612 ablui
1103 5559 1327 5624 solebat,
1362 5573 1427 5613 ex
1455 5554 1555 5627 qua
1581 5559 1708 5628 azgri
1737 5554 1900 5627 potati
1929 5573 2029 5612 sn:-

461 5627 582 5694 pius
603 5625 945 5683 curabantnr.

2168 3133 2364 3189 urgens
2383 3135 2597 3188 equum,
2626 3122 2692 3174 ad
2724 3121 2870 3176 illum
2892 3123 3061 3177 veloci
3090 3138 3247 3177 cursu
3269 3125 3475 3194 dirigit;
3509 3136 3562 3180 ct
3587 3141 3750 3182 casso

2165 3224 2286 3264 eum
2331 3214 2620 3266 verberans
2648 3210 2774 3277 ictu,
2807 3213 2984 3268 hastili
3025 3215 3218 3281 diviso,
3250 3217 3394 3270 ensis
3435 3216 3501 3270 ad
3545 3227 3748 3272 terram

2166 3303 2292 3356 ruit.
2322 3301 2751 3358 Gnntcbramnns
2784 3320 2913 3360 vero
2941 3320 3060 3360 cum
3083 3322 3242 3375 super
3268 3322 3326 3361 se
3357 3318 3583 3363 mortem
3613 3326 3743 3364 cer-

2163 3402 2316 3446 neret
2344 3393 2641 3456 imminere.
2675 3395 2918 3450 invocato
2945 3400 3160 3452 nomine
3192 3398 3420 3462 Domini,
3467 3414 3518 3454 et
3545 3401 3746 3456 virtute

2164 3499 2349 3552 magna
2383 3485 2517 3538 beati
2550 3484 2778 3550 Martini,
2810 3487 3124 3557 elevatoqne
3171 3500 3350 3555 conto,
3386 3489 3741 3545 Dracolenum

2163 3577 2396 3629 arctatiu
2427 3576 2685 3642 faucibus,
2711 3593 3135 3649 suspensumque
3167 3582 3232 3636 de
3261 3595 3398 3650 equo
3427 3597 3640 3638 sursum
3689 3582 3736 3649 ί,

2162 3682 2297 3722 unus
2320 3670 2386 3724 de
2412 3671 2597 3724 amicis
2621 3674 2734 3725 suis
2761 3689 2879 3726 enm
2911 3673 3090 3728 lancea
3123 3674 3287 3729 latere
3316 3675 3654 3731 verberatum
3679 3679 3743 3732 ﬁ-

2161 3765 2318 3830 nivi,t
2335 3763 2634 3835 fugatisque
2665 3768 2845 3830 sociis,
2871 3768 3088 3837 ipsoque
3108 3770 3331 3836 spoliato
3347 3811 3360 3833 ,
3377 3771 3741 3825 Gnntcliram-

2159 3870 2387 3911 nnscnm
2410 3856 2618 3914 ﬁliabus
2634 3857 2768 3913 liber
2783 3859 3056 3914 abscessit.
3075 3861 3316 3916 Postbzec
3330 3861 3561 3916 Severus
3575 3877 3741 3920 socer

2159 3947 2276 4015 ejus
2305 3962 2336 4002 a
2366 3947 2489 4002 filiis
2514 3948 2653 4018 apud
2684 3965 2861 4018 regem
2887 3953 3117 4019 graviter
3141 3965 3445 4007 accusatur.
3474 3953 3600 4008 Haec
3645 3955 3740 4011 ille

2156 4037 2400 4104 audiens,
2421 4053 2545 4093 cum
2569 4044 2770 4108 magnis
2797 4041 3105 4097 rnuneribns
3125 4043 3192 4096 ad
3214 4059 3393 4112 regem
3419 4045 3549 4111 petit
3570 4046 3734 4116 237

2155 4131 2246 4200 qui
2277 4131 2330 4184 in
2369 4147 2450 4185 vra
2482 4132 2848 4201 apprehensus
2879 4141 2935 4187 et
2961 4135 3289 4206 exsrioliatns
3309 4175 3325 4201 ,
3365 4145 3524 4206 atque
3551 4137 3603 4190 in
3633 4153 3736 4192 es-

2156 4227 2334 4280 silinm
2362 4227 2646 4295 deductus,
2675 4239 2846 4284 morte
2873 4231 3100 4296 pessima
3135 4229 3302 4283 vitam
3331 4230 3518 4285 ﬁnivit.
3548 4231 3654 4286 Sed
3679 4242 3736 4288 et

2155 4321 2261 4373 dno
2289 4319 2378 4372 ﬁlii
2401 4318 2541 4388 ejus,
2574 4320 2901 4375 Bnrsolenns
2930 4329 2983 4375 et
3011 4321 3191 4389 Dodo,
3216 4321 3286 4376 ob
3308 4323 3510 4378 crimen
3534 4324 3737 4394 majes-

2224 4513 2245 4539 ε
2287 4501 2337 4556 fs
2364 4500 2528 4556 fuisse
2561 4501 2766 4554 videtur
2806 4499 3160 4556 Chrasmarns
3189 4502 3607 4556 Turnacensium
3656 4505 3733 4558 si-

2150 4573 2258 4628 mul
2288 4582 2338 4628 et
2361 4573 2856 4640 Noviomageusium
2880 4587 2972 4624 seu
2997 4573 3489 4627 Viromandensium
3519 4574 3734 4643 episco-

2149 4661 2268 4712 pus.
2319 4643 2415 4697 llic
2445 4645 2638 4697 desinit
2677 4645 2844 4698 codex
2891 4644 3302 4710 Bellovacensis,
3355 4655 3549 4697 cmtera
3599 4656 3732 4700 sunt

2151 4716 2353 4768 avulsa.

2217 4785 2242 4820 ά
2284 4785 2377 4838 llic
2403 4785 2599 4839 desinit
2619 4793 2778 4853 caput
2804 4783 2855 4838 in
2887 4782 3046 4837 Corb.

2221 4864 2243 4892 ε
2283 4857 2468 4918 Corb.,
2495 4852 2820 4920 Dacolenus;
2843 4854 3018 4916 Colb.,
3047 4853 3212 4908 Taceo
3239 4852 3510 4923 Tagarici;
3558 4853 3698 4910 Bad.

2141 4923 2622 5048 gazgoofiodarici;
2645 4927 2857 4995 Regum,
2888 4923 3034 4996 Dago
3060 4923 3340 4989 Gadurici;
3367 4925 3512 4992 Bee,
3547 4925 3732 4979 Dacco

2189 5014 2219 5048 α
2261 5012 2406 5047 αιίει.

2171 4994 2406 5048 ἶαάανίεἱ.

2217 5065 2234 5103 ί
2264 5067 2464 5138 fieri),
2497 5063 2813 5138 Dragoleno,
2840 5065 2930 5135 qni
2973 5063 3024 5118 in
3058 5066 3290 5120 indiculo
3316 5065 3552 5133 capitum
3583 5064 3727 5123 dici-

2142 5146 2226 5190 tur
2251 5136 2578 5206 Dratglenus.

2213 5218 2237 5250 κ
2277 5209 2398 5272 Alii,
2441 5206 2578 5276 apud
2609 5222 2794 5276 regem.

2216 5276 2242 5313 ιι
2280 5271 2411 5331 Nota
2443 5271 2708 5330 hominem
2742 5278 2792 5330 in
2822 5277 3064 5342 periculo
3091 5271 3316 5344 positum
3349 5274 3487 5328 clam
3519 5289 3550 5328 a
3572 5290 3730 5343 pres-

2144 5349 2328 5415 bytero
2361 5349 2721 5412 pcenitentiam
2755 5348 2991 5415 petiisse,
3018 5348 3156 5415 quod
3205 5360 3266 5397 ea
3310 5353 3436 5400 ante
3462 5345 3724 5401 Carolum

2142 5409 2208 5474 γί
2237 5419 2288 5472 in
2333 5409 2554 5472 Francia
2588 5422 2693 5471 reis
2720 5409 2844 5471 ante
2872 5409 3096 5471 mortem
3149 5419 3527 5482 denegaretnr.
3584 5415 3728 5471 Vide

2141 5489 2411 5558 Mabillon.
2447 5489 2599 5541 Prmf.
2648 5491 2698 5541 in
2720 5489 2858 5541 Smc.
2905 5502 2958 5544 Ill
2985 5486 3338 5552 Bene-diuim,
3372 5500 3424 5555 p.
3457 5501 3506 5551 t,
3541 5501 3595 5539 n.
3621 5487 3721 5542 ξι.

2217 5561 2231 5596 ί
2279 5559 2484 5623 fletum,
2512 5575 2658 5622 equo,
2689 5574 2913 5611 rursum.
