3994 6194
153 273 240 333 545

1051 269 1367 329 HISTORIA
1409 268 1848 325 FRANCORUM.
1891 268 2094 323 LIBER
2134 267 2451 333 QUINTUS.

3268 270 3373 323 546

152 392 253 444 talis
286 387 426 440 liesa:
449 383 655 452 judicio
682 384 870 438 mortis
898 392 1147 453 suscepto
1165 424 1177 445 ,
1200 398 1338 438 unus
1357 383 1426 437 ab
1454 385 1689 438 exercitu
1720 390 1768 446 Α
1794 391 1974 436 sentes
1997 382 2260 450 episc0pi',
2311 383 2441 436 illud
2472 394 2549 437 est
2574 385 2809 439 additum
2837 383 2856 422 ί
2875 426 2891 451 ,
2926 385 3065 453 quod
3091 396 3268 440 esseut
3294 386 3371 439 rei

151 484 187 535 vi
214 491 491 548 oppressus
517 486 635 539 est;
667 476 805 529 alius
836 475 887 528 in
918 474 1039 544 fuga
1067 475 1457 545 apprehensus,
1485 484 1698 528 trunca-

151 577 204 629 tis
231 572 468 628 manibus
505 580 563 625 et
603 569 829 639 pedibus
873 568 1111 634 interiit;
1143 584 1336 637 resque
1378 582 1567 621 omnes
1591 577 1696 621 tam

147 678 305 721 eorum
325 705 341 731 ,
368 674 533 731 quam
564 659 751 729 patris,
790 659 921 714 ﬁsco
958 659 1165 714 collata:
1187 668 1333 713 sunt.
1366 658 1533 712 Erant
1558 659 1695 712 enim

147 754 215 813 eis
239 754 403 823 magni
437 751 695 806 thesauri.

209 843 407 900 XXVII.
439 842 643 898 Dehine
662 842 937 908 Turonici,
968 840 1193 907 Pictavi,
1226 841 1569 905 Baiocassini,
1597 837 1698 895 Ce-

148 936 453 1002 nomannici,
484 934 781 1003 Andegavi,
805 948 923 988 cum
947 934 1065 987 aliis
1088 933 1268 987 multis
1292 933 1341 985 in
1373 932 1696 985 Britanniam

149 1044 201 1082 ex
222 1028 362 1095 jussu
391 1026 685 1094 Chilperici
726 1025 867 1092 regis
897 1024 1144 1078 abierunt
1175 1040 1188 1075 :
1221 1032 1273 1078 et
1302 1030 1486 1076 contra
1512 1021 1700 1075 Waro-

144 1126 283 1175 chum
308 1128 357 1184 ⁸.
395 1117 564 1172 filium
615 1118 880 1186 quondam
927 1115 1164 1171 Maeliavi
1192 1157 1207 1177 ,
1252 1115 1317 1167 ad
1369 1112 1698 1167 Vicinoniam

145 1210 169 1250 δ
194 1210 395 1265 fluvium
425 1210 686 1264 resident.
716 1208 821 1263 Sed
853 1207 939 1261 ille
968 1207 1153 1261 dolose
1178 1221 1271 1275 per
1301 1214 1510 1259 noctem
1540 1218 1699 1271 super

146 1305 365 1358 Saxones
389 1301 758 1355 Baiocassinos
783 1309 806 1338 ο
835 1312 1013 1364 ruens,
1039 1298 1325 1352 maximam
1358 1296 1554 1350 exinde
1579 1310 1699 1365 par-

149 1405 239 1448 tem
266 1391 551 1449 interfecit.
580 1392 708 1448 Post
748 1391 834 1446 die
877 1398 1052 1445 autem
1081 1392 1268 1453 tertia,
1318 1403 1437 1443 cum
1476 1388 1699 1442 ducibus

148 1486 271 1553 regis
297 1484 582 1551 Chilperici
611 1497 794 1552 pacem
821 1480 1045 1551 faciens,
1076 1492 1129 1535 et
1157 1480 1321 1533 filium
1353 1494 1508 1533 suum
1532 1480 1583 1532 in
1604 1480 1701 1531 ob-

145 1577 358 1627 sidatum
403 1574 645 1637 donans,
696 1582 1117 1627 sacramentose
1154 1572 1509 1638 constrinxit,
1557 1570 1697 1640 quod

146 1663 312 1718 ﬁdelis
350 1664 457 1729 regi
489 1663 793 1731 Chilperico
816 1674 937 1715 esse
965 1659 1202 1715 deberet.
1228 1659 1461 1714 Venetos
1490 1673 1699 1727 quoque

1800 473 2125 543 majestatis,
2174 482 2230 527 et
2276 478 2457 542 patriai
2488 476 2807 540 proditores.
2846 477 2957 541 Qua
3007 474 3075 528 de
3111 490 3269 528 causa
3306 476 3373 528 ab

1798 566 2106 632 episcopatu
2135 565 2377 619 discincti
2404 566 2525 637 [ΑΙ.
2554 567 2745 635 dejecti
2767 565 2807 638 ],
2842 567 2894 621 in
2925 566 3198 620 basilicam
3230 566 3371 620 beati

1799 656 2031 711 Marcelli
2059 657 2157 710 sub
2177 658 2416 711 custodia
2439 658 2816 712 detruduntur.
2840 659 2918 712 Ex
2941 673 3042 727 qua
3066 673 3159 725 per
3186 657 3362 728 fugam

1800 746 1974 815 lapsi,
2017 747 2379 801 discesserunt
2427 764 2521 815 per
2556 750 2763 803 diversa
2804 760 3089 817 vagantes,
3119 750 3288 804 donec
3319 748 3371 802 iti

1799 837 2100 890 citutatibus
2131 852 2315 891 eorum
2341 839 2428 890 alii
2458 839 2730 907 subregati
2758 848 2948 891 suntl.

1872 926 2063 981 XXIX.
2093 928 2430 998 Chilpericus
2452 946 2581 985 vero
2608 946 2701 984 rex
2726 930 3110 997 descriptiones
3131 944 3293 985 novas
3321 940 3375 984 et

1800 1034 1991 1087 graves
2031 1019 2082 1072 in
2129 1019 2274 1074 omni
2321 1036 2484 1089 regno
2508 1008 2606 1074 suo
2632 1020 2744 1074 fieri
2766 1022 2943 1089 jussit.
2972 1022 3088 1088 Qua
3124 1021 3193 1075 de
3214 1035 3372 1074 causa

1800 1110 1949 1163 multi
1974 1110 2332 1180 relinquentes
2358 1111 2601 1166 civitates
2628 1111 2745 1165 illas
2768 1111 2892 1183 [ΑΙ.
2926 1110 3107 1184 suas],
3139 1112 3221 1166 vel
3249 1125 3377 1182 pos-

1799 1202 2071 1255 sessiones
2102 1202 2370 1269 pr0prias,
2415 1202 2516 1254 alia
2560 1217 2721 1271 regna
2754 1204 3052 1271 petierunt,
3085 1203 3253 1257 satius
3279 1202 3377 1256 du-

1798 1301 1983 1347 centes
2013 1293 2137 1347 alibi
2172 1294 2531 1362 peregrinari,
2560 1309 2715 1363 quam
2762 1294 2854 1347 tali
2904 1294 3143 1362 periculo
3186 1294 3371 1361 subju-

1800 1399 1942 1438 cere.
1973 1384 2240 1439 Statutum
2264 1386 2406 1440 enim
2437 1383 2631 1450 fuerat,
2666 1395 2721 1439 ut
2761 1399 3037 1455 possessor
3067 1386 3133 1439 de
3165 1385 3374 1454 propria

1800 1486 1939 1532 terra
1969 1493 2125 1531 unam
2173 1478 2482 1543 amphoram
2520 1478 2627 1531 viui
2666 1494 2758 1546 per
2786 1479 3097 1547 aripennem
3128 1475 3152 1514 ’³
3182 1476 3371 1531 redde-

1804 1579 1907 1621 ret.
1936 1566 2043 1620 Sed
2072 1576 2126 1620 et
2153 1568 2269 1621 alia:
2297 1567 2595 1621 functiones
2624 1567 3000 1636 inlligebantur
3029 1568 3209 1621 multa:
3231 1608 3245 1629 ,
3270 1573 3378 1618 tant

1800 1656 1869 1711 de
1908 1657 2130 1725 reliquis
2167 1658 2352 1723 terris,
2376 1673 2533 1725 quam
2564 1658 2630 1711 de
2662 1659 2935 1728 mancipiis
2962 1678 2975 1711 :
3000 1660 3138 1726 quod
3173 1660 3379 1727 impleri

141 1755 397 1808 civitatem
423 1751 640 1818 refudit,
671 1754 773 1807 sub
800 1768 864 1806 ea
891 1752 1220 1817 conditione,
1250 1760 1308 1805 ut
1328 1751 1372 1807 si
1402 1758 1697 1806 mereretur
1730 1760 1776 1821 Β
1803 1766 1907 1803 ιιοη
1954 1758 2180 1817 poterat.
2215 1749 2587 1804 Lemovicinus
2626 1767 2836 1820 quoque
2883 1754 3108 1821 populus
3149 1768 3269 1807 cum
3319 1766 3380 1805 se

140 1860 251 1900 eam
279 1860 372 1913 per
393 1845 687 1913 jussionem
720 1844 858 1913 regis
887 1859 1101 1914 regere,
1132 1844 1327 1897 tributa
1360 1844 1439 1898 vel
1482 1844 1658 1896 omnia
1681 1881 1699 1909 ,

139 1955 249 2007 qua:
273 1938 467 1993 exinde
494 1938 857 2005 debebantur,
900 1940 1056 1992 annis
1083 1938 1307 2009 singulis
1345 1937 1489 1993 nullo
1517 1941 1703 1992 admo-

142 2037 297 2084 nente
341 2030 680 2085 dissolveret.
712 2029 864 2096 Quod
896 2044 1015 2084 cum
1046 2027 1241 2084 factum
1272 2028 1495 2095 fuisset,
1545 2046 1701 2085 exer-

136 2121 267 2174 citus
308 2121 374 2174 ab
401 2136 467 2176 eo
496 2120 617 2176 loco
657 2131 898 2175 remotus
942 2131 1045 2175 est.
1090 2120 1331 2177 Ρυειιιεεθ
1370 2120 1703 2189 Chilpericus

138 2225 225 2263 rex
253 2211 317 2265 de
347 2212 673 2280 pauperibus
695 2224 749 2266 et
771 2211 1075 2281 junioribus
1102 2210 1129 2249 ά
1157 2214 1400 2268 ecclesiae
1432 2216 1514 2268 vel
1560 2214 1703 2269 basi-

139 2298 247 2355 licae
277 2302 481 2357 banuos
502 2302 666 2371 jussit
684 2303 849 2372 exigi,
878 2318 975 2373 pro
1002 2318 1068 2358 eo
1087 2303 1226 2371 quod
1251 2305 1303 2358 in
1334 2305 1569 2359 exercitu
1598 2321 1702 2360 non

141 2391 514 2447 ambulasseut.
560 2391 675 2447 Non
706 2394 850 2447 enim
877 2403 991 2448 erat
1020 2394 1386 2459 consuetudo,
1422 2404 1481 2448 ut
1529 2395 1583 2449 hi
1621 2396 1703 2449 ul-

142 2482 238 2535 lam
264 2484 605 2540 exsolverent
633 2486 898 2554 publicam
931 2485 1278 2542 functionem.
1309 2487 1552 2543 Postlimc
1581 2486 1707 2542 Wa-

141 2576 331 2631 rorhus
359 2578 677 2635 obliviscens
708 2579 1080 2649 promissionis
1118 2595 1259 2647 sum,
1289 2581 1475 2635 volens
1507 2582 1698 2635 irrum-

142 2684 263 2737 pere
312 2672 452 2739 quod
510 2671 743 2738 fecerat,
794 2670 1020 2726 Ennium
1074 2673 1382 2741 episcopum
1439 2671 1708 2728 Veneticze

143 2762 283 2816 urbis
304 2763 371 2817 ad
397 2762 756 2831 Chilpericum
796 2777 975 2834 regem
1004 2762 1201 2833 dirigit.
1227 2764 1297 2817 At
1336 2762 1425 2817 ille
1454 2764 1532 2817 ira
1561 2778 1711 2817 com-

142 2862 313 2907 motus
333 2893 349 2919 ,
379 2853 541 2925 238
567 2853 900 2925 obiurgatum
925 2869 1045 2910 eum
1071 2853 1262 2909 exsilio
1293 2853 1537 2908 damnari
1568 2868 1708 2922 pra-

143 2946 295 3012 cepit.

210 3034 446 3092 XXVIII.
466 3036 624 3091 Anno
648 3050 863 3106 quoque
888 3047 1078 3107 quarto
1103 3035 1429 3092 Chiltleberti
1451 3076 1467 3101 ,
1497 3035 1584 3103 qui
1613 3035 1713 3090 fuit

1803 1852 2045 1899 cerneret
2076 1842 2163 1896 tali
2193 1840 2337 1896 fasce
2362 1848 2604 1912 gravari,
2654 1856 3009 1913 congregatus
3058 1845 3107 1897 in
3139 1843 3379 1897 Calendis

1804 1933 2033 1999 Martiis,
2068 1933 2301 1986 Marcum
2341 1930 2785 1999 referendarium,
2818 1935 2905 2001 qui
2945 1935 3058 1987 haec
3081 1949 3240 2004 agere
3266 1933 3381 2003 jus-

1802 2041 1896 2081 sus
1925 2026 2116 2090 fuerat,
2143 2026 2446 2081 interficere
2469 2026 2634 2080 voluit
2666 2044 2678 2079 :
2710 2035 2765 2080 et
2797 2026 3011 2079 fecisset
3037 2027 3243 2093 utique.
3276 2027 3373 2076 nisi

1803 2133 1924 2172 eum
1964 2118 2245 2188 episcopus
2278 2114 2599 2192 Ferreolus
2625 2116 2693 2170 ab
2724 2116 3016 2169 imminenti
3071 2114 3380 2168 discrimine

1807 2212 2102 2265 liberasset.
2164 2212 2404 2278 Arreptis
2453 2225 2665 2278 quoque
2714 2210 2862 2262 libris
2922 2206 3379 2275 descriptionum,

1808 2304 1969 2374 239
2006 2301 2255 2356 incendio
2310 2282 2591 2355 multitudo
2638 2298 2919 2368 c0ujuuct.i
2974 2299 3379 2352 concremavit:

1809 2400 1948 2450 unde
1979 2397 2200 2450 multum
2249 2396 2506 2448 molestus
2535 2410 2627 2447 rex
2651 2434 2666 2459 ,
2707 2393 2945 2462 dirigens
2975 2391 3041 2445 de
3092 2393 3257 2445 latere
3288 2406 3381 2444 suo

1809 2503 2092 2559 personas,
2119 2490 2394 2541 immensis
2419 2487 2631 2540 damnis
2663 2488 2912 2556 pepulum
2941 2482 3154 2546 afﬂixit.
3182 2486 3381 2553 suppli-

1810 2584 2013 2651 ciisque
2048 2580 2343 2635 conterruit
2372 2580 2420 2643 i,
2451 2587 2622 2633 morte
2652 2577 2944 2633 mulctavit.
2979 2576 3178 2632 Ferunt
3219 2577 3379 2630 etiam

1811 2684 1936 2731 tunc
1964 2675 2184 2730 abbates
2223 2684 2381 2743 atque
2420 2673 2760 2743 presbyteros
2798 2672 2863 2727 ad
2893 2673 3101 2740 stipites
3129 2682 3382 2726 extenSos

1810 2768 2037 2824 diversis
2085 2766 2417 2837 subjacuisse
2447 2767 2725 2821 tormentis
2749 2806 2763 2829 ,
2797 2764 3248 2819 calumniantibus
3290 2781 3379 2819 re-

1810 2859 2016 2929 galibus
2046 2859 2223 2913 missis
2243 2901 2258 2923 ,
2293 2858 2433 2928 quod
2483 2857 2534 2911 in
2582 2857 2848 2911 seditione
2877 2857 3056 2927 populi
3087 2857 3155 2910 ad
3202 2858 3382 2910 inceu~

1811 2952 2017 3008 dendos
2062 2952 2230 3006 libros
2269 2950 2645 3023 satellites[l.
2690 2946 3001 3020 adjutores]
3053 2946 3382 3014 adfuissent,

1812 3043 2084 3098 acerbiora
2111 3056 2321 3111 quoque
2345 3041 2595 3110 deinceps
2626 3040 2922 3111 infligentes
2956 3039 3166 3093 tributa.

148 3127 379 3181 decimus
422 3136 646 3182 octavus
674 3125 1061 3182 Guntcbramni
1092 3134 1146 3182 et
1191 3126 1457 3197 Cliiperici
1486 3142 1706 3197 regum,
1739 3135 1786 3199 (ζ
1885 3135 2054 3190 xxx.
2091 3135 2326 3190 Britanni
2372 3150 2587 3205 quoque
2634 3135 2870 3203 graviter
2916 3134 3187 3203 regionem
3236 3131 3382 3185 lihe-

148 3220 278 3286 apud
300 3221 632 3275 Cavillonum
660 3220 926 3276 civitatem
949 3221 1185 3293 synodus
1207 3221 1341 3276 facta
1359 3230 1463 3287 est,
1487 3238 1551 3276 ex
1559 3221 1712 3291 jussu

147 3310 394 3380 principis
422 3311 844 3377 Guntcbramni;
870 3311 1235 3381 discussisque
1262 3312 1487 3367 diversis
1511 3313 1710 3377 causis,

148 3414 322 3457 contra
355 3403 628 3460 Salonium
673 3411 728 3457 et
774 3402 1115 3472 Sagittarium
1162 3403 1445 3472 episcopos
1493 3405 1715 3458 iteratur

147 3495 234 3549 illa
259 3499 474 3567 antiqua
500 3498 776 3551 calamitas
793 3493 842 3549 ά.
873 3494 1209 3565 Objiciuntur
1243 3495 1321 3553 eis
1348 3496 1575 3551 crimina
1606 3514 1617 3547 :
1662 3507 1717 3548 et

146 3604 248 3643 non
290 3590 467 3643 solum
494 3588 564 3643 de
582 3586 888 3654 adulteriis,
918 3601 1102 3643 verum
1130 3588 1294 3642 etiam
1324 3588 1391 3644 de
1418 3587 1715 3643 homicidiis

144 3692 480 3738 accusantur.
510 3681 617 3737 Sed
664 3680 780 3736 haec
812 3696 909 3751 per
946 3682 1312 3750 paenitentiam
1341 3683 1554 3753 purgari
1584 3698 1715 3738 cen-

214 3852 240 3878 ³¹
262 3842 443 3907 Colb.,
479 3839 777 3903 Voracium,
803 3847 857 3893 et
886 3835 1019 3892 infra
1041 3879 1058 3904 ,
1095 3837 1397 3893 Varadium.

209 3910 539 3967 chrvicem
574 3909 858 3963 Britannia!
898 3909 1191 3978 peninsula:
1219 3922 1395 3978 secat,
1440 3918 1599 3979 atque
1635 3909 1716 3964 iu-

143 3992 224 4036 ter
246 3983 481 4038 Venetos
510 3991 561 4035 et
594 3980 905 4034 Namnetem
931 3980 1092 4035 urbes
1122 3980 1174 4035 in
1205 3979 1471 4034 Oceanum
1502 3981 1712 4034 Britan-

137 4054 319 4176 ἕρπω
363 4054 724 4122 immergitur.
781 4049 990 4119 Vulgari
1016 4050 1271 4107 idiomate
1314 4050 1507 4106 dicitur
1535 4052 1587 4104 ta
1628 4051 1714 4103 Vi-

209 4142 293 4176 ne.

209 4142 293 4179 ne.

210 4206 233 4233 ε
257 4195 395 4250 Cod.
422 4194 638 4263 Regm.,
666 4190 895 4247 Sumne:
918 4201 1068 4261 atque
1092 4190 1472 4263 Bajocassinos.
1499 4192 1591 4248 ASt
1604 4191 1715 4263 alia

140 4263 297 4319 lectio
331 4262 532 4335 potior.
562 4264 659 4316 Hic
677 4264 872 4335 quippe
894 4262 1240 4335 designantur
1266 4262 1507 4335 Saxones
1529 4277 1561 4335 e
1583 4262 1718 4335 Ger-

138 4339 314 4390 mania
335 4333 582 4398 oriundi,
607 4334 696 4400 qui
728 4333 997 4388 inclinatis
1025 4334 1235 4399 imperii
1265 4333 1488 4390 Romani
1516 4333 1718 4387 viribus

140 4405 191 4459 in
221 4408 554 4461 Britanniam
580 4404 835 4472 majorem
863 4414 917 4459 et
942 4404 994 4458 in
1024 4404 1221 4459 Gallias
1250 4404 1488 4471 irrupere
1512 4446 1529 4469 ,
1560 4415 1719 4471 atque

142 4478 292 4532 exiis
325 4476 568 4531 nonnulli
602 4475 655 4529 in
683 4482 852 4528 tractu
883 4476 1216 4539 Aremorico,
1238 4489 1300 4528 ac
1340 4473 1533 4528 finibus
1556 4476 1712 4538 Bajo-

143 4550 368 4601 cassium
389 4560 443 4601 et
463 4545 901 4600 Namnetensium
923 4546 1283 4607 censidentes,
1302 4560 1420 4599 cum
1446 4545 1712 4599 veteribus

146 4617 331 4674 incolis
360 4618 640 4687 permisti,
685 4631 897 4687 nomen_
929 4617 1090 4669 etiam
1140 4615 1347 4687 utrique
1377 4616 1519 4685 genti
1565 4629 1713 4687 com-

151 4703 304 4744 mune
337 4684 661 4743 habuerunt.
696 4686 831 4740 Hinc
858 4684 1178 4741 Fortunatus
1200 4686 1292 4739 lib.
1326 4684 1403 4748 iii,
1458 4699 1623 4739 carm.
1655 4684 1710 4749 8,

151 4758 321 4814 laudat
343 4760 578 4814 Felicem
608 4756 775 4823 episc.
808 4755 1170 4810 Namneticuin
1200 4758 1269 4809 ob
1300 4755 1531 4810 Saxones
1561 4757 1629 4808 ab
1647 4770 1713 4809 eo

156 4830 243 4882 Sub
266 4832 392 4898 jugo
411 4828 617 4884 Christi
643 4824 1057 4898 mansuefactos.
1093 4827 1289 4880 Eorum
1319 4827 1713 4898 regionemtia-

157 4894 287 4953 rotas
313 4894 507 4954 Calvus
537 4900 587 4951 in
626 4899 827 4966 legibus
857 4900 994 4965 apud
1026 4897 1296 4953 Silvacum
1326 4897 1557 4965 appellat
1586 4894 1713 4949 Lin-

160 4985 293 5035 guam
321 4972 652 5025 Samniticum.

218 5039 511 5096 ‘Juniores
552 5041 638 5094 hit.
684 5047 809 5093 sunt
849 5038 1093 5094 ecclesia:
1140 5037 1461 5099 servitores,
1507 5045 1564 5088 ut
1603 5035 1716 5090 vult

162 5106 403 5178 Cointius,
429 5113 497 5164 ad
525 5125 725 5163 annum
768 5108 910 5174 586;
942 5112 1074 5163 alias
1107 5108 1184 5161 sic
1198 5105 1712 5178 #appeltantur‘CIe-

166 5181 247 5236 rici
287 5176 625 5237 subdiacouis
668 5179 969 5234 inferiores.
1011 5179 1142 5232 Vide
1182 5176 1385 5230 Concil.
1438 5176 1712 5230 Masticou.

168 5264 210 5320 l_.
234 5268 341 5308 can.
368 5257 432 5316 8,
480 5264 535 5307 et
568 5251 811 5320 Bignouii
844 5250 1008 5305 Notas
1052 5252 1103 5303 in
1146 5248 1381 5302 Murculli
1431 5246 1711 5320 formulam

168 5318 292 5377 Slib.
328 5340 365 5379 ι.
392 5317 839 5377 Βεηηιιηιέιιιιειυ
892 5322 976 5373 Inc
1029 5328 1249 5388 usurpat
1288 5333 1384 5385 pro
1422 5317 1713 5388 multarin-

172 5392 283 5447 dicta
309 5396 370 5450 iis
393 5394 482 5463 qui
504 5393 571 5447 ad
604 5397 857 5456 bannum,
888 5391 939 5444 id
969 5401 1054 5446 est
1076 5393 1140 5443 ad
1168 5393 1438 5457 placitum,
1463 5387 1704 5441 militiam

176 5476 248 5518 seu
272 5466 523 5521 delectum
547 5478 652 5517 non
683 5473 1045 5515 accesserant.

236 5534 378 5591 'Jani
407 5536 602 5602 quippe
631 5531 869 5586 accusati
918 5535 1123 5585 fuerant
1160 5539 1213 5583 et
1259 5526 1705 5602 condetnnatihiu

173 5607 363 5659 concilio
391 5596 637 5675 Hugduu.
693 5618 731 5675 tt
753 5642 767 5665 ,
818 5612 873 5652 ut
915 5602 1111 5675 dictum
1140 5612 1221 5675 est
1249 5614 1407 5675 supra
1442 5596 1707 5675 canuit),

174 5678 247 5727 sed
269 5666 661 5747 Ioatiuisvaie
677 5673 921 5747 __decrcto
967 5672 1241 5747 restituti,
1293 5667 1532 5747 concilio
1563 5666 1706 5747 Pari-

175 5750 406 5813 siensiw,
436 5736 713 5803 au'uo'575
739 5781 755 5810 ,
801 5755 921 5799 cum
966 5742 1084 5800 aliis
1136 5741 1404 5811 episcopis
1453 5736 1706 5792 interfue-

1813 3227 2055 3283 douicaui
2079 3236 2456 3292 vastaverunt,
2489 3225 2734 3279 incendio
2758 3265 2774 3291 ,
2805 3224 3005 3293 prteda,
3035 3222 3341 3293 captivitate
3370 3262 3383 3275 .

1813 3322 1901 3391 qui
1934 3334 2100 3388 usque
2142 3317 2455 3374 Cornuiium
2501 3317 2676 3371 vicum
2708 3314 2731 3352 ¹ι
2764 3315 3080 3369 debellando
3122 3316 3385 3384 progressi

1813 3422 1960 3470 sunt.
1987 3410 2189 3467 Ennius
2221 3410 2339 3485 [ΑΙ.
2375 3412 2575 3465 Eonius
2596 3409 2615 3482 ]
2640 3425 2767 3464 vero
2788 3410 3070 3478 episcopus
3098 3412 3163 3462 de
3192 3408 3388 3462 exsilio

1814 3506 2083 3569 reductus,
2106 3503 2397 3574 Andegavo
2425 3503 2491 3557 ad
2518 3502 2840 3573 pascendum
2872 3502 3165 3572 delegatur,
3197 3517 3292 3555 nec
3321 3502 3385 3554 ad

1814 3597 2080 3652 civitatem
2111 3611 2261 3650 suam
2294 3594 2600 3649 Vermticam
2631 3595 2802 3649 redire
2828 3593 3171 3662 permittitur.
3199 3593 3389 3662 Bippn.

1814 3690 1966 3746 lenus
1997 3687 2017 3727 ι
2044 3704 2170 3745 vero
2198 3688 2303 3744 dux
2332 3698 2516 3743 contra
2548 3688 2828 3742 Britannos
2857 3686 3129 3755 dirigitur,
3174 3695 3227 3738 et
3273 3686 3386 3740 loca

1816 3855 1955 3898 rant.
1988 3843 2249 3899 Caeterum
2276 3857 2341 3899 ex
2373 3842 2474 3896 hoc
2496 3841 2703 3909 capite,
2746 3840 2886 3911 quod
2918 3855 3103 3895 omnes
3132 3855 3262 3893 mss.
3298 3855 3387 3894 ex.

1816 3915 2022 3979 hibent,
2065 3924 2269 3968 certum
2302 3925 2383 3967 est
2422 3913 2578 3967 etiam
2613 3925 2771 3981 caput
2800 3913 2869 3965 ‘20
2897 3911 3197 3981 hujuslibri
3221 3951 3237 3973 ,
3270 3911 3387 3966 licet

1817 3986 1870 4040 in
1899 3986 2101 4053 aliquot
2118 3986 2276 4038 codd.
2307 3983 2661 4043 desideretur,
2680 3979 2864 4053 verum
2888 3997 3008 4053 esse
3036 3979 3276 4053 Gregorii
3307 3981 3385 4033 fe-

1819 4066 1954 4109 tum.
1987 4050 2060 4108 De
2089 4054 2398 4110 eorumdem
2439 4055 2738 4121 dejectione
2777 4051 2889 4122 agit
2933 4051 3129 4105 Marius
3152 4051 3218 4104 ad
3248 4050 3387 4105 hunc

1818 4127 1987 4193 ipsmn
2017 4140 2234 4179 annum.

1892 4195 1912 4233 τ
1936 4196 2112 4254 Colb..
2140 4194 2471 4248 attitulatum.

1890 4278 1915 4315 κ
1946 4268 2159 4320 Aridins
2187 4266 2394 4319 scilicet
2429 4261 2715 4331 Sagittario
2740 4261 3086 4330 Vapincensi,
3115 4270 3170 4314 et
3194 4261 3391 4315 Emeri-

1821 4346 1908 4392 tus
1958 4337 2178 4393 Salonio
2214 4335 2603 4389 Ehreduneusi.
2640 4335 2869 4401 Uterque
2897 4332 3135 4385 interfuit
3161 4333 3388 4385 concilio

1820 4410 2023 4463 Matise.
2057 4424 2113 4471 ll,
2146 4422 2286 4460 anno
2320 4405 2459 4469 585,
2514 4415 2567 4458 et
2616 4404 2827 4458 Aridius
2859 4403 3140 4457 Valentino
3190 4419 3247 4461 II.
3298 4417 3388 4456 an.

1822 4479 1945 4534 584.
1973 4479 2153 4532 Eidem
2180 4479 2395 4545 scripsit
2421 4488 2527 4529 tres
2555 4476 2811 4543 epistolas
2836 4474 2892 4529 S.
2914 4473 3204 4545 Gregorius
3235 4474 3303 4527 Μ.
3335 4475 3388 4529 iu

1817 4549 2011 4619 quibus
2040 4550 2253 4618 Aregius
2292 4543 2523 4619 dicitur,
2552 4557 2689 4599 Sicut
2716 4554 2770 4619 et
2800 4546 2850 4599 in
2875 4544 2992 4615 ejus
3019 4543 3382 4619 Vita_a_b‘auc-

1820 4615 1935 4675 (ore
1954 4615 2222 4673 coaetaneo
2243 4618 2459 4685 scripta,
2478 4619 2613 4678 apud
2637 4615 2903 4669 Labbeuni
2928 4626 3072 4669 tonio
3094 4631 3107 4668 ι
3136 4615 3385 4670 Bibliotb.

1818 4692 2192 4813 apvmh'tpsins
2240 4690 2428 4742 festum
2481 4689 2531 4740 in
2563 4687 2769 4757 propria
2814 4688 3036 4741 ecclesia
3081 4688 3381 4740 celebratur

1856 4776 1949 4813 iet
2029 4775 2118 4813 an.

1856 4761 1905 4814 ie
1936 4777 1949 4814 ι
1979 4760 2118 4813 Maii.

1894 4827 1924 4867 ιι
1954 4832 2280 4896 Aripennem
2308 4828 2649 4896 appellabant
2694 4836 2900 4882 veteres
2922 4825 3092 4891 Galli,
3125 4835 3182 4879 ut
3210 4833 3387 4880 monet

1822 4899 2091 4964 Valesius,
2120 4898 2494 4967 semijugerein
2523 4899 2885 4953 continentem
2912 4897 3011 4951 I20
3044 4896 3233 4965 pedes.

1896 4969 1909 5008 ί
1942 4971 2020 5025 De
2047 4971 2146 5023 hoc
2171 4967 2306 5021 infra
2336 4970 2426 5023 lib.
2460 4984 2551 5035 vu,
2580 4984 2699 5035 cap.
2730 4968 2813 5021 lt).

1892 5041 1907 5091 i
1943 5042 2129 5110 Ilegm.
2159 5050 2212 5093 et
2242 5041 2388 5106 Bec.,
2419 5033 2668 5092 contrivit.
2703 5039 2846 5091 llanc
2868 5051 2987 5089 esse
3009 5035 3233 5110 primam
3262 5033 3384 5110 Mis-

1817 5126 1996 5164 sorum
2024 5105 2289 5173 regiorum
2318 5121 2638 5163 mentionem
2672 5110 2809 5175 apud
2839 5114 3053 5175 nostros
3084 5105 3383 5175 llistoricos

1816 5185 2066 5236 observat
2093 5180 2333 5234 Valesios
2382 5177 2516 5232 libro
2546 5196 2574 5231 χ
2616 5174 2811 5231 lterum
2872 5174 3115 5228 Francic.
3145 5174 3385 5227 Postmo-

1818 5255 1940 5305 dum
1973 5253 2072 5305 sub
2119 5249 2397 5303 lllisstirutu
2439 5249 2830 5303 dominicorum
2884 5246 3098 5298 nomine
3141 5244 3387 5300 celebres

1818 5322 2047 5375 fuerunt.

1883 5391 1906 5429 ι
1941 5392 2087 5446 llnne
2112 5388 2288 5442 locum
2335 5383 2576 5440 Cointius
2619 5385 2853 5453 appellat
2879 5382 3105 5438 Cornus.
3136 5382 3388 5440 Valesius

1817 5478 1942 5516 vero
1967 5473 2040 5513 ait
2070 5457 2440 5529 vulgo_putaii
2462 5472 2606 5529 esse
2653 5454 3000 5512 Saint—Aubin
3032 5455 3078 5508 le
3125 5454 3381 5508 Cormier.

1812 5533 1943 5586 Cod.
1977 5527 2187 5598 Regum,
2219 5527 2581 5582 Tornuntium.

1892 5601 1907 5639 ι
1944 5595 2080 5654 titul:
2114 5602 2301 5668 ltegm.
2350 5613 2468 5650 cum
2498 5601 2697 5667 aliquot
2727 5597 2914 5664 editis,
2944 5595 3235 5668 Bypoienus
3261 5614 3273 5626 ο
3299 5595 3389 5655 alii

1818 5673 2091 5744 Dipolcims
2117 5715 2128 5736 ,
2158 5670 2492 5740 Bappoleuus.
