3994 6194
666 211 765 262 547

1644 213 1701 270 S.
1742 213 2066 271 GREGORII
2108 215 2413 271 EPISCUPI
2450 213 2883 271 TURONENSIS

3798 216 3928 269 363

661 324 830 391 aliqua
879 324 1163 380 Britanniae
1196 325 1338 380 l'errn
1383 325 1735 397 incendioque
1762 330 2014 396 opprimit
2047 348 2059 381 :
2111 346 2228 399 qua!
2258 332 2308 389 Α
2333 343 2446 381 sam
2477 333 2781 384 auferentes
2822 330 3050 399 prtcdam
3074 373 3087 397 ,
3122 344 3274 396 agros
3310 328 3638 397 pervadunt,
3672 330 3853 385 vineas
3889 348 3923 383 ει

661 433 747 469 res
779 418 1028 484 tttajorem
1054 419 1309 472 insaniam
1339 420 1613 473 excitavit.

736 509 925 563 XXXI.
972 512 1102 564 Dum
1145 512 1259 565 haec
1286 523 1572 580 agerentur
1614 515 1664 566 in
1700 512 1881 566 Galliis
1921 523 1964 574 η,
1991 515 2108 568 ,Ιιικι
2136 531 2234 568 nus

661 603 878 671 impleto
904 605 1106 670 imperii
1136 615 1325 659 octavo
1347 607 1554 659 decimo
1576 623 1737 671 anno,
1765 609 2047 661 amentiam
2074 625 2231 677 quam

662 696 997 760 incurrerat,
1026 714 1145 751 cum
1178 701 1280 752 vita
1335 700 1521 755 ﬁnivit.
1555 702 1670 767 Quo
1700 703 1938 767 sepulto.
1987 702 2232 756 Tiberius

658 786 837 839 Ca~sar
862 788 1091 853 arripuit
1114 789 1221 857 jam
1252 792 1375 844 olitn
1406 807 1711 862 aggressum
1743 793 2019 857 imperium
2045 792 2092 845 ι).
2125 794 2227 847 Sed

658 895 779 931 cum
810 895 928 931 entu
961 880 1249 933 secundum
1283 883 1718 935 consuetudinem
1764 883 1862 935 loci
1913 883 1975 933 ad
2022 894 2229 944 ειη-(τιτι-

659 978 834 1022 culum
867 973 991 1023 cit-ci
1026 974 1424 1039 priestolaretnr
1455 975 1681 1041 populus
1703 989 2076 1043 processurum
2101 1014 2114 1037 ν
2142 988 2231 1041 ν³··

662 1078 779 1115 rare
809 1065 855 1117 ei
887 1066 1127 1131 cogitans
1160 1081 1253 1130 pro
1310 1075 1456 1130 parte
1511 1067 1793 1118 .Instiuiani
1853 1067 2106 1129 insidias,
2140 1070 2227 1131 qui

662 1165 787 1205 tunc
830 1171 992 1221 nepos
1041 1156 1226 1207 Justiui
1277 1157 1589 1221 habebatur,
1624 1156 1714 1209 ille
1763 1172 1855 1223 per
1906 1160 2017 1208 lica
2048 1169 2226 1209 sancta

663 1248 939 1309 processit.
971 1246 1354 1314 Contpletaque
1384 1249 1623 1299 oratione
1644 1287 1657 1311 ,
1690 1256 1877 1299 vocato
1901 1250 1963 1298 ad
1996 1264 2051 1299 se
2085 1250 2228 1303 ttrhis

664 1350 827 1401 papa,
864 1350 981 1387 cum
1014 1338 1322 1389 consulibus
1366 1352 1427 1389 ac
1468 1336 1728 1404 praefectis
1762 1340 2009 1403 palatium
2041 1352 2119 1392 est
2150 1341 2229 1391 itt-

662 1439 898 1493 grcssus.
948 1427 1145 1479 Dehinc
1190 1425 1405 1479 indutus
1438 1444 1695 1495 purpura,
1728 1428 2031 1482 diademate
2076 1446 2228 1483 curo-

665 1526 853 1579 natus,
885 1516 1075 1569 throno
1122 1518 1380 1585 imperiali
1422 1518 1735 1585 impositus,
1794 1536 1912 1573 cum
1950 1523 2227 1575 immensis

662 1605 905 1658 laudibus
937 1618 959 1644 ο
993 1607 1269 1673 imperium
1294 1610 1646 1663 conﬁrmavit.
1670 1608 1938 1665 Facliouat
1958 1613 1987 1664 ii
2016 1631 2226 1683 unoque

2338 418 2597 472 fructibus
2643 432 2896 483 vacuant,
2953 432 3004 474 et
3053 422 3292 490 captitms
3322 420 3615 473 abducunt.
3661 421 3741 473 Ad
3772 437 3927 487 quos

2334 526 2453 563 cum
2485 510 2634 565 Felix
2666 513 2946 581 episcopus
2976 514 3292 581 legationem
3324 511 3593 577 misisset,
3619 512 3923 566 emendare

2336 606 2726 671 promittentes.
2758 606 2883 657 nihil
2919 608 2980 655 dc
3014 606 3288 673 promissis
3316 604 3537 672 implere
3567 604 3851 657 v‘oluerunt

2406 694 2640 751 XXXIII.
2692 698 2843 765 Apud
2876 693 3096 749 ἱιειιιιυιιι
3150 698 3380 749 I‘arisios
3431 696 3620 749 mulier
3666 700 3921 765 quantam

2332 786 2435 838 ruit
2467 788 2517 839 itt
2548 788 2769 851 crimen,
2790 788 3148 841 asserentibus
3170 786 3327 860 25,1
3354 787 3553 851 multis,
3588 789 3739 855 quasi
3760 790 3916 857 quod

2335 877 2521 927 relicto
2552 878 2670 929 viro
2712 894 2829 929 cmn
2876 878 2980 929 alio
3010 880 3340 931 misceretur.
3371 878 3533 947 Igitur
3563 891 3811 947 parentes
3847 882 3921 933 il-

2332 967 2436 1020 lius
2467 970 2813 1023 accessertztt't
2854 971 2918 1023 ad
2966 982 3198 1037 patrem,
3228 973 3501 1024 dicentes:
3532 976 3637 1025 Aut
3662 972 3919 1025 idoneam

2334 1059 2493 1111 redde
2525 1061 2684 1112 ﬁliam
2738 1070 2877 1112 tuam
2902 1103 2913 1124 ,
2949 1070 3037 1113 aut
3067 1075 3210 1115 Certe
3241 1066 3516 1127 moriatur,
3552 1079 3619 1116 ne
3668 1075 3917 1129 stuprum

2333 1151 2431 1203 hoc
2465 1153 2645 1218 generi
2681 1163 2861 1203 nostro
2891 1164 3065 1203 notant
3096 1152 3316 1222 inﬁigat.
3349 1153 3502 1213 Novi,
3524 1154 3695 1223 inqu
3728 1168 3909 1217 pater,

2328 1255 2426 1309 ego
2456 1242 2611 1294 Iiliattt
2653 1257 2821 1295 meant
2854 1243 2985 1295 bene
3018 1244 3292 1308 idoneam,
3327 1256 3424 1297 nec
3448 1252 3531 1296 est
3557 1259 3739 1295 verum
3788 1260 3919 1295 vcr-

2331 1331 2453 1383 bum
2478 1335 2578 1385 huc.
2604 1373 2617 1396 ,
2662 1332 2801 1401 quod
2836 1334 2958 1386 ntali
2991 1332 3231 1384 homines
3256 1335 3665 1401 proloqttuntttr.
3702 1333 3913 1385 Tamen

2331 1436 2397 1475 ne
2438 1422 2637 1475 crimen
2669 1430 2954 1493 consurgat
2996 1423 3219 1476 ulterius
3240 1466 3254 1487 ,
3308 1423 3643 1475 innocentem
3675 1436 3793 1475 eum
3822 1420 3920 1473 fa-

2329 1512 2465 1565 ciam
2496 1525 2848 1567 sacramento.
2879 1514 2937 1566 Et
2970 1514 3041 1567 illi
3076 1530 3090 1566 :
3119 1513 3206 1579 Si,
3242 1514 3487 1581 inquiunt
3511 1552 3525 1574 ,
3554 1521 3637 1567 est
3669 1515 3915 1577 innoxia,

2331 1620 2491 1674 super
2538 1607 2796 1660 tumulum
2846 1608 2945 1659 hoc
2974 1608 3110 1661 beati
3143 1607 3379 1677 Dionysii
3434 1612 3692 1677 martyris
3727 1623 3919 1658 sacra-

660 1695 998 1761 opperietttcs
1044 1698 1106 1749 ad
1136 1700 1332 1752 circum
1356 1741 1369 1764 ,
1401 1714 1520 1751 cum
1563 1716 1771 1769 cognov
1796 1714 1940 1755 ssent
1969 1721 2085 1771 qua:
2107 1716 2225 1758 acta
2257 1697 2303 1754 Β
2331 1700 2521 1751 mentis
2547 1696 2773 1751 afﬁrma.
2802 1697 3035 1763 Faciam,
3065 1698 3224 1768 inquit
3257 1707 3422 1766 pater.
3457 1696 3610 1751 Tunc
3639 1698 3772 1751 inito
3801 1701 3917 1765 pla-

660 1787 903 1849 fuerant,
954 1792 1153 1857 pudore
1191 1792 1395 1844 confusi
1454 1794 1567 1845 sine
1595 1792 1783 1846 eﬁectu
1816 1800 2039 1863 regressi
2071 1809 2217 1865 sunt,

660 1878 786 1929 nihil
820 1878 1016 1931 homini
1039 1881 1125 1953 qui
1162 1882 1210 1933 in
1247 1882 1353 1934 Deo
1381 1900 1453 1948 sp:
1478 1900 1525 1935 tn
1554 1883 1714 1953 240
1749 1895 1999 1949 posuerat
2039 1890 2228 1940 adver-

658 1971 764 2023 sari
799 1952 1106 2026 \'3leIIII'S.d.
1141 1973 1445 2027 Transactis
1476 1977 1632 2041 igitur
1662 1980 1839 2043 paucis
1870 1979 2056 2031 diebus
2079 2020 2094 2045 ,
2133 1980 2228 2031 ad-

657 2063 874 2117 veniens
904 2064 1256 2130 Justinianus,
1290 2067 1507 2135 pedibus
1537 2082 1595 2120 se
1621 2067 1845 2135 projcvit
1869 2070 2225 2136 imperatoris,

656 2155 952 2221 quindecim
984 2158 1032 2211 ei
1072 2160 1373 2211 centenaria
1405 2159 1518 2210 auri
1571 2157 1818 2211 deferens
1862 2160 1931 2211 ob
1981 2164 2224 2213 meritum

656 2248 861 2312 gratiae.
900 2248 1066 2313 Quem
1121 2251 1207 2300 ille
1256 2250 1549 2303 secundum
1602 2252 1871 2317 patientite
1911 2266 2020 2304 sua:
2069 2253 2224 2305 ritum

656 2340 942 2412 colligens,
985 2340 1034 2395 in
1069 2341 1318 2409 palatium
1345 2341 1504 2409 jussit
1553 2342 1827 2395 aSaISIBI‘C.
1862 2344 2057 2411 Sophia
2102 2360 2228 2395 vero

658 2437 891 2503 Augusta
928 2451 1207 2487 ttttmetnur
1239 2436 1639 2502 promissionis,
1676 2452 1833 2503 quam
1865 2438 2128 2503 quondam
2174 2437 2227 2489 in

667 2524 927 2578 l‘iheriuut
982 2526 1258 2591 habuerat,
1293 2525 1515 2578 insidias
1567 2526 1613 2578 ei
1669 2528 1880 2578 tentavit
1931 2526 2226 2579 intendere.

660 2618 983 2671 Procedente
1011 2625 1188 2669 autem
1216 2634 1280 2671 eo
1312 2618 1375 2669 ad
1412 2618 1619 2681 villam,
1665 2624 1721 2667 ιιι
1746 2616 1896 2684 juxta
1928 2616 2084 2669 ritnrtt
2134 2621 2230 2669 int-

660 2710 912 2777 perialem
964 2710 1175 2779 triginta
1227 2710 1412 2763 diebus
1453 2708 1517 2762 ad
1551 2708 1870 2761 vindeminn
1910 2709 2230 2775 jucmtdare-

659 2806 744 2853 tur
770 2808 793 2837 °
817 2811 1026 2865 ,vocato
1050 2802 1185 2853 clam
1208 2799 1526 2863 Iustiniano,
1553 2800 1747 2868 Supbia
1781 2799 1949 2852 voluit
1976 2816 2093 2853 eum
2123 2801 2229 2853 eri-

658 2908 783 2962 gere
833 2894 883 2947 in
926 2894 1224 2961 imperium.
1254 2895 1369 2958 Quo
1417 2903 1722 2961 comperto,
1766 2893 2012 2945 Tiberius
2067 2909 2227 2947 cursu

659 2983 829 3037 veloci
859 2983 923 3037 ad
947 2982 1586 3048 Coustantinopolitanam
1610 2985 1879 3037 civitatem
1904 2986 2223 3051 regreditur,

660 3074 1152 3143 apprcltensamque
1201 3080 1490 3142 Angustam
1519 3116 1535 3141 ,
1578 3075 1646 3129 ab
1686 3074 1932 3128 omnibus
1961 3076 2228 3131 thesauris

661 3164 934 3233 spoliavit,
987 3165 1155 3216 solum
1181 3164 1227 3216 ei
1281 3165 1449 3216 victus
1479 3164 1775 3232 quotidiani
1807 3165 2115 3216 alimentum
2141 3181 2228 3219 re-

661 3258 922 3323 linquens.
955 3256 1359 3325 Segregatisque
1406 3260 1585 3325 pueris
1613 3257 1728 3325 cjus
1766 3257 1833 3309 ab
1858 3273 1941 3321 ea,
1975 3256 2107 3311 alios
2138 3275 2230 3325 po-

662 3348 765 3401 suit
812 3347 877 3401 de
906 3347 1148 3399 ﬁdelibus
1179 3351 1287 3400 suis
1307 3389 1321 3412 ,
1350 3348 1603 3401 mandans
1633 3363 1846 3415 prorsus
1878 3359 1932 3400 ιιι
1964 3352 2136 3403 nullus
2164 3353 2228 3403 de

662 3437 1014 3490 auterioribus
1042 3439 1106 3490 ad
1138 3454 1252 3490 eam
1287 3439 1499 3493 haberet
1536 3454 1827 3493 accessum.
1870 3440 2225 3495 .lnstinianum

662 3541 785 3579 vero
812 3526 1142 3595 objurgatmn
1177 3538 1322 3579 tanto
1369 3529 1420 3580 iu
1472 3536 1741 3595 posterum
1775 3544 1960 3583 amore
2006 3531 2225 3597 dilexit,

662 3626 719 3671 ut
751 3618 857 3671 lilio
878 3618 991 3683 ejus
1023 3619 1183 3671 Iiliam
1215 3636 1360 3671 suam
1396 3620 1744 3684 promitteret,
1780 3638 2093 3691 rursumque
2119 3626 2227 3679 lilio

661 3728 757 3765 suo
782 3712 938 3765 liliam
963 3713 1077 3779 ejus
1106 3724 1380 3781 expeteret
1414 3732 1426 3767 :
1458 3716 1550 3767 sed
1584 3732 1684 3767 non
1713 3726 1795 3768 est
1828 3734 1910 3769 res
1942 3721 2127 3771 sortita
2152 3720 2228 3773 cf-

662 3804 877 3858 fectum.
913 3806 1187 3859 Exercitus
1216 3806 1329 3875 t-jus
1361 3807 1549 3861 Persas
1598 3809 1879 3863 debellavit
1905 3854 1918 3874 ,
1954 3813 2227 3877 victorque

661 3911 955 3965 regressus,
989 3906 1184 3950 tantam
1218 3902 1408 3952 molem
1444 3900 1632 3966 praeda:
1662 3901 1872 3964 detulit,
1900 3914 1953 3953 ut
1979 3904 2225 3957 credere-

664 3995 749 4039 tur
776 3988 1047 4055 cupiditati
1102 3988 1343 4041 humana:
1399 4004 1553 4057 posse
1598 3991 1864 4045 sufﬁcere.
1898 3991 2086 4059 Viginti
2116 3994 2227 4049 ele-

662 4077 846 4145 phanti
875 4080 1011 4147 capti
1035 4080 1097 4131 ad
1124 4081 1493 4147 imperatorem
1518 4080 1725 4135 deducti
1759 4092 1882 4135 sunt
1910 4081 1953 4137 ί.

732 4168 946 4223 XXXII.
972 4170 1208 4223 Britanni
1232 4186 1295 4223 eo
1325 4186 1464 4223 anno
1485 4172 1635 4225 valde
1664 4173 1839 4226 infesti
1869 4176 2008 4227 circa
2040 4177 2222 4231 urbem

662 4261 807 4313 luere
836 4260 1197 4313 Nautueticant
1225 4269 1248 4307 ε
1271 4271 1429 4328 atque
1456 4261 1815 4315 Rhedonicam
1844 4280 1854 4313 :
1883 4266 1970 4331 qui
2004 4267 2221 4319 immen-

733 4389 753 4412 ’ί
785 4378 937 4431 Nulla
990 4379 1073 4430 hic
1112 4387 1192 4429 est
1222 4378 1450 4443 capitum
1483 4378 1751 4431 distinctio
1784 4380 1832 4429 itt
1858 4379 2039 4443 Colb.,
2089 4381 2173 4433 ubi

661 4448 915 4510 excitavit,
947 4451 1032 4511 qui
1060 4465 1171 4499 cum
1196 4457 1556 4499 reverterentur
1586 4450 1637 4499 in
1668 4447 1869 4509 Galliis,
1898 4459 2001 4500 etc.

732 4517 757 4554 δ
792 4520 979 4581 Iieipsa
1009 4518 1293 4585 Gregorius
1322 4532 1479 4584 supra
1518 4534 1635 4585 cap.
1666 4520 1736 4571 ‘20
1765 4516 1923 4570 refert
1955 4518 2217 4574 Justitiam

660 4587 710 4639 in
736 4588 999 4639 Ctesarem
1033 4600 1361 4653 assumptum
1408 4585 1570 4641 fuisse
1616 4605 1705 4640 an.
1734 4588 1855 4641 .377.
1896 4590 2024 4639 Vide.
2055 4591 2211 4644 Chro-

662 4658 816 4709 nicott
840 4656 1055 4709 Joannis
1083 4661 1147 4709 de
1173 4658 1391 4710 Diclaro.
1417 4657 1726 4725 Gregorium
1758 4660 2037 4725 exscripsit
2066 4663 2216 4715 l’anl.

662 4727 806 4779 Diae.
841 4728 876 4778 I.
911 4743 991 4788 III,
1026 4743 1141 4794 cap.
1182 4728 1263 4777 I2.
1298 4727 1489 4779 Marius
1535 4729 1718 4781 scribit
1746 4745 1833 4781 an.
1867 4728 1969 4784 579
2010 4731 2217 4785 Justino

657 4797 910 4849 defuncto
950 4796 1220 4849 Tiberium
1250 4799 1593 4850 successisse.
1644 4799 1746 4852 Alii
1778 4800 2007 4866 denique
2036 4804 2217 4855 volunt

658 4868 968 4930 Tiberium,
1017 4881 1199 4941 Iliense
1239 4868 1536 4941 Septembri
1584 4868 1886 4941 anno.578,
1921 4874 2214 4941 Angustum

662 4941 1022 4992 renuntiatum
1073 4937 1231 4989 I'uisse
1260 4953 1287 4987 a
1320 4938 1526 4991 Justino
1552 4980 1565 4997 ,
1596 4940 1683 5006 qui
1709 4980 1723 5002 ,
1750 4951 1806 4993 ut
1834 4937 2216 5003 2ἰιιιιι,ἰιιιξιιδά

2330 1789 2437 1840 cito
2463 1788 2525 1840 ad
2556 1787 2826 1841 basilicam
2855 1790 3101 1859 martyris
3131 1789 3301 1843 sancti
3331 1787 3698 1854 conveniunt,
3727 1790 3916 1841 l'll‘V‘l-

2330 1882 2501 1947 tisque
2530 1890 2677 1946 pater
2708 1882 2952 1935 manibus
2994 1896 3153 1948 super
3197 1881 3441 1933 altarium
3472 1923 3485 1944 ,
3513 1881 3713 1948 juravit
3746 1882 3913 1933 litant

2330 1988 2432 2025 non
2463 1988 2581 2027 cs~e
2603 1974 2939 2040 culpabilem.
2966 1971 3276 2027 Econtrario
3307 1989 3426 2026 tero
3454 1973 3761 2041 perjurasse
3782 1987 3916 2026 eum

2328 2064 2416 2116 alii
2445 2080 2470 2115 a
2504 2063 2694 2131 partei
2728 2066 2820 2117 viri
2861 2066 3223 2131 pronuntiant.
3276 2066 3365 2117 llis
3407 2080 3537 2134 ergo
3590 2067 3915 2119 altercanti-

2330 2154 2449 2219 bus,
2483 2157 2778 2225 evaginatis
2801 2158 2986 2225 gladiis
3012 2158 3060 2209 in
3085 2174 3141 2210 se
3172 2159 3396 2210 invicem
3430 2171 3713 2225 proruunt,
3746 2170 3915 2229 atque

2329 2258 2453 2301 ante
2504 2251 2670 2316 ipsum
2705 2251 2951 2301 altarium
2984 2265 3041 2301 se
3072 2250 3353 2301 trucidant.
3387 2247 3554 2302 Erant
3579 2259 3760 2304 autem
3794 2267 3912 2303 ma-

2325 2338 2471 2407 jores
2521 2349 2646 2392 natu
2691 2350 2745 2393 et
2790 2342 2940 2407 primi
2976 2342 3107 2410 apud
3141 2341 3499 2405 Chilpericntu
3530 2356 3735 2409 regem.
3772 2343 3912 2397 Sau-

2330 2433 2538 2483 ciantnr
2584 2433 2728 2485 tttttlti
2786 2433 3003 2501 gladiis,
3065 2432 3388 2500 respergitur
3438 2442 3624 2487 sancta
3670 2434 3909 2487 humano

2329 2535 2520 2574 cruore
2548 2523 2759 2573 basilica
2784 2563 2798 2586 ,
2831 2524 2964 2575 ostia
3011 2524 3196 2591 jaculis
3242 2524 3512 2576 fodiuntur
3553 2536 3603 2577 et
3644 2527 3907 2589 ensibus,

2330 2623 2488 2680 atque
2532 2628 2699 2681 usque
2730 2614 2795 2666 atI
2827 2615 2996 2682 ipsum
3025 2618 3323 2682 sepulcrum
3372 2618 3476 2669 tela
3514 2616 3687 2683 iniqua
3728 2617 3907 2671 dem--

2331 2716 2498 2758 vium.
2522 2706 2673 2770 Quod
2700 2705 2825 2759 dum
2857 2710 2941 2759 vix
2972 2708 3260 2774 mitigatur,
3293 2710 3437 2761 locus
3461 2706 3690 2762 ofﬁcium
3727 2709 3908 2776 perdi-

2330 2795 2477 2859 ditt,
2502 2796 2670 2850 donec
2698 2801 2792 2850 ista
2822 2799 2995 2851 omnia
3019 2798 3083 2851 ad
3109 2802 3248 2868 regis
3276 2800 3516 2851 notitiam
3543 2802 3906 2866 pervenirem.

2334 2888 2395 2942 Hi
2425 2905 2553 2944 vero
2577 2902 2920 2959 properantes
2972 2892 3035 2945 ad
3078 2894 3416 2960 praesentiam
3448 2896 3699 2960 principis
3724 2936 3739 2959 ,
3804 2911 3907 2947 non

2333 2980 2661 3047 recipiuntur
2692 2984 2741 3033 iit
2773 2984 3027 3052 gratiam;
3059 2984 3149 3035 sed
3178 2982 3244 3035 ad
3276 2982 3585 3050 episcopum
3618 2983 3719 3036 loci
3767 2985 3908 3037 illius

2257 3056 2300 3117 C
2333 3069 2528 3123 remitti
2552 3085 2645 3124 eos
2668 3070 2873 3139 jussum
2907 3083 2984 3125 est
3004 3110 3019 3135 ,
3064 3083 3119 3125 ut
3152 3074 3195 3125 si
3224 3074 3290 3127 de
3321 3080 3419 3126 hoc
3451 3072 3686 3129 facinore
3714 3077 3905 3145 Culpa.

2332 3160 2467 3214 biles
2510 3162 2874 3216 invenirentur
2898 3207 2912 3231 ,
2944 3178 3045 3216 non
3077 3167 3458 3218 convenienter
3508 3167 3851 3220 sociarentur
3882 3165 3903 3202 ¹ι

2331 3254 2709 3308 communioni.
2743 3256 2891 3311 Tunc
2936 3258 3002 3310 ab
3044 3258 3297 3326 episcopo
3342 3258 3689 3327 [{agnemodo
3726 3256 3772 3322 ι,
3811 3260 3895 3328 qui

2332 3343 2613 3399 Parisiacze
2634 3346 2888 3401 Ecclesia:
2920 3358 3165 3417 prmerat,
3194 3357 3577 3415 componentes
3616 3350 3709 3418 qui
3772 3348 3793 3421 [
3821 3354 3899 3403 At.

2330 3448 2445 3502 qua:
2474 3434 2489 3504 J
2552 3438 2687 3491 male
2712 3448 3005 3507 gesserant,
3036 3440 3086 3491 in
3111 3440 3542 3494 coninmuionem
3573 3442 3899 3495 ecclesiasti-

2329 3539 2444 3578 cam
2476 3537 2597 3579 suut
2627 3530 2843 3596 recepti.
2874 3530 3058 3583 Mulier
3089 3544 3216 3583 vero
3240 3545 3340 3581 non
3369 3540 3486 3599 post
3509 3530 3691 3582 multis
3713 3530 3900 3584 diebus

2328 3630 2447 3669 cum
2480 3619 2543 3669 ad
2569 3617 2824 3685 judicium
2856 3628 3157 3684 vocaretur,
3188 3620 3379 3686 laqueo
3407 3620 3566 3672 vitam
3602 3621 3798 3673 ﬁnivit.

2401 3707 2636 3762 XXXIV.
2680 3713 2831 3761 Anno
2860 3710 3042 3778 quinto
3070 3710 3395 3765 Childeberti
3444 3713 3585 3780 regis
3616 3712 3894 3766 Arverno-

2328 3816 2443 3855 rum
2477 3802 2741 3870 regionem
2774 3803 2969 3857 diluvia
3018 3820 3205 3874 magna
3250 3817 3576 3872 presserunt,
3611 3806 3685 3859 ita
3720 3818 3777 3861 ut
3816 3824 3899 3876 pt-r

2327 3895 2440 3947 dies
2470 3896 2745 3948 duodecim
2770 3913 2871 3949 non
2901 3906 3138 3951 cessaret
3165 3913 3192 3949 a
3226 3897 3397 3964 pluvia
3422 3913 3436 3950 ς
3462 3906 3715 3963 tantaque
3743 3902 3897 3951 inuu-

2325 3985 2536 4038 datioue
2566 3986 2781 4039 Limane
2804 3998 2839 4023 ω
2870 3998 2952 4041 est
2980 3990 3233 4053 infusum,
3270 3998 3324 4041 ut
3350 3991 3547 4043 multos
3579 4006 3649 4044 ne
3695 4007 3897 4046 semen-

2327 4088 2431 4131 tem
2459 4079 2695 4146 jacereut
2720 4082 3044 4145 prohiberet.
3065 4083 3302 4135 Flumina
3320 4096 3534 4151 quoque
3556 4082 3719 4153 Liger
3741 4085 3897 4155 232

2325 4168 2669 4240 Flavarisque
2692 4213 2705 4235 ,
2738 4186 2893 4238 quem
2941 4172 3182 4225 Elacrem
3214 4181 3238 4207 ο
3272 4173 3543 4235 vocitant,
3577 4174 3666 4227 vel
3712 4178 3896 4241 reliqui

2324 4268 2590 4316 torrentes
2623 4272 2992 4331 percurrentes
3032 4266 3084 4317 in
3111 4278 3254 4329 eum,
3291 4264 3359 4316 ita
3393 4264 3773 4320 intumuerunt
3794 4308 3812 4330 ,
3844 4275 3891 4319 ut

2396 4381 2421 4418 Β
2447 4371 2627 4436 Colb.,
2661 4372 2965 4427 Veneticum.
2984 4373 3169 4427 Nostra
3197 4385 3370 4429 tamen
3396 4375 3554 4429 lcetiu
3569 4378 3771 4431 melior
3790 4393 3899 4433 ceu.

2201 4423 2214 4443 ’
2248 4424 2300 4482 D
2323 4443 2431 4517 seri
2456 4423 2646 4509 astat;
2674 4423 3054 4517 tuttivoliiiiis—s.‘
3065 4423 3168 4497 1;."
3185 4423 3552 4510 έῖιίἷόξζῖἲιᾶἰι
3570 4423 3892 4517 iiiis-trgi}

2323 4515 2602 4581 episcopus
2635 4524 2751 4568 erat
2782 4515 3171 4569 Namnetensis.

2392 4584 2417 4653 If
2450 4584 2601 4638 Deest
2635 4586 2732 4637 hoc
2760 4596 2919 4653 caput
2950 4588 3001 4637 ιιι
3036 4587 3193 4640 Corb.
3226 4597 3279 4639 et
3304 4586 3457 4640 Colb.

2399 4651 2412 4725 ἦ
2466 4654 2672 4722 Regim,
2702 4651 2890 4725 (ψει-ξε.

2395 4722 2427 4796 ι
2463 4725 2697 4780 Ecclesia
2738 4722 3041 4779 'iuterdicta
3091 4728 3160 4778 ob
3218 4728 3492 4796 sanguinis
3546 4729 3887 4786 eITusionem.

2335 4793 2466 4866 Vide
2498 4798 2807 4850 Anduenutn
2844 4798 2927 4849 lib.
2964 4812 2999 4849 ιι
3026 4796 3090 4849 de
3121 4798 3231 4849 Vita
3260 4793 3341 4848 Sf
3358 4798 3508 4863 Eligii
3530 4840 3546 4864 ,
3580 4806 3701 4866 cap.
3729 4804 3829 4857 2n.

2393 4864 2545 4920 [διο
2568 4868 2753 4935 IIegtn.
2780 4884 2793 4931 ;
2818 4877 2870 4918 at
2892 4868 3002 4928 alii,
3034 4884 3132 4918 non
3162 4868 3530 4933 invenirentur,
3554 4864 3892 4929 sociarentur.

2397 4935 2415 4971 ι
2461 4939 2569 5010 AL,
2604 4937 2953 5006 Reginmoda;
2985 4941 3135 5001 Dad.,
3170 4938 3500 5001 liaimundo;
3532 4944 3764 5010 aliquot,
3802 4948 3893 5001 lic-

2316 5008 2587 5075 gnantodo.

2392 5088 2429 5112 ιη
2469 5080 2556 5131 Sic
2580 5082 2686 5146 jam
2718 5094 2873 5147 supra
2906 5079 2998 5133 lib.
3024 5093 3229 5144 nt,cap.
3258 5078 3309 5141 9,
3344 5082 3626 5146 appellavit
3649 5097 3779 5139 eam
3808 5103 3895 5141 ar-

2316 5150 2515 5202 vernite
2542 5160 2763 5221 partem,
2797 5165 2951 5216 quam
2987 5150 3267 5202 Limartium
3300 5153 3459 5201 etiam
3493 5168 3631 5203 nunc
3656 5163 3890 5221 appella-

2319 5233 2469 5284 mus;
2501 5235 2530 5271 a
2563 5222 2688 5273 limo
2715 5220 2782 5269 ob
2814 5223 3204 5290 l‘wcuoditatetn
3238 5222 3311 5271 sic
3343 5223 3537 5273 dictam
3570 5220 3891 5290 pttlttte‘lle-

2318 5304 2485 5344 serra.
2518 5292 2591 5361 De
2619 5306 2684 5361 ea
2731 5289 2978 5343 Sidonius
3028 5292 3115 5342 lib.
3152 5306 3239 5351 nt,
3266 5294 3419 5361 epist.
3455 5307 3502 5351 ι,
3549 5289 3699 5361 cuius
3734 5298 3890 5349 meriti

2317 5360 2407 5422 sit,
2441 5361 2517 5411 rel
2545 5359 2742 5412 Gott/tis
2772 5362 2958 5411 eiedite
2981 5403 2994 5424 ,
3028 5364 3113 5429 qui
3142 5364 3290 5411 etiam
3328 5359 3704 5421 Septimaniam
3755 5383 3886 5419 δκηιη

2318 5430 2607 5494 fastidiunt,
2642 5435 2789 5481 modo
2815 5431 3049 5481 invidiosi
3080 5434 3230 5500 Itujus
3260 5434 3439 5499 anguli
3469 5437 3621 5483 etiam
3661 5436 3885 5489 desolata

2321 5513 2630 5566 praprtetate
2661 5504 2937 5566 potiuntur.

2393 5583 2418 5608 υ
2462 5572 2551 5625 Sic
2578 5586 2706 5624 mss.
2734 5582 2788 5623 et
2817 5570 2975 5633 editi,
3022 5577 3212 5635 pra'ter
3247 5568 3396 5621 Colb.
3428 5572 3517 5634 qui
3566 5571 3735 5627 habet
3786 5578 3879 5629 Ila-

2322 5651 2542 5708 crem,et
2561 5642 2779 5706 Chesn.,
2807 5638 3064 5691 Elaurem.
3086 5638 3251 5694 Codd.
3278 5641 3783 5715 IaudatAItesorra,
3805 5646 3877 5701 ubi

660 5009 901 5075 sequenti
923 5008 1213 5061 exstinctus
1242 5021 1317 5059 es:
1338 5046 1353 5070 ,
1384 5007 1602 5061 anqu
1625 5012 1714 5073 imi
1734 5013 1830 5064 erii
1858 5014 2210 5079 Ieteexpletu.

734 5090 753 5113 ε
781 5080 833 5131 Id
861 5090 943 5132 est
973 5078 1456 5139 acclamationibus,
1489 5094 1606 5148 qua:
1636 5081 1847 5147 regibus
1879 5084 1986 5134 Iieri
2023 5078 2211 5137 solent.

726 5149 749 5185 ⁸³
777 5152 962 5213 Corb.,
986 5149 1315 5202 nihilominus
1337 5154 1419 5217 qui
1440 5151 1489 5201 iu
1518 5151 1677 5202 [leum
1708 5170 1844 5219 spem
1866 5166 2100 5222 posuerat
2123 5155 2217 5206 ad-

654 5223 901 5275 versarios
922 5238 1022 5274 non
1051 5234 1244 5273 metuit.

729 5299 752 5325 ε
783 5291 947 5344 Ιεόιίευ
997 5291 1353 5355 Vindemiales
1399 5292 1633 5345 celebres
1678 5303 1799 5344 sunt
1828 5292 1961 5358 apud
2010 5306 2214 5348 veteres

657 5360 970 5426 scriptores,
1021 5377 1201 5415 sacrn~
1245 5372 1297 5411 et
1340 5362 1605 5427 profanos.
1649 5364 1729 5413 Ali
1759 5364 1919 5429 impp.
1954 5364 2211 5417 observa-

658 5430 929 5502 tas-fuisse
952 5432 1162 5502 tradunt
1189 5431 1511 5496 Capitolinus
1541 5434 1589 5484 in
1623 5435 1909 5493 Antonino.
1943 5436 2207 5502 Lamprid.

657 5497 707 5549 io
738 5498 1104 5566 Ileliogalialo,
1130 5511 1230 5553 etc.
2075 5497 2085 5502 ’
2164 5514 2172 5535 ’

731 5565 748 5602 τ
789 5565 911 5621 ιιωέ
946 5573 1152 5622 vivente
1194 5571 1363 5622 adhuc
1390 5570 1597 5625 Justino
1644 5572 1928 5635 contigisse
1976 5576 2218 5625 scribunt

655 5636 890 5692 Joannes
936 5639 1125 5691 Dtclar.
1168 5639 1219 5691 in
1249 5638 1545 5708 Chronico,
1580 5652 1630 5696 et
1662 5642 1850 5710 Evagr.
1876 5642 1987 5719 _|ib.
2020 5659 2047 5696 ν
2081 5644 2211 5697 llist.
