3994 6194
217 259 298 313 πω
1161 249 1470 305 HISTORH
1517 247 1956 304 FRANCORUM.
1989 248 2193 307 LIBER
2230 249 2548 316 QUINTUS.

3345 260 3450 312 550

222 386 477 434 terminos,
508 383 653 438 quos
701 380 966 436 nunquam
1012 373 1385 427 excesserant,
1419 372 1778 432 praeterirent.
1809 371 1855 421 Α
1886 360 2219 417 Perdidimus
2248 364 2432 419 dulces
2454 369 2505 417 ιρι
2544 364 2735 418 charos
2766 363 2920 419 nobis
2960 365 3246 422 infantulos
3269 410 3284 430 ,
3317 387 3450 441 quos

225 474 335 532 Qua:
362 465 564 530 grande
596 462 668 515 de
711 458 989 528 pecoribus
1018 457 1304 522 excidium,
1334 457 1401 510 de
1437 456 1661 509 culturis
1688 454 1783 508 de-

227 559 506 611 trimentum
535 595 550 617 ,
606 552 674 606 de
721 549 961 603 adificiis
1012 549 1186 602 fecere
1234 546 1586 616 naufragium.
1661 545 1780 598 Pari

227 647 362 702 modo
391 644 685 698 Rhodanus
712 656 833 696 cum
870 638 1020 693 Arari
1064 636 1383 707 conjitnctus
1404 678 1419 701 ,
1453 638 1595 706 ripas
1623 650 1781 690 exce-

225 740 355 800 dens,
384 752 547 805 grave
577 737 829 787 damnum
862 732 1067 800 populis
1100 731 1305 795 intulit,
1328 744 1532 785 .muros
1564 727 1780 795 Lugdu-

226 832 383 884 nensis
409 827 643 883 civitatis
691 826 866 894 aliqua
899 840 961 877 cx
997 831 1148 891 parte
1178 821 1458 874 subvertit.
1492 819 1781 886 Quiescen-

224 922 347 972 tibus
378 934 507 971 vero
550 917 778 985 pluviis,
814 915 1034 967 arbores
1081 913 1258 966 dcnuo
1305 910 1783 965 ﬂoruerunt:erat

222 1013 344 1063 cnim
376 1010 578 1063 mensis
598 1007 916 1076 September
939 1017 988 1059 ι.
1015 1005 1069 1058 In
1099 1005 1367 1058 Turonico
1396 1018 1525 1057 vero
1551 1017 1616 1056 eo
1638 1017 1780 1056 anno

225 1117 365 1154 mane
393 1102 703 1169 priusquam
733 1098 848 1151 dies
878 1096 1233 1161 illuccsceret,
1267 1093 1438 1161 fulgor
1470 1108 1563 1161 per
1586 1092 1779 1146 caelum

220 1192 507 1245 cucurrisse
528 1192 678 1243 visus
706 1198 809 1253 est,
835 1196 888 1242 et
909 1187 973 1240 ad
997 1187 1234 1240 Orientis
1259 1176 1464 1252 plagam
1494 1184 1776 1238 decidisse.

220 1285 313 1338 Sed
341 1296 388 1337 et
414 1282 646 1346 sonitus,
674 1292 922 1347 tanquam
950 1278 1211 1333 diruentis
1231 1278 1458 1339 arboris,
1495 1292 1587 1343 per
1616 1284 1778 1329 totam

220 1384 400 1427 terram
430 1372 577 1426 illam
622 1370 834 1421 auditus
862 1377 943 1421 est
972 1384 985 1419 :
1012 1366 1151 1435 quod
1184 1366 1303 1419 ideo
1334 1380 1440 1419 non
1476 1374 1559 1419 est
1598 1364 1665 1417 de
1693 1379 1778 1416 ar-

226 1468 340 1519 bore
367 1463 740 1518 aestimandum
775 1504 789 1526 ,
810 1461 928 1530 quia
952 1461 1005 1514 in
1028 1460 1409 1530 quinquaginta
1438 1465 1529 1511 aut
1552 1454 1780 1524 amplius

218 1558 452 1609 milliaria
481 1563 565 1608 est
592 1554 856 1607 auditum.
889 1551 1008 1620 Ipsi)
1031 1567 1172 1605 anno
1201 1551 1438 1621 graviter
1484 1551 1610 1602 urbs
1643 1548 1777 1601 Bur-

217 1647 505 1717 degalcnsis
531 1662 560 1700 a
594 1654 906 1700 terrmmotu
936 1658 1196 1699 concussa
1227 1652 1330 1707 est,
1364 1642 1669 1709 mmniaque
1696 1639 1778 1692 ci-

1882 464 1975 507 aut
1998 455 2217 524 gremiis
2238 454 2485 520 fovimus,
2517 466 2609 509 aut
2634 460 2771 511 ulnis
2803 460 3177 530 bajnlavimus,
3206 472 3297 517 aut
3324 479 3452 533 pro-

1883 560 1997 615 pria
2041 562 2198 602 manu
2239 552 2551 604 ministratis
2584 551 2717 605 cibis
2759 554 2898 620 ipsos
2947 554 3124 609 studio
3168 558 3447 619 sagariore

1884 639 2231 708 nutrivimus;
2261 641 2355 694 sed
2380 641 2638 696 abSIersis
2670 644 2917 712 Iacrymis
2944 660 3064 699 cum
3114 648 3269 702 beato
3296 650 3397 706 an
3426 695 3438 717 ,

1883 728 2113 782 diximus
2144 747 2155 780 :
2186 729 2431 783 Dominus
2453 733 2610 793 dedit,
2651 731 2898 785 Dominus
2928 736 3132 788 abstulit
3159 752 3177 789 :
3197 740 3451 804 quomodo

1885 819 2107 873 Domino
2139 823 2349 887 placuit,
2385 825 2455 875 ita
2486 823 2678 893 factum
2706 835 2799 877 est.
2831 824 2909 878 Sit
2943 842 3125 880 nomen
3157 832 3267 899 ejus
3296 833 3450 883 bene-

1883 914 2077 965 dictum
2122 914 2175 965 in
2215 914 2407 968 swcula
2437 914 2577 980 (Job.
2626 932 2662 978 ι,
2689 915 2800 983 2i).
2840 917 2998 983 Igitur
3047 920 3097 971 in
3141 920 3219 973 his
3264 920 3452 976 diebus

1882 1001 2217 1069 Chilpericus
2271 1020 2362 1058 rex
2411 1009 2645 1073 graviter
2691 1010 2969 1075 aegrotavit
3011 1026 3153 1079 :quo
3197 1014 3450 1067 convale-

1881 1105 2088 1158 scente,
2122 1094 2260 1148 filius
2285 1096 2402 1163 ejus
2427 1096 2627 1164 junior,
2664 1100 2888 1152 necdum
2916 1116 2979 1153 ex
3010 1116 3141 1169 aqua
3168 1114 3223 1157 et
3251 1104 3452 1171 Spiritu

1881 1194 2067 1237 Sancto
2106 1197 2354 1250 renatus,
2388 1202 2651 1254 tegrotare
2675 1201 2850 1254 cmptt.
2886 1190 3053 1255 Quem
3098 1196 3149 1246 in
3197 1198 3451 1249 extremis

1882 1277 2148 1343 videntes,
2187 1278 2449 1345 baptismo
2474 1279 2776 1333 abluerunt.
2808 1282 2922 1347 Quo
2950 1299 3230 1352 parumper
3262 1302 3345 1339 me
3370 1287 3451 1340 ius

1882 1380 2094 1436 agente,
2128 1368 2294 1423 frater
2319 1369 2433 1438 ejus
2464 1371 2665 1435 senior,
2699 1372 2913 1425 nomine
2936 1373 3349 1439 Chlodobertus,
3381 1378 3449 1429 ab

1885 1457 1985 1512 hoc
2007 1459 2195 1512 morbo
2217 1458 2526 1527 corripitur,
2552 1460 2830 1528 ipsumque
2858 1464 2908 1514 in
2932 1463 3239 1517 discrimine
3263 1465 3449 1517 mortis

1884 1546 2251 1617 Fredegundis
2299 1558 2469 1601 mater
2496 1563 2755 1615 ternens,
2789 1566 2910 1603 sero
2940 1554 3237 1620 paenitens,
3272 1555 3347 1607 ait
3385 1555 3451 1608 ad

1882 1652 2060 1703 regem
2090 1654 2101 1687 :
2135 1637 2232 1690 Diu
2279 1651 2374 1691 nos
2403 1645 2539 1690 ma'e
2569 1650 2782 1705 agentes
2812 1639 2980 1707 pietas
3018 1642 3197 1696 divina
3242 1656 3452 1697 susten-

215 1737 391 1789 vitatis
427 1737 476 1789 in
514 1736 830 1790 discrimine
878 1734 1172 1789 eversionis
1218 1734 1567 1793 exstiterunt;
1613 1742 1775 1799 atque
1806 1735 1849 1792 lt
1881 1734 1983 1791 tat;
2018 1742 2139 1779 nam
2167 1742 2310 1795 saepe
2350 1742 2448 1781 nos
2494 1727 2730 1782 febribus
2755 1738 2807 1782 et
2833 1730 2952 1784 aliis
2985 1733 3137 1786 malis
3164 1735 3445 1803 corripuit,

215 1829 285 1879 ita
310 1828 479 1879 omnis
511 1827 741 1895 populus
772 1835 913 1881 metu
946 1826 1135 1881 mortis
1164 1827 1455 1880 exterritus
1483 1834 1563 1878 est
1589 1867 1604 1890 ,
1639 1835 1694 1876 ιιι
1734 1825 1778 1877 si

214 1936 312 1974 non
344 1920 571 1990 fugeret,
597 1928 809 1989 putaret
836 1936 895 1974 se
915 1936 1034 1974 cum
1066 1924 1197 1974 urbe
1225 1919 1523 1972 delliSCt're.
1558 1918 1704 1973 Unde
1728 1929 1781 1970 et

213 2015 358 2067 multi
390 2013 453 2067 ad
486 2012 738 2067 civitates
770 2013 902 2067 alias
933 2014 1277 2067 transierunt.
1307 2010 1405 2076 Qui
1441 2022 1639 2064 tremor
1669 2010 1775 2082 [ΑΙ.

211 2103 386 2176 timor]
427 2105 495 2158 ad
538 2106 740 2159 vicinas
781 2104 1024 2158 civitates
1071 2114 1349 2172 porrectus
1377 2111 1487 2167 est,
1521 2110 1574 2155 et
1616 2115 1780 2169 usque

211 2197 511 2266 Hispaniam
554 2197 771 2266 attigit,
807 2194 903 2250 sed
952 2210 1052 2248 non
1095 2203 1201 2248 tam
1234 2195 1423 2247 valide.
1467 2193 1668 2247 Tamen
1712 2191 1781 2246 de

211 2288 477 2359 Pyrenaeis
521 2288 798 2342 montibus
826 2287 1071 2341 immensi
1104 2286 1307 2355 lapides
1334 2296 1457 2338 sunt
1482 2284 1734 2338 commoti
1759 2324 1775 2347 ,

212 2382 293 2450 qui
320 2396 510 2451 pecora
542 2381 893 2450 hominesque
922 2389 1343 2449 prostraverunt.
1375 2376 1505 2432 Nam
1547 2388 1600 2431 et
1636 2376 1783 2428 vicos

212 2474 624 2546 Burdegalenses
666 2474 971 2529 incendium
1014 2475 1266 2528 divinitus
1307 2484 1483 2529 ortum
1533 2473 1777 2538 exussit,

209 2566 278 2620 ita
306 2576 363 2620 ut
404 2568 582 2621 subito
631 2568 1003 2636 comprehensi
1052 2567 1193 2636 igne,
1230 2576 1335 2620 tam
1389 2566 1579 2618 domus
1625 2580 1780 2633 quam

208 2673 337 2713 area
362 2675 482 2713 cum
513 2660 741 2713 annonis
772 2659 1014 2712 incendio
1036 2666 1433 2723 cremarentur;
1456 2658 1657 2711 nullum
1689 2672 1782 2726 pc-

210 2751 345 2805 uitus
368 2750 776 2804 incitamentum
805 2750 1007 2804 habens
1040 2752 1176 2820 ignis
1204 2751 1397 2814 alieni,
1431 2750 1530 2804 nisi
1563 2750 1783 2804 forsitan

208 2842 446 2909 jussione
474 2840 680 2894 divina.
720 2841 850 2894 Nam
879 2850 933 2894 et
975 2842 1373 2895 Aurelianensis
1404 2841 1591 2894 civitas
1637 2840 1783 2909 gravi

214 2935 460 2988 incendio
489 2932 863 3003 conﬂagravit,
894 2934 942 2987 in
989 2942 1191 2987 tantum
1228 2943 1285 2987 ut
1328 2935 1611 2987 ditioribus
1654 2934 1784 2987 nihil

208 3028 414 3093 penitus
446 3034 872 3080 rcmaneret:et
912 3027 955 3079 si
1002 3026 1192 3095 aliquis
1237 3027 1305 3079 ab
1336 3027 1456 3093 igne
1500 3026 1783 3096 quidquam

1882 1828 1933 1869 et
1993 1817 2303 1870 emendatio
2350 1833 2455 1871 non
2503 1821 2778 1872 successit.
2849 1823 2981 1875 Ecce
3018 1824 3127 1890 jam
3177 1825 3447 1890 perdimus

1883 1909 2053 1973 filios;
2097 1924 2222 1964 ecce
2257 1912 2367 1978 jam
2416 1926 2509 1965 eos
2559 1912 2807 1980 lacrynne
2846 1929 3173 1982 pauperum,
3225 1923 3452 1971 lamenta

1884 2000 2200 2063 viduarum,
2249 2001 2475 2070 suspiria
2537 2004 2892 2069 nrphanorum
2954 2004 3300 2071 interimunt;
3357 2026 3454 2065 nec

1883 2108 2006 2161 spes
2037 2106 2277 2148 remanet
2306 2096 2391 2148 cui
2430 2094 2627 2164 aliquid
2666 2111 3073 2165 congregemus.
3105 2099 3454 2155 Thesaurizs-

1884 2202 2022 2251 mus,
2055 2187 2353 2241 nescientes
2382 2188 2466 2241 cui
2498 2202 2881 2257 congregemus
2917 2204 2999 2243 ea.
3032 2191 3168 2245 Ecce
3210 2192 3447 2247 thesauri

1885 2293 2163 2335 remanent
2190 2297 2219 2335 a
2253 2296 2558 2350 possessore
2589 2284 2769 2345 vacui,
2804 2285 3004 2353 rapinis
3030 2300 3091 2339 ac
3117 2287 3452 2342 maledictio-

1893 2374 2048 2427 nibns
2085 2376 2243 2443 pleni.
2279 2375 2523 2441 Nunquid
2577 2392 2680 2429 lion
2708 2377 3045 2431 exundabant
3084 2378 3245 2450 2“
3270 2396 3452 2450 prom-

1889 2466 2095 2533 ptuaria
2131 2466 2291 2519 vino?
2321 2467 2556 2535 nunquid
2592 2483 2697 2521 non
2730 2468 2917 2522 horrea
2961 2472 3299 2537 replebantur
3340 2476 3449 2526 lru-

1887 2558 2110 2610 mento?
2162 2559 2397 2625 nunquid
2450 2574 2553 2612 non
2594 2569 2747 2612 erant
2798 2560 3029 2614 thesauri
3075 2561 3255 2617 referti
3301 2580 3456 2629 auro,

1886 2658 2131 2717 argento,
2166 2650 2431 2719 lapidibus
2472 2652 2739 2717 pretiosis,
2770 2652 3079 2714 monilibus,
3110 2655 3193 2708 vel
3244 2657 3457 2723 reliquis

1889 2745 2249 2812 imperialibus
2274 2745 2639 2799 ornamentis?
2669 2745 2807 2799 Ecce
2834 2747 2973 2814 quod
3002 2748 3270 2814 pulchrius
3300 2750 3457 2803 habe-

1888 2841 2098 2904 bamus,
2132 2841 2424 2909 perdimus.
2459 2840 2624 2900 Nunc,
2653 2842 2697 2892 si
2725 2840 2913 2908 placet,
2944 2842 3061 2896 veni
3093 2841 3198 2913 [AL
3234 2843 3457 2914 venite],

1887 2942 1941 2985 et
1984 2931 2331 2986 incendamus
2366 2945 2555 2985 omnes
2594 2931 2977 3000 descriptiones
3022 2932 3270 3002 iniquas;
3307 2935 3457 2988 sulti-

1889 3029 2103 3096 ciatqne
2150 3026 2279 3080 fisco
2328 3035 2515 3080 nostro
2546 3066 2561 3088 ,
2616 3025 2755 3093 quod
2803 3025 3011 3080 suffecit
3058 3028 3190 3094 patri
3238 3027 3458 3098 regique

205 3121 415 3185 eripuit,
448 3122 517 3173 ab
549 3100 919 3172 insistentibus
951 3118 1155 3172 furibus
1184 3129 1264 3171 εει
1308 3120 1592 3186 direptum.
1630 3117 1783 3185 Apud
1810 3101 1858 3162 (ἶ
1888 3118 2317 3174 Chlotbachario.
2348 3117 2473 3172 Haec
2519 3116 2673 3171 elfata
2716 3121 2919 3185 regina,
2953 3118 3136 3187 pugnis
3166 3118 3454 3174 verberans

209 3212 491 3265 terminum
521 3211 883 3264 Carnotcnum
914 3226 1070 3265 verus
1096 3210 1122 3249 δ
1154 3211 1223 3265 de
1247 3212 1466 3266 effracto
1495 3227 1629 3281 pane
1656 3227 1783 3267 san-

208 3304 317 3367 guis
343 3305 573 3359 efﬂuxit.
600 3305 848 3359 Graviter
879 3317 1002 3358 tum:
1026 3316 1080 3359 et
1111 3305 1341 3359 Biturica
1369 3306 1554 3360 civitas
1577 3324 1602 3358 a
1628 3322 1785 3377 gran-

209 3399 329 3453 dine
365 3401 646 3453 verberata
680 3409 783 3453 est.

278 3491 496 3546 XXXV.
538 3491 645 3547 Sed
697 3493 809 3545 Ita-c
859 3491 1092 3561 prodigia
1124 3493 1435 3560 gravissima
1481 3491 1637 3563 243
1672 3492 1784 3545 lues

206 3591 286 3633 est
313 3585 619 3637 subsecuta.
649 3582 775 3636 Nam
806 3584 1228 3639 discordantibus
1252 3585 1482 3654 regibus,
1508 3596 1560 3637 et
1590 3588 1781 3638 iterum

207 3675 401 3729 bellum
433 3677 591 3731 civile
622 3677 926 3745 parantibus
948 3718 964 3742 ,
1008 3680 1371 3749 dysentericus
1403 3678 1620 3733 inorbus
1647 3694 1785 3747 pene

208 3768 407 3823 Gallias
437 3778 575 3822 totas
608 3771 1016 3838 prmoccupavit.
1052 3770 1180 3823 Erat
1210 3770 1350 3823 enim
1384 3771 1464 3823 bis
1493 3771 1580 3839 qui
1614 3770 1783 3838 patie-

216 3859 409 3914 bantur
464 3861 635 3914 valida
665 3876 783 3914 cum
816 3862 1012 3915 vomitu
1047 3862 1228 3926 febris,
1260 3877 1556 3931 rennmque
1588 3864 1784 3917 nitnius

215 3950 386 4013 dolor,
416 3961 576 4019 caput
605 3966 765 4022 grave
796 3954 872 4005 vel
902 3952 1100 4006 cervix.
1129 3952 1200 4005 Ea
1233 3967 1358 4005 vero
1389 3968 1504 4019 quae
1536 3969 1601 4006 cx
1632 3969 1724 4008 ore
1756 3965 1778 3993 ε

221 4044 639 4113 projiciebantur
668 4085 681 4107 ,
731 4045 908 4098 colore
974 4058 1165 4098 croceo
1195 4084 1211 4108 ,
1266 4054 1356 4097 aut
1404 4056 1549 4098 certe
1598 4044 1783 4099 viridia

220 4146 407 4198 erant;
436 4150 465 4186 a
499 4134 680 4188 multis
720 4144 897 4188 autem
930 4136 1268 4188 asserebatur
1298 4151 1557 4190 venenum
1606 4138 1787 4191 occul-

219 4235 325 4277 tum
374 4241 512 4281 esse.
565 4226 889 4281 Basticiores
939 4242 1061 4282 vero
1101 4228 1309 4282 corales
1363 4229 1460 4284 hoc
1511 4227 1781 4298 pusulan

214 4318 557 4372 nominabant
582 4335 593 4347 ·
620 4319 758 4386 quod
793 4335 894 4373 non
919 4331 1000 4375 est
1021 4320 1348 4383 incredibile,
1380 4321 1500 4390 quia
1524 4314 1699 4374 missie
1730 4322 1780 4375 in

214 4412 442 4478 scapulis
473 4415 588 4464 sive
613 4412 857 4468 cruribus
885 4395 1140 4477 ventosa,
1170 4414 1576 4481 procedentibus
1604 4430 1784 4466 erum-

1888 3222 2094 3281 pectus,
2119 3209 2283 3280 jussit
2312 3210 2474 3263 libros
2504 3207 2783 3271 exhiberi,
2811 3210 2898 3278 qui
2924 3210 2991 3264 de
3020 3212 3316 3265 civitatibus
3347 3213 3460 3267 suis

1889 3320 1985 3374 per
2014 3304 2248 3357 Marcum
2293 3313 2593 3367 venerant;
2634 3303 2986 3372 projectisque
3026 3303 3077 3358 in
3121 3306 3325 3373 ignem,
3356 3307 3457 3361 ite-

1889 3414 2005 3452 rum
2038 3398 2102 3452 ad
2134 3411 2310 3465 regem
2341 3410 2600 3451 conversa
2630 3414 2641 3449 :
2666 3395 2802 3463 Quid
2840 3405 2926 3461 tu,
2957 3397 3157 3465 inquit,
3190 3399 3457 3453 moraris?

1890 3488 1995 3543 Fac
2023 3486 2163 3557 quod
2212 3488 2359 3540 vides
2396 3502 2424 3538 a
2474 3501 2560 3540 me
2593 3488 2704 3540 lieri
2730 3525 2746 3550 ,
2796 3495 2853 3540 ut
2896 3495 2951 3540 et
2993 3487 3035 3539 si
3077 3486 3264 3542 dulces
3305 3500 3457 3544 natos

1890 3578 2191 3648 perdimus,
2228 3577 2306 3631 vel
2354 3591 2562 3645 pinnam
2613 3586 2918 3644 perpetuam
2966 3579 3271 3632 evadamus.
3304 3580 3455 3635 Tunc

1889 3685 1983 3722 rex
2010 3678 2363 3737 compunctus
2389 3668 2550 3721 corde
2590 3669 2801 3721 tradidit
2841 3684 3028 3723 omnes
3061 3668 3224 3725 libros
3257 3670 3455 3725 descri-

1890 3759 2126 3827 ptionutn
2161 3759 2263 3827 igni
2286 3798 2301 3822 ,
2329 3759 2773 3828 conllagratisque
2795 3761 2928 3818 illis.
2963 3761 3105 3815 misit
3132 3764 3220 3829 qui
3247 3762 3448 3816 futuras

1889 3849 2232 3919 prohiberent
2258 3850 2662 3917 descriptiones.
2688 3851 2929 3903 Posthzcc
2954 3850 3244 3905 infantulus
3260 3852 3445 3922 junior

1887 3941 2011 3994 dum
2042 3940 2206 3992 nimio
2237 3940 2414 3992 labore
2446 3942 2690 4004 tabescit,
2721 3940 3110 4009 exstinguitur;
3144 3956 3300 4010 quem
3323 3959 3445 3996 cnni

1888 4032 2389 4109 maxiniopnaarore
2426 4032 2750 4086 deducentes
2783 4048 2813 4084 a
2842 4033 2966 4086 villa
3004 4032 3279 4087 Brennaco
3308 4034 3455 4088 Pari-

1887 4126 2018 4191 sios,
2050 4126 2114 4178 ad
2164 4125 2435 4178 basilicam
2482 4124 2650 4178 sancti
2693 4124 2927 4195 Dionysii
2969 4127 3199 4194 sepelire
3229 4130 3449 4181 manda-

1887 4230 2073 4271 verunt
2098 4226 2143 4270 ε.
2178 4215 2593 4270 Chlodobertum
2644 4231 2770 4269 vero
2810 4225 3197 4285 componentes
3229 4218 3279 4270 in
3313 4218 3453 4273 fere-

1887 4318 1988 4375 tro,
2021 4310 2336 4365 Suessionas
2375 4308 2439 4360 ad
2483 4306 2754 4361 basilicam
2804 4310 2971 4362 sancti
3004 4307 3237 4362 Medardi
3280 4308 3445 4364 duxe-

1887 4412 2030 4465 runt,
2066 4401 2505 4471 projicientesque
2533 4416 2653 4454 eum
2704 4399 2769 4452 ad
2816 4409 3055 4453 sanctum
3102 4400 3444 4468 sepulcrum,

217 4500 561 4570 pentibusqne
590 4502 808 4564 vesicis,
839 4503 1062 4557 decursa
1093 4504 1241 4558 sanie
1284 4503 1434 4557 multi
1476 4504 1779 4559 liberaban-

1889 4504 2145 4548 voverunt
2176 4504 2292 4547 vota
2327 4508 2420 4560 pro
2444 4506 2547 4557 eo;
2578 4491 2670 4545 sed
2700 4492 2870 4545 media
2900 4499 3074 4554 nocte,
3100 4491 3325 4546 anhelus
3340 4491 3450 4561 jam

220 4599 334 4655 tur;
380 4593 475 4646 sed
518 4603 575 4647 et
619 4594 826 4660 herbas,
880 4610 996 4664 qua:
1035 4596 1255 4649 venenis
1301 4595 1600 4660 medentur,
1632 4595 1779 4663 potui

217 4697 453 4754 sumptae,
489 4686 755 4756 plerisque
787 4688 1027 4755 prwsidia
1058 4690 1420 4742 contulerunt.
1454 4690 1518 4743 Et
1560 4690 1777 4757 quidem

222 4778 440 4840 primum
490 4782 605 4832 haac
641 4778 921 4832 inﬁrmitas
965 4796 992 4832 a
1042 4793 1227 4833 mense
1258 4781 1499 4849 Augusto
1530 4780 1731 4834 initiata
1759 4819 1776 4845 ,

224 4868 459 4931 parvulos
510 4867 879 4920 adolescentes
926 4867 1194 4935 arripuit,
1246 4867 1499 4935 lethoque
1546 4868 1775 4938 subegit.

226 4998 532 5069 Elaverque,
580 5018 725 5071 quem
762 5000 1058 5055 Helacrem.
1111 5000 1157 5056 ls
1185 5007 1269 5055 est
1312 4998 1509 5053 Elaver
1545 4998 1734 5071 ﬂuvius
1756 5040 1771 5063 ,

228 5077 369 5145 vulgo
396 5070 726 5145 l‘AIlier,qui
756 5082 907 5124 ortus
936 5071 1298 5145 in_Cebennis_,
1332 5071 1650 5145 et_lns_tr_a_tis
1676 5070 1777 5123 Ar-

227 5139 407 5204 vernis.
443 5144 577 5197 infra
605 5143 893 5196 Nivernutn
931 5140 1115 5195 urbem
1150 5144 1199 5193 in
1230 5140 1457 5208 Ligerim
1489 5139 1701 5193 labitur.

295 5222 320 5251 ι
358 5215 538 5269 Mense
566 5214 779 5268 Octobri
814 5214 927 5265 haec
954 5210 1242 5280 contigisse
1266 5210 1453 5264 scribit
1480 5210 1680 5264 Marius
1707 5209 1773 5263 ad

224 5298 298 5337 an.
327 5282 446 5338 580.

285 5354 309 5392 δ
346 5352 531 5419 Corb.,
560 5355 697 5407 urbis
724 5355 809 5406 de.

286 5437 307 5461 τ
347 5428 399 5480 ln
431 5424 593 5481 Corb.
624 5426 777 5479 deest
804 5437 865 5475 ea:
892 5437 1001 5476 ore.

283 5496 313 5533 ⁴
347 5497 517 5563 Colb.,
546 5496 774 5552 Ceriales
802 5492 897 5544 hoc
922 5492 1190 5563 pustulas.
1219 5491 1372 5554 Bad.,
1403 5489 1607 5543 Carales
1630 5530 1643 5553 ,
1677 5492 1774 5543 hoc

223 5579 305 5631 est,
330 5562 573 5636 pustulas.
607 5566 793 5624 Erant,
826 5564 877 5615 ni
912 5562 1081 5636 fallor,
1108 5565 1329 5636 pustulas
1352 5563 1402 5615 in
1424 5564 1586 5615 corde
1616 5570 1770 5623 ortae,

224 5650 272 5692 et
296 5632 405 5694 ideo
433 5639 637 5694 corales
665 5637 826 5689 dieue
849 5650 862 5696 ;
896 5634 977 5686 vel
1006 5632 1145 5703 quod
1162 5634 1327 5702 ‘sputa
1355 5641 1539 5687 essent
1579 5645 1772 5700 purpu-

224 5712 292 5767 rei
312 5706 747 5783 coloris,_coralio
775 5704 985 5759 similis.

1887 4598 1939 4641 et
1971 4588 2165 4651 tenuis,
2195 4585 2437 4654 Spiritum
2469 4584 2737 4637 exhalavit
2762 4601 2774 4635 :
2801 4597 2954 4652 quem
2987 4581 3039 4635 in
3073 4582 3289 4637 basilica
3326 4599 3452 4637 san-

1882 4694 2090 4738 ctorum
2118 4681 2345 4748 CriSpini
2374 4693 2534 4748 atque
2565 4678 2880 4747 Crispiniani
2918 4675 2937 4716 ί
2972 4687 3261 4747 martyrum
3291 4692 3445 4744 sepe-

1883 4782 2100 4834 lierunt.
2134 4779 2351 4845 Magnus
2377 4792 2586 4847 quoque
2630 4777 2717 4831 hic
2742 4786 2767 4824 8
2804 4777 3042 4845 planctus
3068 4778 3212 4831 omni
3253 4778 3449 4847 popqu

1885 4874 2012 4938 fuit;
2041 4886 2161 4925 nam
2194 4871 2291 4923 viri
2323 4872 2580 4941 lugentes,
2612 4870 2970 4939 mulieresque
3014 4869 3323 4937 lugubribus
3354 4882 3447 4920 ve-

1954 5015 1977 5043 °
2020 5005 2113 5059 Hic
2142 5020 2169 5057 a
2203 5004 2489 5057 Fortunato
2536 5004 2831 5071 appellatur
2878 5003 3224 5070 Dagobertus,
3262 4998 3439 5070 cujus,

1878 5085 1931 5132 et
1957 5073 2300 5130 Chlodoberti
2331 5074 2505 5128 fratris
2524 5074 2789 5141 epitaphia
2811 5072 3021 5140 scripsit
3048 5072 3138 5124 lib.
3164 5085 3244 5133 Ix,
3266 5085 3437 5127 carm.

1878 5147 1913 5199 4
1938 5157 1991 5201 et
2019 5144 2069 5199 5.
2105 5145 2296 5199 Obiere
2340 5154 2456 5211 post
2494 5145 2753 5213 synodum
2804 5143 3259 5207 Brennacensem,
3290 5147 3350 5194 ut
3378 5156 3440 5196 ex

1878 5232 1996 5283 cap.
2031 5216 2215 5269 ultimo
2243 5214 2399 5284 hujus
2431 5213 2549 5267 libri
2582 5225 2746 5280 patet.

1955 5285 1973 5323 ί
2016 5287 2109 5339 Est
2134 5300 2271 5338 nunc
2301 5278 2677 5337 monasterium
2710 5281 2911 5335 ordinis
2948 5280 3005 5335 S.
3042 5278 3310 5333 Benedicti
3340 5283 3440 5334 sub

1880 5356 1939 5412 S.
1974 5356 2139 5411 Mauri
2178 5354 2602 5423 congregatione,
2632 5367 2752 5405 cum
2783 5350 3005 5423 Basilica
3038 5350 3252 5421 insigni,
3284 5350 3441 5423 cujus

1878 5426 2053 5480 navim
2084 5422 2607 5478 Calvinistaisatculo
2634 5422 2893 5485 superiori
2938 5430 3266 5475 everterunt.
3300 5422 3443 5476 Non-

1877 5497 2007 5551 nulli
2028 5496 2329 5549 existimant
2347 5491 2552 5546 ibiolim
2569 5492 2834 5548 exstitisse
2855 5493 3034 5547 sedem
3054 5492 3412 5560 episcOpalem
3426 5532 3441 5546 .

1949 5575 1975 5613 κ
1998 5564 2099 5690 hSic
2121 5566 2275 5622 Colb.
2302 5572 2356 5621 et
2386 5562 2617 5629 Cbesn.;
2645 5563 2884 5634 plerique
2904 5562 3076 5632 editi,
3099 5561 3319 5633 Magnus
3350 5579 3444 5617 tis-

1949 5652 1969 5690 ε
2034 5651 2111 5690 uc.

1876 5652 1969 5705 que
1998 5651 2111 5690 nuc.
