3994 6194
642 238 737 292 551

1654 233 1709 288 S.
1751 230 2073 287 GREGORII
2114 226 2417 283 EPISCOPI
2457 222 2879 278 TURONENSIS

3769 227 3883 279 352

639 355 904 408 stimeutis
947 352 1172 415 indutae,
1220 361 1275 403 ut
1324 349 1461 402 solet
1510 348 1576 401 in‘
1608 348 1889 417 conjugum
1936 343 2203 412 exsequiis
2229 346 2280 403 Α
2308 340 2447 402 illos,
2480 338 2568 407 qui
2597 336 2918 389 avunculum
2950 348 3122 387 meum
3156 332 3561 399 interfecerunt,
3608 333 3767 405 256
3789 348 3883 390 te-

644 447 792 509 lii-ri,
839 447 906 499 ita
958 444 1059 497 hoc
1098 443 1256 495 funus
1286 449 1411 493 sunt
1456 449 1767 505 prosecutae.
1818 436 1976 489 Multa
2024 443 2205 502 postea

647 536 984 604 Chilpericus
1015 548 1112 588 rex
1137 531 1400 597 ecclesiis,
1432 531 1544 583 sive
1589 528 1838 592 basilicis,
1876 528 1960 580 vel
2008 541 2205 594 paupe-

642 628 789 682 ribus
814 636 896 680 est
926 624 1163 694 largitus.

710 716 950 771 XXXVI.
993 717 1085 771 His
1112 715 1301 772 diebus
1338 711 1736 772 ,Αυειτεειιίιάίε
1759 752 1774 777 ,
1822 709 2207 766 Guntcbramni

641 809 892 877 principis
922 808 1124 877 regina,
1159 808 1226 860 ab
1271 806 1371 859 lioc
1397 807 1583 858 inorbo
1623 813 1937 870 consumpta
1963 811 2045 855 est
2074 819 2085 853 :
2111 801 2204 855 sed

642 899 944 967 priusquam
970 913 1197 967 nequam
1226 896 1471 964 spiritum
1493 895 1790 958 exhalaret,
1820 909 2046 948 cernens
2066 893 2205 962 quod

639 988 865 1042 evadere
895 1002 997 1042 non
1032 998 1229 1055 posset,
1264 987 1364 1039 alta
1396 984 1611 1039 trahens
1636 986 1884 1055 suspiria,
1920 984 2091 1037 voluit
2114 983 2204 1037 leti

640 1083 722 1133 sui
752 1080 948 1134 habere
971 1079 1273 1149 participes,
1299 1092 1460 1145 agens
1486 1086 1544 1131 ut
1567 1078 1616 1130 in
1643 1077 1910 1145 exsequiis
1936 1074 2053 1143 ejus
2075 1074 2209 1128 alio-

643 1186 765 1223 rum
797 1170 977 1223 funera
1010 1169 1409 1239 plangerentur.
1442 1167 1632 1220 Fertur
1665 1169 1807 1219 enim
1853 1163 2154 1218 IIerodiano
2179 1172 2204 1199 α

644 1277 794 1315 more
839 1276 1017 1328 regem
1062 1261 1296 1329 petiisse,
1346 1258 1779 1313 dicens:Adhue
1826 1269 1948 1323 spes
1996 1252 2206 1308 vivendi

640 1353 849 1419 fuerat,
899 1352 1055 1422 245
1103 1352 1147 1406 si
1194 1366 1298 1404 non
1344 1350 1482 1404 inter
1527 1349 1822 1417 iniquorum
1868 1346 2198 1400 medicorum

644 1457 831 1496 uiantis
855 1444 1156 1496 interissem
1184 1458 1199 1507 ;
1228 1456 1349 1494 nam
1393 1440 1636 1510 potiones
1678 1440 1746 1494 ab
1786 1438 1892 1493 illis
1931 1447 2164 1507 acceptae
2189 1478 2203 1503 ,

639 1533 767 1586 mihi
796 1536 843 1586 vi
868 1534 1196 1589 abstulerunt
1216 1534 1399 1597 vitam,
1425 1543 1481 1588 et
1505 1534 1745 1588 fecerunt
1767 1548 1851 1586 me
1875 1532 2009 1584 hanc
2034 1532 2205 1584 lucem

640 1625 894 1678 velociter
932 1626 1153 1692 perdere
1178 1643 1190 1676 :
1214 1634 1267 1679 et
1294 1624 1434 1687 ideo,
1465 1639 1530 1677 ne
1556 1625 1716 1678 inulta
1747 1639 1889 1676 mors
1920 1638 2037 1677 mea
2066 1637 2202 1691 pra:-

2307 446 2427 484 cuin
2478 428 2699 490 retines;
2753 425 2845 479 sed
2894 432 2950 479 et
3000 424 3339 491 presbyteros
3396 422 3519 477 huic
3570 439 3724 479 noxae
3771 428 3878 479 atl-

2307 521 2535 582 mistos,
2602 516 2665 569 ad
2712 514 3013 567 convivium
3061 511 3274 580 recipis.
3327 512 3534 566 Deinde
3599 513 3879 567 inimicitia

2306 609 2660 671 increscente,
2692 605 2941 675 paulatim
2967 605 3130 673 etrapit
3154 603 3307 658 villas
3333 604 3597 667 ecclesiae,
3623 621 3749 672 quas
3772 606 3879 659 Ma-

2306 698 2581 754 racharius
2633 706 2951 750 testamento
2997 700 3199 762 scripto
3250 696 3561 764 reliquerat,
3621 697 3882 750 violenter

2307 790 2577 855 invadere,
2608 803 2853 843 asserens
2882 803 2986 841 non
3031 786 3227 841 debere
3254 787 3536 841 erclesiam
3564 786 3680 856 ejus
3714 789 3882 841 facul-

2311 892 2469 937 tatem
2500 882 2745 949 adipisci,
2780 896 2808 933 a
2835 881 2987 947 cujus
3013 879 3221 932 clericis
3259 888 3481 931 testator
3511 877 3686 930 fuerat
3714 878 3881 930 inter-

2308 975 2496 1030 fectus.
2532 976 2653 1027 Post
2685 975 2782 1026 ista
2816 987 2961 1035 vero,
2992 972 3099 1037 jam
3134 970 3401 1038 aliquibus
3428 984 3493 1024 ex
3534 969 3687 1022 Iaicis
3713 971 3887 1022 inter-

2310 1067 2465 1121 fectis
2485 1108 2498 1129 ,
2532 1065 2737 1119 addidit
2770 1074 2827 1117 ut
2877 1063 3268 1131 apprehensum
3298 1062 3663 1132 presbyterum
3696 1061 3883 1131 alliga-

2310 1172 2410 1223 ret,
2439 1174 2501 1212 ac
2529 1168 2688 1212 conto
2718 1157 3043 1226 perfoderei.
3088 1155 3181 1209 Cui
3213 1156 3387 1209 adhuc
3418 1156 3637 1219 viventi,
3668 1154 3885 1208 retortis

2311 1261 2429 1320 post
2467 1260 2672 1317 tergum
2714 1247 2978 1309 manibus,
3021 1262 3257 1315 appenso
3286 1248 3351 1299 ad
3379 1247 3647 1312 stipitem,
3686 1245 3882 1299 elicere

2309 1338 2619 1408 quatiebant
2646 1340 2689 1392 si
2737 1338 2787 1391 in
2838 1338 2935 1390 hac
2963 1352 3119 1390 causa
3170 1337 3354 1390 fuisset
3398 1336 3681 1390 admistus.
3727 1336 3882 1402 Quod

2309 1444 2429 1483 cum
2460 1428 2551 1482 ille
2581 1438 2816 1496 negaret,
2844 1427 3147 1495 profluente
3175 1442 3363 1481 cruore
3387 1426 3454 1481 de
3486 1428 3723 1490 vulnere,
3753 1429 3881 1485 red-

2309 1519 2445 1574 didit
2479 1519 2743 1586 spiritum.
2777 1519 2887 1585 Qua
2936 1519 3003 1571 de
3047 1532 3205 1571 causa
3249 1528 3549 1572 commotus
3576 1518 3881 1586 episcopus,

2306 1610 2462 1679 jussit
2496 1625 2617 1664 eum
2642 1611 2707 1662 ali
2728 1609 2975 1662 ecclesiae
2999 1608 3199 1661 foribus
3222 1609 3516 1674 prohiberi.
3544 1607 3884 1662 Convenien-

640 1722 846 1779 tereat,
893 1730 1113 1782 quaeso,
1155 1724 1209 1767 et
1251 1729 1370 1767 cum
1421 1715 1738 1767 sacramenti
1789 1714 2195 1783 interpositione

2309 1702 2448 1754 tibus
2478 1712 2656 1753 autem
2684 1699 2822 1766 apud
2855 1699 3122 1752 civitatein
3151 1698 3415 1753 Santonas
3439 1696 3879 1763 sacerdmibush,

638 1805 879 1873 conjuro,
914 1817 987 1867 ut,
1013 1821 1130 1859 cuni
1160 1807 1227 1859 ab
1260 1807 1355 1858 hac
1383 1805 1500 1858 luce
1523 1805 1823 1858 discessero
1845 1845 1861 1872 ,
1889 1808 2068 1860 statim
2099 1807 2199 1877 ipsi

637 1897 815 1965 gladio
843 1899 1191 1962 trucidentur,
1226 1906 1284 1950 ut
1319 1899 1457 1951 sicut
1493 1912 1591 1967 ego
1618 1897 1845 1964 amplius
1873 1897 2053 1951 viveie
2095 1913 2199 1951 non

639 2004 799 2056 queo,
828 1989 898 2041 iia
925 2003 1023 2043 nec
1062 1987 1133 2042 illi
1173 1996 1293 2057 post
1321 2004 1496 2041 incum
1527 1988 1729 2041 obitum
1757 1988 2072 2058 glorientur,
2105 1989 2200 2042 sed

637 2082 704 2135 sit
732 2096 867 2136 unus
895 2082 1046 2136 dolor
1081 2084 1278 2137 nostris
1305 2084 1505 2151 pariter
1528 2096 1591 2136 ac
1613 2096 1796 2136 eorum
1837 2084 2043 2136 amicis.
2077 2082 2201 2137 Hazc

634 2177 787 2231 effata
821 2176 1087 2231 infelicem
1133 2178 1364 2230 animam
1405 2175 1641 2231 tradidit.
1677 2176 1787 2229 liex
1832 2192 1955 2229 Vero
1984 2185 2201 2243 peracto

638 2282 700 2318 ex
735 2282 884 2321 more
911 2266 1173 2335 exscquio
1197 2266 1245 2331 ι),
1271 2280 1561 2333 oppressus
1602 2266 1793 2334 iniquae
1836 2266 2076 2335 conjugis
2116 2268 2199 2333 juo

641 2368 903 2425 ramento,
930 2360 1167 2426 implevit
1195 2370 1514 2427 praeceptum
1542 2359 1831 2427 iniquitatis
1857 2374 1873 2422 ;
1907 2376 2026 2412 nam
2066 2358 2203 2415 duos

641 2453 875 2505 medicos
907 2462 952 2517 ο,
983 2451 1068 2516 qui
1097 2451 1143 2505 ei
1170 2451 1399 2505 studium
1432 2450 1801 2514 adhibuerant,
1845 2451 2020 2518 gladio
2054 2450 2201 2504 feriri

647 2544 896 2611 przrcepit
922 2560 934 2595 :
960 2543 1097 2613 quod
1124 2557 1226 2595 non
1253 2542 1370 2597 sine
1395 2552 1611 2611 peccato
1652 2541 1843 2595 factum
1874 2539 2036 2596 fuisse
2062 2542 2201 2596 mul-

650 2654 820 2694 torum
847 2650 1030 2694 censet
1050 2636 1075 2674 ά
1108 2638 1408 2707 prudentia.

717 2732 972 2787 XXXVII.
1032 2732 1142 2786 Hac
1190 2740 1213 2767 ο
1259 2732 1435 2799 itaque
1476 2728 1791 2799 iegritudiue
1840 2738 1893 2783 et
1946 2729 2204 2782 Nantiuus

642 2822 1016 2878 licolismensis
1037 2836 1219 2876 comes
1240 2821 1540 2875 exinanitus
1565 2820 1794 2882 interiit;
1819 2820 1911 2873 sed
1938 2834 2056 2889 qua:
2077 2834 2206 2874 con—

638 2925 711 2967 tra
761 2914 1066 2968 sacerdotes
1096 2912 1174 2967 vel
1220 2911 1473 2967 ecclesias
1504 2911 1594 2965 Dei
1640 2909 1825 2979 egerit,
1859 2910 2016 2962 altius
2050 2925 2204 2976 repe-

637 3005 792 3058 tenda
840 3014 981 3058 sunt.
1036 3004 1275 3071 Denique
1323 3000 1683 3057 Maracharius
1722 3001 2014 3055 avunculus
2055 2999 2201 3071 ejus,

2306 1793 2693 1860 deprecabatur
2722 1790 2981 1845 Nautiiius
3009 1800 3065 1842 ut
3095 1804 3280 1857 pacem
3303 1790 3536 1859 episcopi
3561 1798 3879 1853 mereretur,

2306 1882 2625 1950 promittens
2652 1898 2709 1935 se
2736 1896 2924 1935 omnes
2951 1881 3206 1934 Ecclesia:
3238 1895 3344 1944 res,
3382 1896 3513 1948 quas
3536 1882 3658 1934 sine
3682 1880 3885 1933 ratione

2303 1978 2613 2041 abStulerat,
2644 1976 2994 2038 redditurum,
3039 1984 3197 2042 atque
3228 1973 3483 2027 humilem
3526 1973 3783 2027 exhibere
3818 1988 3885 2027 se

2303 2068 2591 2123 sacerdoti.
2644 2070 2712 2123 At
2758 2067 2850 2121 ille
2895 2065 3114 2119 fratrum
3146 2066 3370 2133 jussioui
3400 2064 3663 2119 obaudire
3692 2080 3882 2133 procu-

2303 2174 2449 2223 rans,
2477 2168 2663 2212 cuncta
2693 2173 2811 2225 qua:
2851 2157 3164 2225 petebantur
3188 2155 3435 2215 indulsit;
3464 2170 3685 2208 causam
3707 2166 3879 2209 tamen

2304 2248 2598 2318 presbyteri
2621 2248 2968 2313 omnipotenti
2998 2247 3108 2301 Deo
3124 2246 3527 2310 commendans,
3555 2247 3801 2301 comitem
3826 2248 3879 2298 in

2303 2340 2560 2394 charitate
2610 2340 2830 2408 recepit.
2881 2340 2979 2404 Qui
3031 2348 3150 2406 post
3194 2338 3293 2390 ista
3343 2352 3619 2405 regressus
3652 2338 3829 2390 urbem
3860 2378 3874 2398 ,

2306 2436 2493 2485 domos
2522 2432 2638 2484 illas
2667 2444 2799 2498 quas
2837 2435 2974 2483 male
3004 2438 3328 2497 pervaserat,
3360 2429 3576 2495 spoliat,
3607 2428 3777 2493 elidit,
3814 2444 3879 2481 ac

2303 2523 2520 2590 disjicit,
2554 2522 2775 2575 dicens:
2812 2521 2876 2574 Et
2905 2524 2944 2574 si
2978 2521 3078 2573 hoc
3115 2520 3182 2572 ab
3210 2519 3433 2573 ecclesia
3478 2520 3761 2587 recipitur,
3797 2522 3878 2573 vel

2304 2615 2572 2669 desertum
2631 2615 2946 2678 invenimur,
2993 2630 3091 2681 qua
3148 2614 3214 2665 de
3249 2627 3406 2666 causa
3462 2611 3648 2665 iterum
3701 2620 3881 2666 motus

2305 2706 2604 2774 episc0pus,
2637 2720 2757 2758 cum
2789 2720 2815 2755 a
2844 2705 3218 2756 communione
3248 2702 3543 2771 suspendit.
3584 2703 3715 2769 Quin
3754 2702 3881 2755 dum

2305 2806 2557 2866 aguntur,
2576 2796 2790 2864 impleto
2814 2796 2998 2849 beatos
3026 2794 3261 2861 pontifex
3292 2797 3412 2846 vitia
3430 2808 3615 2857 cursu,
3640 2794 3880 2862 migraiit

2307 2891 2370 2943 ad
2405 2892 2704 2943 Dominum.
2739 2888 2994 2941 Nautiniis
3027 2904 3237 2955 quoque
3273 2888 3338 2941 ab
3370 2887 3635 2957 aliquibus
3676 2888 3879 2957 episco-

2308 2984 2409 3052 pis,
2469 2982 2919 3036 intercedentibus
2973 2980 3202 3047 prieiuiis
3253 2989 3411 3045 atque
3464 2979 3877 3044 adulationibus.

636 3101 724 3153 diu
754 3104 805 3152 ιη
837 3101 949 3166 ipsa
982 3100 1112 3152 urbe
1142 3113 1267 3151 usus
1312 3106 1396 3150 εει
1424 3099 1701 3149 comitatu.
1733 3094 1849 3160 Quo
1891 3092 2067 3147 ofﬁcio
2111 3108 2205 3147 ει-
2234 3082 2278 3144 C
2308 3076 2751 3131 communicatur.
2773 3075 2897 3129 Post
2920 3089 3111 3143 paucos
3134 3089 3259 3127 vero
3279 3087 3491 3127 menses
3510 3090 3537 3125 a
3572 3076 3878 3143 supradicto

639 3196 801 3263 pleto,
836 3192 1091 3245 Ecclesiae
1120 3190 1370 3252 sociatur,
1402 3188 1733 3256 clericusque
1763 3186 1952 3248 factus,
1994 3185 2208 3238 ordina-

640 3296 728 3339 tur
757 3284 1057 3351 episcopus.
1090 3282 1188 3346 Qui
1241 3279 1459 3333 multum
1488 3277 1769 3347 vigilanter
1805 3276 1887 3329 vel
1918 3277 2204 3340 eccwsias,

637 3376 719 3430 vel
747 3375 988 3430 ecclesiae
1012 3374 1200 3425 domos
1227 3381 1279 3425 et
1310 3372 1540 3440 erigens,
1584 3379 1638 3423 et
1666 3383 2015 3437 componens,
2043 3370 2207 3431 septi-

636 3481 724 3519 nio
750 3464 1031 3519 sacerdOtii
1059 3476 1219 3527 anno,
1252 3459 1446 3529 injecto
1475 3462 1541 3515 ab
1576 3460 1806 3513 inimicis
1834 3460 1884 3513 in
1915 3468 2074 3527 caput
2104 3461 2207 3525 pis-

636 3558 713 3610 cis
743 3570 969 3619 veneno,
998 3552 1313 3621 simpliciter
1330 3551 1599 3619 accipiens
1615 3551 1906 3604 crudeliter
1931 3560 2202 3602 enecatur.

638 3648 746 3705 Sed
789 3663 892 3701 non
923 3646 1013 3699 diu
1064 3647 1281 3699 inultam
1331 3642 1448 3713 ejus
1496 3650 1721 3695 mortem
1773 3640 1989 3708 pertulit
2028 3640 2205 3692 divina

639 3739 950 3803 clementia;
999 3752 1119 3791 nam
1172 3728 1491 3790 Frontonius
1520 3730 1576 3800 ί,
1626 3733 1778 3802 cujus
1830 3729 2056 3787 censilio
2107 3734 2208 3786 hoc

635 3833 808 3887 scelus
854 3840 936 3885 est
985 3837 1362 3900 perpetratum,
1432 3834 1704 3891 assumpto
1753 3822 2034 3877 confestim
2094 3824 2208 3888 epi-

634 3933 873 3993 sc0patu,
907 3937 1011 3975 uno
1042 3922 1092 3974 in
1118 3933 1183 3973 eo
1211 3919 1408 3987 degens
1431 3931 1592 3981 anno,
1622 3922 1982 3990 praecurreute
2003 3912 2204 3979 judicio

637 4016 754 4079 Dei,
788 4014 1007 4068 interiit.
1039 4011 1198 4079 Cujus
1228 4017 1347 4079 post
1374 4006 1576 4061 obitum
1625 4004 1950 4079 Heraclius}
2005 4000 2208 4055 Borde-

635 4109 867 4174 galensis
895 4104 1190 4175 presbyter,
1219 4101 1308 4171 qui
1338 4099 1608 4171 quondam
1637 4098 1840 4168 legatus
1876 4094 2206 4149 Cliildeberti

635 4196 861 4253 senioris
892 4195 1083 4261 fuerat,
1117 4194 1404 4263 episcopus
1430 4191 1729 4245 ordinatur.
1777 4186 2038 4242 Nantiuus
2076 4201 2207 4237 vero

635 4289 705 4343 ob
735 4290 1103 4356 requirendam
1131 4284 1377 4338 avunculi
1416 4283 1499 4335 sui
1530 4290 1781 4343 mortem,
1813 4278 2122 4333 comitatum
2154 4277 2205 4328 iu

639 4382 752 4447 ipsa
785 4382 912 4433 urbe
936 4378 1177 4447 expetiit.
1207 4378 1322 4440 Quo
1351 4382 1590 4441 accepto,
1620 4370 1816 4425 multas
1842 4369 2094 4437 episcopo
2124 4366 2205 4419 in-

2310 3169 2497 3223 tuorbo
2522 3168 2827 3235 corripitur,
2861 3167 2949 3235 qui
2981 3164 3139 3218 nimia
3170 3174 3390 3218 exustus
3409 3162 3580 3228 febre,
3605 3166 3877 3226 clamavit,

2308 3263 2528 3316 dicens:
2561 3260 2694 3325 Ileu,
2731 3259 2832 3312 heu
2858 3258 2870 3311 !
2903 3256 2969 3311 ab
2999 3255 3242 3311 Heraclio
3274 3255 3515 3310 antistite
3542 3272 3739 3311 exuror
3760 3299 3776 3323 ,
3816 3258 3878 3311 ab

2310 3353 2400 3406 illo
2430 3351 2662 3413 crucior,
2710 3350 2778 3402 ab
2829 3350 2921 3402 illo
2963 3349 3028 3401 ad
3070 3348 3331 3417 judicium
3378 3362 3557 3402 vocor.
3608 3348 3878 3416 Cognoam

2309 3443 2530 3511 facinus,
2561 3442 2873 3497 reminiscor
2898 3454 2980 3493 me
3007 3440 3203 3509 injuste
3233 3438 3456 3508 injurias
3477 3439 3728 3493 intulisse
3753 3456 3877 3509 pou-

2311 3536 2434 3590 tilici
2460 3553 2474 3601 ;
2505 3545 2728 3589 mortem
2753 3533 3035 3601 deprecor,
3067 3547 3134 3585 ne
3161 3531 3362 3586 diutius
3384 3532 3591 3586 crucier
3624 3534 3725 3586 hoc
3770 3544 3876 3586 tor-

2310 3634 2507 3680 mento.
2543 3625 2669 3679 llaac
2706 3640 2827 3678 cum
2878 3624 3104 3676 maxima
3132 3621 3185 3675 in
3217 3622 3369 3676 febre
3411 3621 3571 3692 247
3601 3625 3875 3680 clamaret.

2309 3720 2590 3775 deficiente
2618 3718 2812 3773 robore
2850 3714 3112 3783 corporis,
3145 3713 3409 3769 infelicem
3452 3715 3687 3767 animam
3731 3715 3876 3777 fudit,

2310 3812 2521 3866 indubia
2553 3810 2860 3878 relinquens
2882 3806 3125 3876 vestigia,
3150 3807 3252 3859 hoc
3276 3808 3324 3861 ei
3358 3805 3423 3859 ad
3449 3806 3708 3859 ultionem
3743 3806 3876 3875 beati

2309 3901 2557 3957 antistitis
2586 3903 2849 3955 evenisse.
2880 3899 3009 3952 Nam
3039 3900 3344 3953 exanimum
3375 3913 3567 3966 corpus
3601 3899 3671 3951 ita
3710 3898 3878 3967 nigre-

2308 3998 2485 4052 dinem
2534 3996 2710 4058 duxit,
2740 4000 2798 4046 ut
2846 4000 3058 4061 putares
3087 4006 3211 4044 eum
3258 3991 3439 4059 prunis
3488 3993 3878 4058 superpositum

2308 4090 2470 4144 fuisse
2498 4089 2853 4142 combustum.
2880 4085 3016 4153 Ergo
3047 4092 3064 4119 ι
3095 4099 3283 4138 omnes
3321 4084 3436 4136 haec
3466 4083 3875 4151 obstupescant,

2308 4181 2659 4245 admirentur,
2690 4186 2743 4230 et
2772 4184 3009 4229 metuant
3036 4189 3102 4227 ne
3131 4173 3364 4228 inferant
3390 4173 3613 4242 injurias
3637 4174 3878 4228 sacerdo-

2310 4274 2447 4328 tibus
2489 4289 2504 4324 :
2552 4272 2673 4339 quia
2725 4269 2861 4322 ultor
2907 4276 2992 4334 est
3042 4266 3300 4321 Dominus
3343 4280 3622 4321 servorum
3665 4282 3878 4320 suorum

2308 4364 2635 4435 sperantium
2669 4361 2719 4414 iu
2744 4377 2821 4415 se.

636 4473 802 4542 jurias
833 4472 1104 4539 irrogavit.
1152 4468 1339 4523 Aiebat
1367 4467 1509 4520 enim
1553 4465 1850 4534 episcopo:
1896 4459 2202 4514 Homicidas
2233 4455 2285 4513 D
2381 4452 2666 4509 XXXVIII.
2699 4453 2810 4506 lloc
2844 4450 2858 4502 i
2903 4460 3144 4519 tempore
3173 4459 3226 4504 et
3261 4450 3446 4503 beatus
3487 4449 3746 4504 Martinus
3768 4450 3880 4504 Gal-

711 4614 737 4642 ι
781 4605 1015 4659 llerodes
1062 4599 1363 4657 Ascalonita
1386 4638 1401 4662 ,
1433 4598 1587 4650 morti
1632 4594 1904 4658 proximus
1928 4633 1941 4653 ,
1975 4593 2199 4657 petierat

637 4685 697 4730 ut
726 4678 899 4727 statim
933 4685 1056 4742 post
1087 4674 1258 4742 ipsius
1295 4662 2195 4742 mortem_iiubil_issiiiiiJujlaioruin

636 4732 1028 4800 occiderentur.
1066 4732 1193 4797 Vide
1233 4738 1451 4808 .Iosepbi
1491 4738 1587 4792 lib.
1622 4751 1635 4788 i
1668 4735 1735 4789 de
1776 4734 1905 4787 Bell.
1948 4732 2194 4797 .Iudaico,

637 4833 756 4872 can.
784 4814 875 4869 ﬁt.

706 4833 1064 4948 £.Si(:.Corb.;
1096 4881 1183 4935 alii
1204 4881 1426 4949 justitio,
1457 4887 1650 4949 praeter
1676 4872 1857 4949 Ilasin.
1888 4875 1975 4942 qui
2011 4871 2161 4949 habet
2183 4914 2196 4936 ,

638 4940 830 5029 funeris
855 4940 1063 5027 ofﬁcia;
1080 4940 1779 5029 Aust'rigildis;epitaphjuin
1808 4940 2008 5013 profert
2035 4940 2201 5029 Ches-

640 5012 759 5085 iiius
802 5012 943 5081 tonio
992 5012 1355 5092 iscriptoriim
1401 5012 1614 5074 His—tor.-
1649 5012 1864 5080 Frauc.,
1916 5029 2031 5082 pag.
2070 5012 2204 5075 517;

638 5102 767 5154 vixit
796 5097 1074 5152 annus52.
1337 5161 1341 5162 ν
1780 5156 1810 5162 ,,
1923 5152 1964 5162 ..
2034 5151 2043 5162 .
2155 5152 2168 5162 .

715 5152 870 5223 ἔωθε
915 5170 1185 5222 Nicolaum
1233 5172 1286 5217 et
1330 5161 1592 5217 Donatum
1627 5156 1873 5233 appellat
1920 5152 2207 5233 Mariugljn

644 5222 930 5306 Chronico,
982 5240 1068 5293 ubi
1118 5235 1507 5303 Austregildeiu
1552 5222 1751 5284 abiisse
1794 5224 1867 5277 ait
1894 5238 2033 5275 anno
2080 5222 2206 5288 581,

643 5325 825 5377 Iueuse
857 5309 1174 5377 Septembri.
1375 5373 1385 5377 Α
1934 5365 1943 5375 .

670 5449 679 5457 ⁸
710 5376 737 5413 ά
773 5362 982 5446 Ιὶεειηί,
1012 5378 1146 5447 quod
1200 5392 1297 5428 nou
1343 5373 1450 5425 sine
1478 5377 1797 5439 prwcepto...
1829 5365 1964 5416 novit
1988 5362 2213 5433 pruden-

642 5458 740 5553 ωηο
772 5515 881 5568 IIoc
925 5526 1079 5570 caput
1109 5515 1257 5567 deest
1305 5512 1357 5564 iu
1396 5511 1555 5564 Corli.
1601 5519 1653 5561 et
1698 5506 1883 5568 Colh.;
1929 5506 2009 5557 sic
2056 5502 2215 5554 habet

645 5589 859 5657 [ivgum
894 5590 1005 5636 Hac
1048 5582 1708 5657 itaque"medianum-velo.
1748 5575 1996 5653 III-Hec”
2031 5572 2214 5657 Ninni-

647 5645 756 5712 ηυξ
776 5645 967 5710 dicitur
992 5645 1169 5705 comes
1205 5645 1535 5703 Ecaliucnsis.
1563 5647 1717 5699 Varie
1744 5646 1939 5713 quippe
1962 5645 2210 5697 scribitur

2307 4589 2465 4658 hujus
2489 4588 2639 4641 urbis
2665 4602 2856 4640 nomen
2890 4586 3182 4650 Ecclesina,
3217 4585 3512 4658 Egolisma,
3534 4585 3693 4658 hodie
3722 4585 3880 4640 Inca-

2307 4656 2494 4713 lisnia:
2525 4659 2662 4729 quod
2692 4662 2850 4729 semel
2884 4670 2937 4711 et
2965 4670 3152 4710 iterum
3178 4666 3393 4729 notasse
3418 4656 3547 4729 satis
3576 4657 3677 4729 sit.
3708 4658 3858 4711 Mar:

2308 4733 2521 4783 cliariiis
2544 4726 2790 4782 inici-Iud
2819 4728 3137 4780 dedicationi
3165 4726 3406 4796 ecclisim
3438 4727 3770 4780 Namnetica:
3790 4742 3862 4796 per

2310 4801 2539 4855 Felicem
2595 4801 2924 4867 episcopum,
2976 4808 3034 4850 ut
3084 4800 3242 4850 ielert
3294 4794 3617 4848 Fortunatus
3658 4797 3754 4849 lib.
3793 4794 3869 4857 dli,

2307 4887 2474 4922 carm.
2510 4871 2563 4922 4.

2386 4939 2403 4978 ί
2435 4942 2579 5003 Bec.,
2616 4937 2947 4992 Fronlimius.

2387 5021 2413 5057 8
2443 5012 2496 5064 lii
2531 5011 2736 5077 Ιὶεξξςιιι.ν
2772 5010 2855 5061 hic
2900 5010 3093 5062 dicitur
3142 5004 3385 5077 Ei'aditts,
3434 5003 3571 5057 infra
3624 5002 3872 5077 Erucitu;

2314 5080 2405 5136 Sic
2435 5093 2489 5134 et
2527 5073 2706 5132 comes
2754 5078 2948 5132 dicitur
2995 5078 3277 5145 aliquando
3316 5073 3599 5138 Nautium,
3650 5075 3791 5128 alias
3836 5084 3875 5126 ul

2312 5151 2461 5213 editi,
2496 5148 2771 5202 Nantinus.

2384 5218 2580 5273 lillinc
2627 5218 2898 5287 Syuodum
2949 5233 3037 5270 an.
3086 5215 3187 5270 579
3234 5216 3512 5285 consignat
3564 5214 3877 5269 Sirmondm

2323 5302 2449 5345 tom.
2480 5290 2495 5340 l
2523 5289 2726 5341 Coucil.
2758 5290 2959 5342 Galliae.

2397 5371 2411 5397 ι
2442 5361 2562 5413 Iliec
2588 5359 2653 5411 ad
2686 5362 2841 5413 linem
2869 5358 3057 5424 capitis
3083 5359 3273 5407 desunt
3303 5357 3352 5407 in
3380 5356 3501 5409 cod.
3530 5356 3719 5423 Regni.

2392 5436 2405 5480 i
2441 5431 2550 5483 Iloc
2578 5439 2733 5495 caput
2762 5432 2910 5481 deest
2940 5430 2989 5481 iu
3025 5427 3179 5480 Curii.
3214 5436 3267 5479 et
3296 5426 3428 5479 Colb
3484 5428 3656 5481 Porro
3701 5427 3878 5495 Regm.

2316 5501 2475 5553 habet
2503 5498 2846 5552 Culleciensi's.
2875 5498 2941 5553 Et
2969 5498 3181 5567 quidem
3204 5504 3336 5550 vetei
3351 5512 3411 5551 es
3432 5498 3750 5552 scribebant
3771 5495 3867 5551 Cof

2316 5574 2458 5625 liccia
2491 5586 2584 5638 pro
2614 5569 2849 5623 Gallicia.
