  <div class='ocr_page' id='page_1' title='image "/cluster/home/n/w/nwhite01/storage/ocr_20150623/71/uva.x000827083/184.png"; bbox 0 0 3994 6194; ppageno 0'>
   <div class='ocr_carea' id='block_1_1' title="bbox 152 308 2452 381">
    <p class='ocr_par' dir='ltr' id='par_1_1' title="bbox 152 308 2452 381">
     <span class='ocr_line' id='line_1_1' title="bbox 152 308 2452 381; baseline 0.004 -20"><span class='ocrx_word' id='word_1_1' title='bbox 152 308 228 363; x_wconf 63' lang='grc' dir='ltr'><strong>3ξὸ</strong></span> <span class='ocrx_word' id='word_1_2' title='bbox 1053 311 1367 367; x_wconf 70' lang='lat' dir='ltr'><strong>HlSTOlllA</strong></span> <span class='ocrx_word' id='word_1_3' title='bbox 1410 313 1849 369; x_wconf 75' lang='lat' dir='ltr'><strong>FliANCURUM.</strong></span> <span class='ocrx_word' id='word_1_4' title='bbox 1895 315 2095 368; x_wconf 76' lang='lat' dir='ltr'><strong>LlBER</strong></span> <span class='ocrx_word' id='word_1_5' title='bbox 2136 315 2452 381; x_wconf 84' lang='lat' dir='ltr'><strong>QUINTUS.</strong></span> 
     </span>
    </p>
   </div>
   <div class='ocr_carea' id='block_1_2' title="bbox 3281 318 3386 373">
    <p class='ocr_par' dir='ltr' id='par_1_2' title="bbox 3281 318 3386 373">
     <span class='ocr_line' id='line_1_2' title="bbox 3281 318 3386 373; baseline -0.01 -2"><span class='ocrx_word' id='word_1_6' title='bbox 3281 318 3386 373; x_wconf 62' lang='lat'><strong>33-1</strong></span> 
     </span>
    </p>
   </div>
   <div class='ocr_carea' id='block_1_3' title="bbox 162 420 3379 501">
    <p class='ocr_par' dir='ltr' id='par_1_3' title="bbox 162 420 3379 501">
     <span class='ocr_line' id='line_1_3' title="bbox 162 420 3379 501; baseline 0.003 -26"><span class='ocrx_word' id='word_1_7' title='bbox 162 422 356 477; x_wconf 80' lang='lat' dir='ltr'><strong>licien5ts</strong></span> <span class='ocrx_word' id='word_1_8' title='bbox 378 424 675 489; x_wconf 83' lang='lat' dir='ltr'><strong>episcopus</strong></span> <span class='ocrx_word' id='word_1_9' title='bbox 704 420 857 485; x_wconf 91' lang='lat' dir='ltr'><strong>obiit,</strong></span> <span class='ocrx_word' id='word_1_10' title='bbox 887 436 1134 489; x_wconf 81' lang='lat' dir='ltr'><strong>magnum</strong></span> <span class='ocrx_word' id='word_1_11' title='bbox 1168 426 1361 491; x_wconf 87' lang='lat' dir='ltr'><strong>popqu</strong></span> <span class='ocrx_word' id='word_1_12' title='bbox 1384 425 1456 478; x_wconf 91' lang='lat' dir='ltr'>illi</span> <span class='ocrx_word' id='word_1_13' title='bbox 1487 426 1713 481; x_wconf 90' lang='lat' dir='ltr'><strong>faciente</strong></span> <span class='ocrx_word' id='word_1_14' title='bbox 1740 431 1789 487; x_wconf 78' lang='grc' dir='ltr'><strong>Α</strong></span> <span class='ocrx_word' id='word_1_15' title='bbox 1820 425 1983 491; x_wconf 79' lang='lat' dir='ltr'><strong>mergi</strong></span> <span class='ocrx_word' id='word_1_16' title='bbox 2017 445 2029 480; x_wconf 94' lang='lat'><strong>:</strong></span> <span class='ocrx_word' id='word_1_17' title='bbox 2067 425 2084 463; x_wconf 72' lang='grc' dir='ltr'><strong>ί</strong></span> <span class='ocrx_word' id='word_1_18' title='bbox 2114 428 2207 479; x_wconf 89' lang='lat' dir='ltr'><strong>sed</strong></span> <span class='ocrx_word' id='word_1_19' title='bbox 2239 438 2295 479; x_wconf 88' lang='lat' dir='ltr'><strong>ut</strong></span> <span class='ocrx_word' id='word_1_20' title='bbox 2336 435 2581 480; x_wconf 64' lang='lat' dir='ltr'><strong>as&lt;erunt</strong></span> <span class='ocrx_word' id='word_1_21' title='bbox 2624 430 2795 492; x_wconf 89' lang='lat' dir='ltr'><strong>multi,</strong></span> <span class='ocrx_word' id='word_1_22' title='bbox 2850 444 3115 501; x_wconf 82' lang='lat' dir='ltr'><strong>nunquam</strong></span> <span class='ocrx_word' id='word_1_23' title='bbox 3144 430 3379 485; x_wconf 78' lang='lat' dir='ltr'><strong>animum</strong></span> 
     </span>
    </p>
   </div>
   <div class='ocr_carea' id='block_1_4' title="bbox 160 513 1712 584">
    <p class='ocr_par' dir='ltr' id='par_1_4' title="bbox 160 513 1712 584">
     <span class='ocr_line' id='line_1_4' title="bbox 160 513 1712 584; baseline 0.004 -17"><span class='ocrx_word' id='word_1_24' title='bbox 160 517 392 584; x_wconf 74' lang='lat' dir='ltr'><strong>planctum</strong></span> <span class='ocrx_word' id='word_1_25' title='bbox 419 523 471 566; x_wconf 74' lang='grc' dir='ltr'><strong>η.</strong></span> <span class='ocrx_word' id='word_1_26' title='bbox 504 513 638 566; x_wconf 83' lang='lat' dir='ltr'><strong>Nam</strong></span> <span class='ocrx_word' id='word_1_27' title='bbox 672 513 757 565; x_wconf 89' lang='lat' dir='ltr'><strong>hic</strong></span> <span class='ocrx_word' id='word_1_28' title='bbox 788 514 1074 566; x_wconf 66' lang='lat' dir='ltr'><strong>Pannonia:</strong></span> <span class='ocrx_word' id='word_1_29' title='bbox 1104 528 1251 568; x_wconf 90' lang='lat' dir='ltr'><strong>ortus</strong></span> <span class='ocrx_word' id='word_1_30' title='bbox 1296 517 1411 579; x_wconf 87' lang='lat' dir='ltr'><strong>fuit,</strong></span> <span class='ocrx_word' id='word_1_31' title='bbox 1440 529 1493 569; x_wconf 91' lang='lat' dir='ltr'><strong>et</strong></span> <span class='ocrx_word' id='word_1_32' title='bbox 1520 518 1712 573; x_wconf 80' lang='lat' dir='ltr'><strong>exinde</strong></span> 
     </span>
    </p>
   </div>
   <div class='ocr_carea' id='block_1_5' title="bbox 162 605 1709 677">
    <p class='ocr_par' dir='ltr' id='par_1_5' title="bbox 162 605 1709 677">
     <span class='ocr_line' id='line_1_5' title="bbox 162 605 1709 677; baseline 0.003 -17"><span class='ocrx_word' id='word_1_33' title='bbox 162 610 211 660; x_wconf 82' lang='lat' dir='ltr'><strong>ad</strong></span> <span class='ocrx_word' id='word_1_34' title='bbox 235 605 483 659; x_wconf 83' lang='lat' dir='ltr'><strong>visitanda</strong></span> <span class='ocrx_word' id='word_1_35' title='bbox 516 605 636 659; x_wconf 84' lang='lat' dir='ltr'><strong>loca</strong></span> <span class='ocrx_word' id='word_1_36' title='bbox 666 616 848 658; x_wconf 88' lang='lat' dir='ltr'><strong>sancta</strong></span> <span class='ocrx_word' id='word_1_37' title='bbox 876 607 926 658; x_wconf 90' lang='lat' dir='ltr'><strong>in</strong></span> <span class='ocrx_word' id='word_1_38' title='bbox 970 606 1242 660; x_wconf 89' lang='lat' dir='ltr'><strong>Orientem</strong></span> <span class='ocrx_word' id='word_1_39' title='bbox 1295 625 1610 677; x_wconf 79' lang='lat' dir='ltr'><strong>properans,</strong></span> <span class='ocrx_word' id='word_1_40' title='bbox 1656 611 1709 665; x_wconf 90' lang='lat' dir='ltr'><strong>in</strong></span> 
     </span>
    </p>
   </div>
   <div class='ocr_carea' id='block_1_6' title="bbox 164 695 1710 758">
    <p class='ocr_par' dir='ltr' id='par_1_6' title="bbox 164 695 1710 758">
     <span class='ocr_line' id='line_1_6' title="bbox 164 695 1710 758; baseline 0.005 -9"><span class='ocrx_word' id='word_1_41' title='bbox 164 707 328 751; x_wconf 80' lang='lat' dir='ltr'><strong>tantum</strong></span> <span class='ocrx_word' id='word_1_42' title='bbox 353 711 413 750; x_wconf 90' lang='lat' dir='ltr'><strong>se</strong></span> <span class='ocrx_word' id='word_1_43' title='bbox 445 695 641 749; x_wconf 76' lang='lat' dir='ltr'><strong>litteris</strong></span> <span class='ocrx_word' id='word_1_44' title='bbox 670 695 876 758; x_wconf 93' lang='lat' dir='ltr'><strong>imbuit,</strong></span> <span class='ocrx_word' id='word_1_45' title='bbox 911 710 967 749; x_wconf 90' lang='lat' dir='ltr'><strong>ut</strong></span> <span class='ocrx_word' id='word_1_46' title='bbox 993 698 1122 749; x_wconf 88' lang='lat' dir='ltr'><strong>nulli</strong></span> <span class='ocrx_word' id='word_1_47' title='bbox 1156 700 1420 753; x_wconf 89' lang='lat' dir='ltr'><strong>secundus</strong></span> <span class='ocrx_word' id='word_1_48' title='bbox 1443 703 1553 753; x_wconf 85' lang='lat' dir='ltr'><strong>suis</strong></span> <span class='ocrx_word' id='word_1_49' title='bbox 1577 712 1710 755; x_wconf 90' lang='lat' dir='ltr'><strong>tem-</strong></span> 
     </span>
    </p>
   </div>
   <div class='ocr_carea' id='block_1_7' title="bbox 164 789 1706 860">
    <p class='ocr_par' dir='ltr' id='par_1_7' title="bbox 164 789 1706 860">
     <span class='ocr_line' id='line_1_7' title="bbox 164 789 1706 860; baseline 0.003 -17"><span class='ocrx_word' id='word_1_50' title='bbox 164 790 343 860; x_wconf 81' lang='lat' dir='ltr'><strong>poribus</strong></span> <span class='ocrx_word' id='word_1_51' title='bbox 372 789 686 844; x_wconf 75' lang='lat' dir='ltr'><strong>haberetur.</strong></span> <span class='ocrx_word' id='word_1_52' title='bbox 723 790 923 843; x_wconf 77' lang='lat' dir='ltr'><strong>Exinde</strong></span> <span class='ocrx_word' id='word_1_53' title='bbox 945 790 1223 844; x_wconf 81' lang='lat' dir='ltr'><strong>Galliciam</strong></span> <span class='ocrx_word' id='word_1_54' title='bbox 1250 792 1416 859; x_wconf 81' lang='lat' dir='ltr'><strong>venit,</strong></span> <span class='ocrx_word' id='word_1_55' title='bbox 1451 794 1562 858; x_wconf 91' lang='lat' dir='ltr'><strong>ubi,</strong></span> <span class='ocrx_word' id='word_1_56' title='bbox 1584 810 1706 848; x_wconf 89' lang='lat' dir='ltr'><strong>cum</strong></span> 
     </span>
    </p>
   </div>
   <div class='ocr_carea' id='block_1_8' title="bbox 165 881 1709 953">
    <p class='ocr_par' dir='ltr' id='par_1_8' title="bbox 165 881 1709 953">
     <span class='ocr_line' id='line_1_8' title="bbox 165 881 1709 953; baseline 0.004 -17"><span class='ocrx_word' id='word_1_57' title='bbox 165 883 271 937; x_wconf 81' lang='lat' dir='ltr'><strong>beati</strong></span> <span class='ocrx_word' id='word_1_58' title='bbox 297 881 503 935; x_wconf 74' lang='lat' dir='ltr'><strong>Martini</strong></span> <span class='ocrx_word' id='word_1_59' title='bbox 538 882 774 950; x_wconf 58' lang='lat' dir='ltr'><strong>reliquias</strong></span> <span class='ocrx_word' id='word_1_60' title='bbox 797 892 1157 949; x_wconf 87' lang='lat' dir='ltr'><strong>portarentur,</strong></span> <span class='ocrx_word' id='word_1_61' title='bbox 1187 885 1470 953; x_wconf 83' lang='lat' dir='ltr'><strong>episc0pus</strong></span> <span class='ocrx_word' id='word_1_62' title='bbox 1491 886 1709 943; x_wconf 91' lang='lat' dir='ltr'><strong>ordina-</strong></span> 
     </span>
    </p>
   </div>
   <div class='ocr_carea' id='block_1_9' title="bbox 164 973 1704 1046">
    <p class='ocr_par' dir='ltr' id='par_1_9' title="bbox 164 973 1704 1046">
     <span class='ocr_line' id='line_1_9' title="bbox 164 973 1704 1046; baseline 0.003 -20"><span class='ocrx_word' id='word_1_63' title='bbox 164 984 228 1027; x_wconf 87' lang='lat' dir='ltr'><strong>tur</strong></span> <span class='ocrx_word' id='word_1_64' title='bbox 254 993 264 1026; x_wconf 88' lang='lat'>:</span> <span class='ocrx_word' id='word_1_65' title='bbox 293 974 341 1027; x_wconf 91' lang='lat' dir='ltr'><strong>in</strong></span> <span class='ocrx_word' id='word_1_66' title='bbox 370 990 477 1041; x_wconf 91' lang='lat' dir='ltr'><strong>quo</strong></span> <span class='ocrx_word' id='word_1_67' title='bbox 508 975 814 1027; x_wconf 87' lang='lat' dir='ltr'><strong>sacerdotio</strong></span> <span class='ocrx_word' id='word_1_68' title='bbox 840 973 1075 1042; x_wconf 84' lang='lat' dir='ltr'><strong>impletis</strong></span> <span class='ocrx_word' id='word_1_69' title='bbox 1116 975 1233 1041; x_wconf 90' lang='lat' dir='ltr'><strong>plus</strong></span> <span class='ocrx_word' id='word_1_70' title='bbox 1281 976 1457 1029; x_wconf 91' lang='lat' dir='ltr'><strong>minus</strong></span> <span class='ocrx_word' id='word_1_71' title='bbox 1496 977 1704 1046; x_wconf 80' lang='lat' dir='ltr'><strong>triginta</strong></span> 
     </span>
    </p>
   </div>
   <div class='ocr_carea' id='block_1_10' title="bbox 161 1064 1701 1135">
    <p class='ocr_par' dir='ltr' id='par_1_10' title="bbox 161 1064 1701 1135">
     <span class='ocr_line' id='line_1_10' title="bbox 161 1064 1701 1135; baseline 0.005 -20"><span class='ocrx_word' id='word_1_72' title='bbox 161 1064 303 1127; x_wconf 82' lang='lat' dir='ltr'><strong>annis,</strong></span> <span class='ocrx_word' id='word_1_73' title='bbox 355 1066 545 1130; x_wconf 89' lang='lat' dir='ltr'><strong>plenus</strong></span> <span class='ocrx_word' id='word_1_74' title='bbox 576 1064 863 1118; x_wconf 71' lang='lat' dir='ltr'><strong>virtutibus</strong></span> <span class='ocrx_word' id='word_1_75' title='bbox 915 1067 1164 1135; x_wconf 77' lang='lat' dir='ltr'><strong>migravit</strong></span> <span class='ocrx_word' id='word_1_76' title='bbox 1216 1066 1279 1118; x_wconf 89' lang='lat' dir='ltr'><strong>ad</strong></span> <span class='ocrx_word' id='word_1_77' title='bbox 1336 1068 1613 1122; x_wconf 85' lang='lat' dir='ltr'><strong>Dominum</strong></span> <span class='ocrx_word' id='word_1_78' title='bbox 1652 1068 1701 1123; x_wconf 72' lang='grc' dir='ltr'><strong>ι).</strong></span> 
     </span>
    </p>
   </div>
   <div class='ocr_carea' id='block_1_11' title="bbox 163 1154 1701 1225">
    <p class='ocr_par' dir='ltr' id='par_1_11' title="bbox 163 1154 1701 1225">
     <span class='ocr_line' id='line_1_11' title="bbox 163 1154 1701 1225; baseline 0.005 -20"><span class='ocrx_word' id='word_1_79' title='bbox 163 1155 430 1209; x_wconf 64' lang='lat' dir='ltr'><strong>Versiculos</strong></span> <span class='ocrx_word' id='word_1_80' title='bbox 457 1154 547 1223; x_wconf 88' lang='lat' dir='ltr'><strong>qui</strong></span> <span class='ocrx_word' id='word_1_81' title='bbox 592 1169 756 1222; x_wconf 83' lang='lat' dir='ltr'><strong>super</strong></span> <span class='ocrx_word' id='word_1_82' title='bbox 782 1156 975 1207; x_wconf 87' lang='lat' dir='ltr'><strong>ostium</strong></span> <span class='ocrx_word' id='word_1_83' title='bbox 1004 1165 1130 1209; x_wconf 88' lang='lat' dir='ltr'><strong>sunt</strong></span> <span class='ocrx_word' id='word_1_84' title='bbox 1159 1172 1185 1209; x_wconf 89' lang='lat' dir='ltr'><strong>a</strong></span> <span class='ocrx_word' id='word_1_85' title='bbox 1217 1167 1365 1225; x_wconf 87' lang='lat' dir='ltr'><strong>parte</strong></span> <span class='ocrx_word' id='word_1_86' title='bbox 1409 1159 1701 1213; x_wconf 77' lang='lat' dir='ltr'><strong>meridiana</strong></span> 
     </span>
    </p>
   </div>
   <div class='ocr_carea' id='block_1_12' title="bbox 162 1244 1367 1320">
    <p class='ocr_par' dir='ltr' id='par_1_12' title="bbox 162 1244 1367 1320">
     <span class='ocr_line' id='line_1_12' title="bbox 162 1244 1367 1320; baseline 0.003 -21"><span class='ocrx_word' id='word_1_87' title='bbox 162 1248 201 1299; x_wconf 91' lang='lat' dir='ltr'><strong>in</strong></span> <span class='ocrx_word' id='word_1_88' title='bbox 225 1246 418 1299; x_wconf 74' lang='lat' dir='ltr'><strong>basilica</strong></span> <span class='ocrx_word' id='word_1_89' title='bbox 451 1244 624 1298; x_wconf 81' lang='lat' dir='ltr'><strong>sancti</strong></span> <span class='ocrx_word' id='word_1_90' title='bbox 655 1245 883 1309; x_wconf 82' lang='lat' dir='ltr'><strong>Martini,</strong></span> <span class='ocrx_word' id='word_1_91' title='bbox 917 1248 1028 1315; x_wconf 91' lang='lat' dir='ltr'><strong>ipse</strong></span> <span class='ocrx_word' id='word_1_92' title='bbox 1050 1250 1367 1320; x_wconf 79' lang='lat' dir='ltr'><strong>composuit.</strong></span> 
     </span>
    </p>
   </div>
   <div class='ocr_carea' id='block_1_13' title="bbox 212 1336 1702 1406">
    <p class='ocr_par' dir='ltr' id='par_1_13' title="bbox 212 1336 1702 1406">
     <span class='ocr_line' id='line_1_13' title="bbox 212 1336 1702 1406; baseline 0.005 -16"><span class='ocrx_word' id='word_1_93' title='bbox 212 1336 435 1392; x_wconf 75' lang='lat' dir='ltr'><strong>XXXIX.</strong></span> <span class='ocrx_word' id='word_1_94' title='bbox 483 1337 670 1406; x_wconf 79' lang='lat' dir='ltr'><strong>Magna</strong></span> <span class='ocrx_word' id='word_1_95' title='bbox 699 1351 766 1391; x_wconf 93' lang='lat' dir='ltr'><strong>eo</strong></span> <span class='ocrx_word' id='word_1_96' title='bbox 795 1351 937 1391; x_wconf 90' lang='lat' dir='ltr'><strong>anno</strong></span> <span class='ocrx_word' id='word_1_97' title='bbox 987 1338 1038 1390; x_wconf 87' lang='lat' dir='ltr'><strong>in</strong></span> <span class='ocrx_word' id='word_1_98' title='bbox 1089 1337 1358 1406; x_wconf 77' lang='lat' dir='ltr'><strong>Hispaniis</strong></span> <span class='ocrx_word' id='word_1_99' title='bbox 1386 1340 1702 1397; x_wconf 73' lang='lat' dir='ltr'><strong>Cliri~tianis</strong></span> 
     </span>
    </p>
   </div>
   <div class='ocr_carea' id='block_1_14' title="bbox 160 1427 1704 1499">
    <p class='ocr_par' dir='ltr' id='par_1_14' title="bbox 160 1427 1704 1499">
     <span class='ocr_line' id='line_1_14' title="bbox 160 1427 1704 1499; baseline 0.003 -19"><span class='ocrx_word' id='word_1_100' title='bbox 160 1429 425 1496; x_wconf 81' lang='lat' dir='ltr'><strong>persecutio</strong></span> <span class='ocrx_word' id='word_1_101' title='bbox 448 1427 569 1491; x_wconf 88' lang='lat' dir='ltr'><strong>fuit,</strong></span> <span class='ocrx_word' id='word_1_102' title='bbox 587 1428 847 1498; x_wconf 88' lang='lat' dir='ltr'><strong>multique</strong></span> <span class='ocrx_word' id='word_1_103' title='bbox 870 1428 1078 1483; x_wconf 79' lang='lat' dir='ltr'><strong>exsiliis</strong></span> <span class='ocrx_word' id='word_1_104' title='bbox 1098 1429 1231 1495; x_wconf 89' lang='lat' dir='ltr'><strong>dati,</strong></span> <span class='ocrx_word' id='word_1_105' title='bbox 1252 1428 1588 1483; x_wconf 77' lang='lat' dir='ltr'><strong>facultatibus</strong></span> <span class='ocrx_word' id='word_1_106' title='bbox 1604 1433 1704 1499; x_wconf 90' lang='lat' dir='ltr'><strong>pri-</strong></span> 
     </span>
    </p>
   </div>
   <div class='ocr_carea' id='block_1_15' title="bbox 156 1517 1701 1588">
    <p class='ocr_par' dir='ltr' id='par_1_15' title="bbox 156 1517 1701 1588">
     <span class='ocr_line' id='line_1_15' title="bbox 156 1517 1701 1588; baseline 0.003 -17"><span class='ocrx_word' id='word_1_107' title='bbox 156 1519 405 1585; x_wconf 80' lang='lat' dir='ltr'><strong>vati,lame</strong></span> <span class='ocrx_word' id='word_1_108' title='bbox 435 1519 668 1582; x_wconf 81' lang='lat' dir='ltr'><strong>decocti,</strong></span> <span class='ocrx_word' id='word_1_109' title='bbox 686 1533 903 1573; x_wconf 78' lang='lat' dir='ltr'><strong>carcere</strong></span> <span class='ocrx_word' id='word_1_110' title='bbox 921 1517 1227 1588; x_wconf 69' lang='lat' dir='ltr'><strong>mancipati,</strong></span> <span class='ocrx_word' id='word_1_111' title='bbox 1246 1522 1552 1575; x_wconf 75' lang='lat' dir='ltr'><strong>verberibus</strong></span> <span class='ocrx_word' id='word_1_112' title='bbox 1575 1521 1701 1576; x_wconf 78' lang='lat' dir='ltr'><strong>affe-</strong></span> 
     </span>
    </p>
   </div>
   <div class='ocr_carea' id='block_1_16' title="bbox 156 1612 1699 1684">
    <p class='ocr_par' dir='ltr' id='par_1_16' title="bbox 156 1612 1699 1684">
     <span class='ocr_line' id='line_1_16' title="bbox 156 1612 1699 1684; baseline 0.004 -20"><span class='ocrx_word' id='word_1_113' title='bbox 156 1614 232 1676; x_wconf 88' lang='lat' dir='ltr'><strong>cti,</strong></span> <span class='ocrx_word' id='word_1_114' title='bbox 247 1627 305 1665; x_wconf 87' lang='lat' dir='ltr'><strong>ac</strong></span> <span class='ocrx_word' id='word_1_115' title='bbox 318 1612 541 1665; x_wconf 82' lang='lat' dir='ltr'><strong>diversis</strong></span> <span class='ocrx_word' id='word_1_116' title='bbox 563 1612 838 1679; x_wconf 85' lang='lat' dir='ltr'><strong>suppliciis</strong></span> <span class='ocrx_word' id='word_1_117' title='bbox 862 1612 1106 1664; x_wconf 86' lang='lat' dir='ltr'><strong>trucidati</strong></span> <span class='ocrx_word' id='word_1_118' title='bbox 1131 1612 1457 1681; x_wconf 81' lang='lat' dir='ltr'><strong>sunt.&quot;Captn</strong></span> <span class='ocrx_word' id='word_1_119' title='bbox 1485 1630 1699 1684; x_wconf 89' lang='lat' dir='ltr'><strong>quoque</strong></span> 
     </span>
    </p>
   </div>
   <div class='ocr_carea' id='block_1_17' title="bbox 159 1700 1697 1773">
    <p class='ocr_par' dir='ltr' id='par_1_17' title="bbox 159 1700 1697 1773">
     <span class='ocr_line' id='line_1_17' title="bbox 159 1700 1697 1773; baseline 0.002 -19"><span class='ocrx_word' id='word_1_120' title='bbox 159 1702 299 1769; x_wconf 85' lang='lat' dir='ltr'><strong>hujus</strong></span> <span class='ocrx_word' id='word_1_121' title='bbox 329 1703 542 1756; x_wconf 79' lang='lat' dir='ltr'><strong>sceleris</strong></span> <span class='ocrx_word' id='word_1_122' title='bbox 571 1700 887 1756; x_wconf 88' lang='lat' dir='ltr'><strong>Goisvintha</strong></span> <span class='ocrx_word' id='word_1_123' title='bbox 916 1712 938 1740; x_wconf 74' lang='grc' dir='ltr'>α</span> <span class='ocrx_word' id='word_1_124' title='bbox 984 1703 1102 1765; x_wconf 88' lang='lat' dir='ltr'><strong>fuit,</strong></span> <span class='ocrx_word' id='word_1_125' title='bbox 1136 1720 1290 1772; x_wconf 89' lang='lat' dir='ltr'><strong>quam</strong></span> <span class='ocrx_word' id='word_1_126' title='bbox 1316 1716 1432 1773; x_wconf 87' lang='lat' dir='ltr'><strong>post</strong></span> <span class='ocrx_word' id='word_1_127' title='bbox 1464 1707 1697 1761; x_wconf 79' lang='lat' dir='ltr'><strong>Athana-</strong></span> 
     </span>
    </p>
   </div>
   <div class='ocr_carea' id='block_1_18' title="bbox 1815 518 3387 579">
    <p class='ocr_par' dir='ltr' id='par_1_18' title="bbox 1815 518 3387 579">
     <span class='ocr_line' id='line_1_18' title="bbox 1815 518 3387 579; baseline 0.007 -11"><span class='ocrx_word' id='word_1_128' title='bbox 1815 532 1967 570; x_wconf 88' lang='lat' dir='ltr'><strong>suum</strong></span> <span class='ocrx_word' id='word_1_129' title='bbox 1995 534 2022 569; x_wconf 90' lang='lat' dir='ltr'><strong>a</strong></span> <span class='ocrx_word' id='word_1_130' title='bbox 2052 518 2152 569; x_wconf 83' lang='lat' dir='ltr'><strong>fide</strong></span> <span class='ocrx_word' id='word_1_131' title='bbox 2180 529 2354 571; x_wconf 90' lang='lat' dir='ltr'><strong>nostra</strong></span> <span class='ocrx_word' id='word_1_132' title='bbox 2384 520 2615 573; x_wconf 80' lang='lat' dir='ltr'><strong>rellcxit.</strong></span> <span class='ocrx_word' id='word_1_133' title='bbox 2642 520 3019 576; x_wconf 85' lang='lat' dir='ltr'><strong>Leuvicliildus</strong></span> <span class='ocrx_word' id='word_1_134' title='bbox 3034 534 3212 577; x_wconf 88' lang='lat' dir='ltr'><strong>autem</strong></span> <span class='ocrx_word' id='word_1_135' title='bbox 3238 526 3387 579; x_wconf 69' lang='lat' dir='ltr'><strong>dedit</strong></span> 
     </span>
    </p>
   </div>
   <div class='ocr_carea' id='block_1_19' title="bbox 1812 608 3380 686">
    <p class='ocr_par' dir='ltr' id='par_1_19' title="bbox 1812 608 3380 686">
     <span class='ocr_line' id='line_1_19' title="bbox 1812 608 3380 686; baseline 0.003 -25"><span class='ocrx_word' id='word_1_136' title='bbox 1812 608 1890 661; x_wconf 91' lang='lat' dir='ltr'><strong>eis</strong></span> <span class='ocrx_word' id='word_1_137' title='bbox 1916 618 2087 671; x_wconf 44' lang='lat' dir='ltr'><strong>iunam</strong></span> <span class='ocrx_word' id='word_1_138' title='bbox 2114 618 2137 655; x_wconf 73' lang='lat' dir='ltr'><strong>tt</strong></span> <span class='ocrx_word' id='word_1_139' title='bbox 2184 610 2249 661; x_wconf 93' lang='lat' dir='ltr'><strong>de</strong></span> <span class='ocrx_word' id='word_1_140' title='bbox 2297 609 2621 672; x_wconf 84' lang='lat' dir='ltr'><strong>civitatibus,</strong></span> <span class='ocrx_word' id='word_1_141' title='bbox 2654 612 2703 664; x_wconf 93' lang='lat' dir='ltr'><strong>in</strong></span> <span class='ocrx_word' id='word_1_142' title='bbox 2737 629 2836 681; x_wconf 90' lang='lat' dir='ltr'><strong>qua</strong></span> <span class='ocrx_word' id='word_1_143' title='bbox 2860 616 3154 670; x_wconf 81' lang='lat' dir='ltr'><strong>residentes</strong></span> <span class='ocrx_word' id='word_1_144' title='bbox 3186 634 3380 686; x_wconf 82' lang='lat' dir='ltr'><strong>regna-</strong></span> 
     </span>
    </p>
   </div>
   <div class='ocr_carea' id='block_1_20' title="bbox 1811 699 3383 774">
    <p class='ocr_par' dir='ltr' id='par_1_20' title="bbox 1811 699 3383 774">
     <span class='ocr_line' id='line_1_20' title="bbox 1811 699 3383 774; baseline 0.008 -26"><span class='ocrx_word' id='word_1_145' title='bbox 1811 706 1951 749; x_wconf 86' lang='lat' dir='ltr'><strong>rent.</strong></span> <span class='ocrx_word' id='word_1_146' title='bbox 1979 699 2055 751; x_wconf 79' lang='lat' dir='ltr'><strong>Ad</strong></span> <span class='ocrx_word' id='word_1_147' title='bbox 2081 712 2235 765; x_wconf 86' lang='lat' dir='ltr'><strong>quam</strong></span> <span class='ocrx_word' id='word_1_148' title='bbox 2260 712 2378 750; x_wconf 92' lang='lat' dir='ltr'><strong>cum</strong></span> <span class='ocrx_word' id='word_1_149' title='bbox 2413 700 2688 767; x_wconf 89' lang='lat' dir='ltr'><strong>abiissent,</strong></span> <span class='ocrx_word' id='word_1_150' title='bbox 2714 704 2873 772; x_wconf 69' lang='lat' dir='ltr'><strong>cmpit</strong></span> <span class='ocrx_word' id='word_1_151' title='bbox 2897 704 3145 773; x_wconf 71' lang='lat' dir='ltr'><strong>lngundis</strong></span> <span class='ocrx_word' id='word_1_152' title='bbox 3191 709 3383 774; x_wconf 68' lang='grc' dir='ltr'>ιιι-τειιί-</span> 
     </span>
    </p>
   </div>
   <div class='ocr_carea' id='block_1_21' title="bbox 1808 788 3381 858">
    <p class='ocr_par' dir='ltr' id='par_1_21' title="bbox 1808 788 3381 858">
     <span class='ocr_line' id='line_1_21' title="bbox 1808 788 3381 858; baseline 0.008 -17"><span class='ocrx_word' id='word_1_153' title='bbox 1808 802 1931 841; x_wconf 90' lang='lat' dir='ltr'><strong>care</strong></span> <span class='ocrx_word' id='word_1_154' title='bbox 1961 788 2072 841; x_wconf 84' lang='lat' dir='ltr'><strong>viro</strong></span> <span class='ocrx_word' id='word_1_155' title='bbox 2106 804 2223 850; x_wconf 89' lang='lat' dir='ltr'><strong>suo,</strong></span> <span class='ocrx_word' id='word_1_156' title='bbox 2254 800 2308 842; x_wconf 89' lang='lat' dir='ltr'><strong>ut</strong></span> <span class='ocrx_word' id='word_1_157' title='bbox 2340 790 2520 843; x_wconf 87' lang='lat' dir='ltr'><strong>relicta</strong></span> <span class='ocrx_word' id='word_1_158' title='bbox 2573 794 2793 848; x_wconf 62' lang='lat' dir='ltr'><strong>haeresis</strong></span> <span class='ocrx_word' id='word_1_159' title='bbox 2830 795 3057 858; x_wconf 81' lang='lat' dir='ltr'><strong>fallacia,</strong></span> <span class='ocrx_word' id='word_1_160' title='bbox 3102 799 3381 853; x_wconf 63' lang='lat' dir='ltr'><strong>catholicae</strong></span> 
     </span>
    </p>
   </div>
   <div class='ocr_carea' id='block_1_22' title="bbox 1811 877 3378 953">
    <p class='ocr_par' dir='ltr' id='par_1_22' title="bbox 1811 877 3378 953">
     <span class='ocr_line' id='line_1_22' title="bbox 1811 877 3378 953; baseline 0.011 -28"><span class='ocrx_word' id='word_1_161' title='bbox 1811 877 1940 946; x_wconf 82' lang='lat' dir='ltr'><strong>legis</strong></span> <span class='ocrx_word' id='word_1_162' title='bbox 1964 879 2239 933; x_wconf 88' lang='lat' dir='ltr'><strong>veritatem</strong></span> <span class='ocrx_word' id='word_1_163' title='bbox 2289 893 2622 947; x_wconf 68' lang='lat' dir='ltr'><strong>agnosceret.</strong></span> <span class='ocrx_word' id='word_1_164' title='bbox 2656 883 2806 949; x_wconf 88' lang='lat' dir='ltr'><strong>Quod</strong></span> <span class='ocrx_word' id='word_1_165' title='bbox 2858 887 2946 941; x_wconf 90' lang='lat' dir='ltr'><strong>ille</strong></span> <span class='ocrx_word' id='word_1_166' title='bbox 2984 887 3077 941; x_wconf 83' lang='lat' dir='ltr'><strong>ditt</strong></span> <span class='ocrx_word' id='word_1_167' title='bbox 3121 890 3378 953; x_wconf 79' lang='lat' dir='ltr'><strong>refutans,</strong></span> 
     </span>
    </p>
   </div>
   <div class='ocr_carea' id='block_1_23' title="bbox 1807 968 3383 1043">
    <p class='ocr_par' dir='ltr' id='par_1_23' title="bbox 1807 968 3383 1043">
     <span class='ocr_line' id='line_1_23' title="bbox 1807 968 3383 1043; baseline 0.009 -23"><span class='ocrx_word' id='word_1_168' title='bbox 1807 968 2021 1021; x_wconf 85' lang='lat' dir='ltr'><strong>tandem</strong></span> <span class='ocrx_word' id='word_1_169' title='bbox 2052 979 2352 1024; x_wconf 79' lang='lat' dir='ltr'><strong>commotus</strong></span> <span class='ocrx_word' id='word_1_170' title='bbox 2381 973 2444 1023; x_wconf 91' lang='lat' dir='ltr'><strong>ad</strong></span> <span class='ocrx_word' id='word_1_171' title='bbox 2473 972 2589 1041; x_wconf 83' lang='lat' dir='ltr'><strong>ejus</strong></span> <span class='ocrx_word' id='word_1_172' title='bbox 2622 975 3070 1043; x_wconf 57' lang='lat' dir='ltr'><strong>praedicationem,</strong></span> <span class='ocrx_word' id='word_1_173' title='bbox 3094 995 3383 1035; x_wconf 84' lang='lat' dir='ltr'><strong>conversus</strong></span> 
     </span>
    </p>
   </div>
   <div class='ocr_carea' id='block_1_24' title="bbox 1807 1059 3377 1136">
    <p class='ocr_par' dir='ltr' id='par_1_24' title="bbox 1807 1059 3377 1136">
     <span class='ocr_line' id='line_1_24' title="bbox 1807 1059 3377 1136; baseline 0.008 -23"><span class='ocrx_word' id='word_1_174' title='bbox 1807 1068 1890 1113; x_wconf 91' lang='lat' dir='ltr'><strong>est</strong></span> <span class='ocrx_word' id='word_1_175' title='bbox 1935 1062 2001 1114; x_wconf 92' lang='lat' dir='ltr'><strong>ad</strong></span> <span class='ocrx_word' id='word_1_176' title='bbox 2057 1065 2224 1133; x_wconf 68' lang='lat' dir='ltr'><strong>legem</strong></span> <span class='ocrx_word' id='word_1_177' title='bbox 2270 1063 2589 1117; x_wconf 86' lang='lat' dir='ltr'><strong>catholicam</strong></span> <span class='ocrx_word' id='word_1_178' title='bbox 2637 1081 2746 1120; x_wconf 89' lang='lat' dir='ltr'><strong>:ac</strong></span> <span class='ocrx_word' id='word_1_179' title='bbox 2791 1059 2914 1120; x_wconf 89' lang='lat' dir='ltr'><strong>dum</strong></span> <span class='ocrx_word' id='word_1_180' title='bbox 2956 1071 3377 1136; x_wconf 86' lang='lat' dir='ltr'><strong>chrismarctur,</strong></span> 
     </span>
    </p>
   </div>
   <div class='ocr_carea' id='block_1_25' title="bbox 1806 1151 3381 1222">
    <p class='ocr_par' dir='ltr' id='par_1_25' title="bbox 1806 1151 3381 1222">
     <span class='ocr_line' id='line_1_25' title="bbox 1806 1151 3381 1222; baseline 0.008 -18"><span class='ocrx_word' id='word_1_181' title='bbox 1806 1151 2039 1206; x_wconf 83' lang='lat' dir='ltr'><strong>Joannes</strong></span> <span class='ocrx_word' id='word_1_182' title='bbox 2068 1164 2149 1207; x_wconf 90' lang='lat' dir='ltr'><strong>est</strong></span> <span class='ocrx_word' id='word_1_183' title='bbox 2178 1154 2456 1209; x_wconf 88' lang='lat' dir='ltr'><strong>vocitatus.</strong></span> <span class='ocrx_word' id='word_1_184' title='bbox 2500 1156 2653 1222; x_wconf 87' lang='lat' dir='ltr'><strong>Quod</strong></span> <span class='ocrx_word' id='word_1_185' title='bbox 2701 1173 2820 1212; x_wconf 91' lang='lat' dir='ltr'><strong>cum</strong></span> <span class='ocrx_word' id='word_1_186' title='bbox 2866 1160 3240 1215; x_wconf 83' lang='lat' dir='ltr'><strong>Leuvichildus</strong></span> <span class='ocrx_word' id='word_1_187' title='bbox 3290 1181 3381 1216; x_wconf 89' lang='lat' dir='ltr'><strong>au-</strong></span> 
     </span>
    </p>
   </div>
   <div class='ocr_carea' id='block_1_26' title="bbox 1808 1240 3351 1324">
    <p class='ocr_par' dir='ltr' id='par_1_26' title="bbox 1808 1240 3351 1324">
     <span class='ocr_line' id='line_1_26' title="bbox 1808 1240 3351 1324; baseline 0.01 -30"><span class='ocrx_word' id='word_1_188' title='bbox 1808 1240 1987 1306; x_wconf 89' lang='lat' dir='ltr'><strong>disset,</strong></span> <span class='ocrx_word' id='word_1_189' title='bbox 2032 1243 2195 1312; x_wconf 67' lang='lat' dir='ltr'><strong>etrapit</strong></span> <span class='ocrx_word' id='word_1_190' title='bbox 2239 1261 2425 1300; x_wconf 83' lang='lat' dir='ltr'><strong>causas</strong></span> <span class='ocrx_word' id='word_1_191' title='bbox 2472 1263 2699 1316; x_wconf 63' lang='lat' dir='ltr'><strong>merere</strong></span> <span class='ocrx_word' id='word_1_192' title='bbox 2754 1252 2980 1318; x_wconf 86' lang='lat' dir='ltr'><strong>qualiter</strong></span> <span class='ocrx_word' id='word_1_193' title='bbox 3008 1269 3129 1308; x_wconf 92' lang='lat' dir='ltr'><strong>eum</strong></span> <span class='ocrx_word' id='word_1_194' title='bbox 3187 1258 3351 1324; x_wconf 86' lang='lat' dir='ltr'><strong>perde</strong></span> 
     </span>
    </p>
   </div>
   <div class='ocr_carea' id='block_1_27' title="bbox 1804 1332 3355 1412">
    <p class='ocr_par' dir='ltr' id='par_1_27' title="bbox 1804 1332 3355 1412">
     <span class='ocr_line' id='line_1_27' title="bbox 1804 1332 3355 1412; baseline 0.01 -29"><span class='ocrx_word' id='word_1_195' title='bbox 1804 1342 1905 1385; x_wconf 91' lang='lat' dir='ltr'><strong>ret.</strong></span> <span class='ocrx_word' id='word_1_196' title='bbox 1936 1332 2026 1388; x_wconf 92' lang='lat' dir='ltr'><strong>Ille</strong></span> <span class='ocrx_word' id='word_1_197' title='bbox 2053 1349 2179 1388; x_wconf 90' lang='lat' dir='ltr'><strong>vero</strong></span> <span class='ocrx_word' id='word_1_198' title='bbox 2209 1338 2322 1389; x_wconf 78' lang='lat' dir='ltr'><strong>lucc</strong></span> <span class='ocrx_word' id='word_1_199' title='bbox 2360 1337 2683 1408; x_wconf 83' lang='lat' dir='ltr'><strong>intelligens,</strong></span> <span class='ocrx_word' id='word_1_200' title='bbox 2717 1339 2783 1393; x_wconf 91' lang='lat' dir='ltr'><strong>ad</strong></span> <span class='ocrx_word' id='word_1_201' title='bbox 2814 1352 3016 1408; x_wconf 87' lang='lat' dir='ltr'><strong>partem</strong></span> <span class='ocrx_word' id='word_1_202' title='bbox 3052 1358 3109 1396; x_wconf 86' lang='lat' dir='ltr'><strong>se</strong></span> <span class='ocrx_word' id='word_1_203' title='bbox 3155 1345 3355 1412; x_wconf 87' lang='lat' dir='ltr'><strong>itnpera</strong></span> 
     </span>
    </p>
   </div>
   <div class='ocr_carea' id='block_1_28' title="bbox 1806 1424 3383 1502">
    <p class='ocr_par' dir='ltr' id='par_1_28' title="bbox 1806 1424 3383 1502">
     <span class='ocr_line' id='line_1_28' title="bbox 1806 1424 3383 1502; baseline 0.006 -25"><span class='ocrx_word' id='word_1_204' title='bbox 1806 1425 1936 1478; x_wconf 88' lang='lat' dir='ltr'><strong>toris</strong></span> <span class='ocrx_word' id='word_1_205' title='bbox 1965 1424 2159 1494; x_wconf 77' lang='lat' dir='ltr'><strong>jungit,</strong></span> <span class='ocrx_word' id='word_1_206' title='bbox 2194 1427 2365 1496; x_wconf 87' lang='lat' dir='ltr'><strong>ligans</strong></span> <span class='ocrx_word' id='word_1_207' title='bbox 2394 1443 2515 1481; x_wconf 91' lang='lat' dir='ltr'><strong>cum</strong></span> <span class='ocrx_word' id='word_1_208' title='bbox 2547 1430 2796 1495; x_wconf 72' lang='lat' dir='ltr'><strong>pmfecto</strong></span> <span class='ocrx_word' id='word_1_209' title='bbox 2837 1430 2996 1502; x_wconf 58' lang='lat'><strong>2&amp;9</strong></span> <span class='ocrx_word' id='word_1_210' title='bbox 3037 1434 3154 1501; x_wconf 73' lang='lat' dir='ltr'><strong>ejus</strong></span> <span class='ocrx_word' id='word_1_211' title='bbox 3198 1437 3383 1487; x_wconf 78' lang='lat' dir='ltr'><strong>amici-</strong></span> 
     </span>
    </p>
   </div>
   <div class='ocr_carea' id='block_1_29' title="bbox 1807 1516 3381 1591">
    <p class='ocr_par' dir='ltr' id='par_1_29' title="bbox 1807 1516 3381 1591">
     <span class='ocr_line' id='line_1_29' title="bbox 1807 1516 3381 1591; baseline 0.008 -24"><span class='ocrx_word' id='word_1_212' title='bbox 1807 1516 1929 1582; x_wconf 86' lang='lat' dir='ltr'><strong>tias,</strong></span> <span class='ocrx_word' id='word_1_213' title='bbox 1963 1516 2053 1585; x_wconf 85' lang='lat' dir='ltr'><strong>qui</strong></span> <span class='ocrx_word' id='word_1_214' title='bbox 2099 1525 2224 1572; x_wconf 91' lang='lat' dir='ltr'><strong>tuuc</strong></span> <span class='ocrx_word' id='word_1_215' title='bbox 2256 1518 2561 1586; x_wconf 78' lang='lat' dir='ltr'><strong>HiSpaniam</strong></span> <span class='ocrx_word' id='word_1_216' title='bbox 2612 1521 2972 1591; x_wconf 66' lang='lat' dir='ltr'><strong>impugna‘liat.</strong></span> <span class='ocrx_word' id='word_1_217' title='bbox 3009 1524 3311 1580; x_wconf 87' lang='lat' dir='ltr'><strong>Leuvichild</strong></span> <span class='ocrx_word' id='word_1_218' title='bbox 3340 1542 3381 1580; x_wconf 52' lang='lat' dir='ltr'><strong>is</strong></span> 
     </span>
    </p>
   </div>
   <div class='ocr_carea' id='block_1_30' title="bbox 1802 1606 3380 1683">
    <p class='ocr_par' dir='ltr' id='par_1_30' title="bbox 1802 1606 3380 1683">
     <span class='ocr_line' id='line_1_30' title="bbox 1802 1606 3380 1683; baseline 0.01 -26"><span class='ocrx_word' id='word_1_219' title='bbox 1802 1615 1981 1660; x_wconf 88' lang='lat' dir='ltr'><strong>autem</strong></span> <span class='ocrx_word' id='word_1_220' title='bbox 2018 1606 2299 1661; x_wconf 76' lang='lat' dir='ltr'><strong>direxitad</strong></span> <span class='ocrx_word' id='word_1_221' title='bbox 2329 1624 2449 1662; x_wconf 88' lang='lat' dir='ltr'><strong>eum</strong></span> <span class='ocrx_word' id='word_1_222' title='bbox 2479 1611 2713 1677; x_wconf 89' lang='lat' dir='ltr'><strong>nuntios,</strong></span> <span class='ocrx_word' id='word_1_223' title='bbox 2747 1613 2968 1668; x_wconf 87' lang='lat' dir='ltr'><strong>dicens:</strong></span> <span class='ocrx_word' id='word_1_224' title='bbox 3000 1614 3132 1669; x_wconf 82' lang='lat' dir='ltr'><strong>Veni</strong></span> <span class='ocrx_word' id='word_1_225' title='bbox 3175 1618 3239 1669; x_wconf 89' lang='lat' dir='ltr'><strong>ad</strong></span> <span class='ocrx_word' id='word_1_226' title='bbox 3273 1633 3380 1683; x_wconf 88' lang='lat' dir='ltr'><strong>me,</strong></span> 
     </span>
    </p>
   </div>
   <div class='ocr_carea' id='block_1_31' title="bbox 1802 1694 3372 1766">
    <p class='ocr_par' dir='ltr' id='par_1_31' title="bbox 1802 1694 3372 1766">
     <span class='ocr_line' id='line_1_31' title="bbox 1802 1694 3372 1766; baseline 0.011 -20"><span class='ocrx_word' id='word_1_227' title='bbox 1802 1694 1922 1762; x_wconf 89' lang='lat' dir='ltr'><strong>quia</strong></span> <span class='ocrx_word' id='word_1_228' title='bbox 1946 1703 2157 1748; x_wconf 86' lang='lat' dir='ltr'><strong>exstant</strong></span> <span class='ocrx_word' id='word_1_229' title='bbox 2182 1710 2359 1749; x_wconf 72' lang='lat' dir='ltr'><strong>causa:</strong></span> <span class='ocrx_word' id='word_1_230' title='bbox 2383 1712 2514 1766; x_wconf 88' lang='lat' dir='ltr'><strong>quas</strong></span> <span class='ocrx_word' id='word_1_231' title='bbox 2538 1698 2876 1755; x_wconf 80' lang='lat' dir='ltr'><strong>conferamus</strong></span> <span class='ocrx_word' id='word_1_232' title='bbox 2903 1703 3083 1757; x_wconf 90' lang='lat' dir='ltr'><strong>simul.</strong></span> <span class='ocrx_word' id='word_1_233' title='bbox 3120 1706 3184 1759; x_wconf 88' lang='lat' dir='ltr'><strong>Et</strong></span> <span class='ocrx_word' id='word_1_234' title='bbox 3220 1708 3309 1762; x_wconf 89' lang='lat' dir='ltr'><strong>ille</strong></span> <span class='ocrx_word' id='word_1_235' title='bbox 3358 1725 3372 1763; x_wconf 92' lang='lat'>:</span> 
     </span>
    </p>
   </div>
   <div class='ocr_carea' id='block_1_32' title="bbox 151 1783 1697 1866">
    <p class='ocr_par' dir='ltr' id='par_1_32' title="bbox 151 1792 1697 1864">
     <span class='ocr_line' id='line_1_32' title="bbox 151 1792 1697 1864; baseline 0.004 -17"><span class='ocrx_word' id='word_1_236' title='bbox 151 1792 339 1847; x_wconf 75' lang='lat' dir='ltr'><strong>cbildid</strong></span> <span class='ocrx_word' id='word_1_237' title='bbox 382 1795 524 1862; x_wconf 86' lang='lat' dir='ltr'><strong>regis</strong></span> <span class='ocrx_word' id='word_1_238' title='bbox 571 1793 893 1848; x_wconf 87' lang='lat' dir='ltr'><strong>connubium</strong></span> <span class='ocrx_word' id='word_1_239' title='bbox 937 1810 1027 1848; x_wconf 86' lang='lat' dir='ltr'><strong>rex</strong></span> <span class='ocrx_word' id='word_1_240' title='bbox 1072 1794 1443 1850; x_wconf 83' lang='lat' dir='ltr'><strong>Leuvicliildus</strong></span> <span class='ocrx_word' id='word_1_241' title='bbox 1482 1814 1697 1864; x_wconf 85' lang='lat' dir='ltr'><strong>accepe-</strong></span> 
     </span>
    </p>
   </div>
   <div class='ocr_carea' id='block_1_33' title="bbox 1805 1783 3379 1866">
    <p class='ocr_par' dir='ltr' id='par_1_33' title="bbox 1806 1783 3379 1866">
     <span class='ocr_line' id='line_1_33' title="bbox 1806 1783 3379 1866; baseline 0.009 -29"><span class='ocrx_word' id='word_1_242' title='bbox 1806 1784 1918 1838; x_wconf 86' lang='lat' dir='ltr'><strong>Nou</strong></span> <span class='ocrx_word' id='word_1_243' title='bbox 1948 1783 2056 1850; x_wconf 87' lang='lat' dir='ltr'><strong>ibo,</strong></span> <span class='ocrx_word' id='word_1_244' title='bbox 2085 1786 2207 1854; x_wconf 83' lang='lat' dir='ltr'><strong>quia</strong></span> <span class='ocrx_word' id='word_1_245' title='bbox 2252 1786 2493 1842; x_wconf 87' lang='lat' dir='ltr'><strong>infensus</strong></span> <span class='ocrx_word' id='word_1_246' title='bbox 2522 1804 2581 1843; x_wconf 91' lang='lat' dir='ltr'><strong>es</strong></span> <span class='ocrx_word' id='word_1_247' title='bbox 2613 1788 2813 1861; x_wconf 71' lang='grc' dir='ltr'><strong>[δαείη.</strong></span> <span class='ocrx_word' id='word_1_248' title='bbox 2850 1792 2952 1864; x_wconf 91' lang='lat' dir='ltr'><strong>est]</strong></span> <span class='ocrx_word' id='word_1_249' title='bbox 2991 1795 3141 1861; x_wconf 85' lang='lat' dir='ltr'><strong>mihi,</strong></span> <span class='ocrx_word' id='word_1_250' title='bbox 3174 1813 3273 1866; x_wconf 87' lang='lat' dir='ltr'><strong>pro</strong></span> <span class='ocrx_word' id='word_1_251' title='bbox 3313 1818 3379 1853; x_wconf 84' lang='lat' dir='ltr'><strong>eo</strong></span> 
     </span>
    </p>
   </div>
   <div class='ocr_carea' id='block_1_34' title="bbox 155 1884 1699 1955">
    <p class='ocr_par' dir='ltr' id='par_1_34' title="bbox 155 1884 1699 1955">
     <span class='ocr_line' id='line_1_34' title="bbox 155 1884 1699 1955; baseline 0.003 -15"><span class='ocrx_word' id='word_1_252' title='bbox 155 1898 253 1952; x_wconf 84' lang='lat' dir='ltr'><strong>rat;</strong></span> <span class='ocrx_word' id='word_1_253' title='bbox 279 1888 366 1941; x_wconf 82' lang='lat' dir='ltr'><strong>sed</strong></span> <span class='ocrx_word' id='word_1_254' title='bbox 396 1902 518 1955; x_wconf 75' lang='lat' dir='ltr'><strong>quae</strong></span> <span class='ocrx_word' id='word_1_255' title='bbox 549 1884 640 1941; x_wconf 86' lang='lat' dir='ltr'><strong>Dei</strong></span> <span class='ocrx_word' id='word_1_256' title='bbox 683 1888 853 1942; x_wconf 88' lang='lat' dir='ltr'><strong>servis</strong></span> <span class='ocrx_word' id='word_1_257' title='bbox 884 1897 1060 1940; x_wconf 83' lang='lat' dir='ltr'><strong>notam</strong></span> <span class='ocrx_word' id='word_1_258' title='bbox 1086 1896 1110 1924; x_wconf 74' lang='grc' dir='ltr'><strong>ο</strong></span> <span class='ocrx_word' id='word_1_259' title='bbox 1139 1886 1450 1941; x_wconf 85' lang='lat' dir='ltr'><strong>humilitatis</strong></span> <span class='ocrx_word' id='word_1_260' title='bbox 1494 1890 1699 1945; x_wconf 75' lang='lat' dir='ltr'><strong>inflixe-</strong></span> 
     </span>
    </p>
   </div>
   <div class='ocr_carea' id='block_1_35' title="bbox 147 1978 1702 2049">
    <p class='ocr_par' dir='ltr' id='par_1_35' title="bbox 147 1978 1702 2049">
     <span class='ocr_line' id='line_1_35' title="bbox 147 1978 1702 2049; baseline -0.001 -15"><span class='ocrx_word' id='word_1_261' title='bbox 147 1990 237 2041; x_wconf 81' lang='lat' dir='ltr'><strong>rat,</strong></span> <span class='ocrx_word' id='word_1_262' title='bbox 281 1990 633 2049; x_wconf 87' lang='lat' dir='ltr'><strong>prosequente</strong></span> <span class='ocrx_word' id='word_1_263' title='bbox 682 1978 883 2033; x_wconf 89' lang='lat' dir='ltr'><strong>ultione</strong></span> <span class='ocrx_word' id='word_1_264' title='bbox 927 1979 1147 2040; x_wconf 85' lang='lat' dir='ltr'><strong>divina,</strong></span> <span class='ocrx_word' id='word_1_265' title='bbox 1198 1980 1309 2046; x_wconf 88' lang='lat' dir='ltr'><strong>ipsa</strong></span> <span class='ocrx_word' id='word_1_266' title='bbox 1360 1996 1569 2049; x_wconf 86' lang='lat' dir='ltr'><strong>quoque</strong></span> <span class='ocrx_word' id='word_1_267' title='bbox 1619 1990 1702 2033; x_wconf 90' lang='lat' dir='ltr'><strong>est</strong></span> 
     </span>
    </p>
   </div>
   <div class='ocr_carea' id='block_1_36' title="bbox 146 2070 1696 2138">
    <p class='ocr_par' dir='ltr' id='par_1_36' title="bbox 146 2070 1696 2138">
     <span class='ocr_line' id='line_1_36' title="bbox 146 2070 1696 2138; baseline 0.001 -15"><span class='ocrx_word' id='word_1_268' title='bbox 146 2072 373 2126; x_wconf 88' lang='lat' dir='ltr'><strong>omnibus</strong></span> <span class='ocrx_word' id='word_1_269' title='bbox 405 2073 619 2138; x_wconf 81' lang='lat' dir='ltr'><strong>populis</strong></span> <span class='ocrx_word' id='word_1_270' title='bbox 651 2070 787 2125; x_wconf 85' lang='lat' dir='ltr'><strong>facta</strong></span> <span class='ocrx_word' id='word_1_271' title='bbox 829 2071 1096 2125; x_wconf 89' lang='lat' dir='ltr'><strong>notabilis.</strong></span> <span class='ocrx_word' id='word_1_272' title='bbox 1137 2070 1265 2124; x_wconf 89' lang='lat' dir='ltr'><strong>Nam</strong></span> <span class='ocrx_word' id='word_1_273' title='bbox 1296 2086 1456 2123; x_wconf 90' lang='lat' dir='ltr'><strong>unum</strong></span> <span class='ocrx_word' id='word_1_274' title='bbox 1486 2073 1696 2129; x_wconf 89' lang='lat' dir='ltr'><strong>oculum</strong></span> 
     </span>
    </p>
   </div>
   <div class='ocr_carea' id='block_1_37' title="bbox 144 2160 1698 2232">
    <p class='ocr_par' dir='ltr' id='par_1_37' title="bbox 144 2160 1698 2232">
     <span class='ocr_line' id='line_1_37' title="bbox 144 2160 1698 2232; baseline 0.001 -19"><span class='ocrx_word' id='word_1_275' title='bbox 144 2162 287 2215; x_wconf 84' lang='lat' dir='ltr'><strong>nubes</strong></span> <span class='ocrx_word' id='word_1_276' title='bbox 314 2160 477 2232; x_wconf 62' lang='grc'><strong>248</strong></span> <span class='ocrx_word' id='word_1_277' title='bbox 501 2160 621 2213; x_wconf 89' lang='lat' dir='ltr'><strong>alba</strong></span> <span class='ocrx_word' id='word_1_278' title='bbox 666 2170 983 2225; x_wconf 79' lang='lat' dir='ltr'><strong>contegens,</strong></span> <span class='ocrx_word' id='word_1_279' title='bbox 1018 2160 1193 2215; x_wconf 88' lang='lat' dir='ltr'><strong>lumen</strong></span> <span class='ocrx_word' id='word_1_280' title='bbox 1222 2161 1361 2229; x_wconf 90' lang='lat' dir='ltr'><strong>quod</strong></span> <span class='ocrx_word' id='word_1_281' title='bbox 1401 2175 1548 2214; x_wconf 88' lang='lat' dir='ltr'><strong>mens</strong></span> <span class='ocrx_word' id='word_1_282' title='bbox 1593 2177 1698 2215; x_wconf 91' lang='lat' dir='ltr'><strong>non</strong></span> 
     </span>
    </p>
   </div>
   <div class='ocr_carea' id='block_1_38' title="bbox 143 2250 1700 2321">
    <p class='ocr_par' dir='ltr' id='par_1_38' title="bbox 143 2250 1700 2321">
     <span class='ocr_line' id='line_1_38' title="bbox 143 2250 1700 2321; baseline 0 -16"><span class='ocrx_word' id='word_1_283' title='bbox 143 2254 367 2316; x_wconf 57' lang='lat' dir='ltr'><strong>habetat,</strong></span> <span class='ocrx_word' id='word_1_284' title='bbox 415 2254 619 2321; x_wconf 84' lang='lat' dir='ltr'><strong>pepulit</strong></span> <span class='ocrx_word' id='word_1_285' title='bbox 674 2267 703 2304; x_wconf 91' lang='lat' dir='ltr'><strong>a</strong></span> <span class='ocrx_word' id='word_1_286' title='bbox 753 2253 1035 2320; x_wconf 84' lang='lat' dir='ltr'><strong>palpebris.</strong></span> <span class='ocrx_word' id='word_1_287' title='bbox 1088 2252 1250 2304; x_wconf 88' lang='lat' dir='ltr'><strong>Erant</strong></span> <span class='ocrx_word' id='word_1_288' title='bbox 1282 2263 1460 2304; x_wconf 84' lang='lat' dir='ltr'><strong>autem</strong></span> <span class='ocrx_word' id='word_1_289' title='bbox 1505 2250 1700 2307; x_wconf 90' lang='lat' dir='ltr'><strong>Leuvi-</strong></span> 
     </span>
    </p>
   </div>
   <div class='ocr_carea' id='block_1_39' title="bbox 141 2345 1698 2415">
    <p class='ocr_par' dir='ltr' id='par_1_39' title="bbox 141 2345 1698 2415">
     <span class='ocr_line' id='line_1_39' title="bbox 141 2345 1698 2415; baseline 0.001 -17"><span class='ocrx_word' id='word_1_290' title='bbox 141 2347 430 2415; x_wconf 75' lang='lat' dir='ltr'><strong>cbilduregi</strong></span> <span class='ocrx_word' id='word_1_291' title='bbox 479 2362 544 2398; x_wconf 86' lang='lat' dir='ltr'><strong>ex</strong></span> <span class='ocrx_word' id='word_1_292' title='bbox 594 2346 699 2399; x_wconf 89' lang='lat' dir='ltr'><strong>alia</strong></span> <span class='ocrx_word' id='word_1_293' title='bbox 747 2360 910 2398; x_wconf 80' lang='lat' dir='ltr'><strong>uxore</strong></span> <span class='ocrx_word' id='word_1_294' title='bbox 948 2345 1056 2399; x_wconf 87' lang='lat' dir='ltr'><strong>duo</strong></span> <span class='ocrx_word' id='word_1_295' title='bbox 1102 2346 1215 2407; x_wconf 82' lang='lat' dir='ltr'><strong>filii,</strong></span> <span class='ocrx_word' id='word_1_296' title='bbox 1249 2360 1475 2413; x_wconf 91' lang='lat' dir='ltr'><strong>quorum</strong></span> <span class='ocrx_word' id='word_1_297' title='bbox 1517 2347 1698 2399; x_wconf 82' lang='lat' dir='ltr'><strong>senior</strong></span> 
     </span>
    </p>
   </div>
   <div class='ocr_carea' id='block_1_40' title="bbox 143 2437 1694 2508">
    <p class='ocr_par' dir='ltr' id='par_1_40' title="bbox 143 2437 1694 2508">
     <span class='ocr_line' id='line_1_40' title="bbox 143 2437 1694 2508; baseline 0 -16"><span class='ocrx_word' id='word_1_298' title='bbox 143 2440 391 2508; x_wconf 83' lang='lat' dir='ltr'><strong>Sigiberti,</strong></span> <span class='ocrx_word' id='word_1_299' title='bbox 422 2440 607 2507; x_wconf 86' lang='lat' dir='ltr'><strong>juuiur</strong></span> <span class='ocrx_word' id='word_1_300' title='bbox 630 2437 916 2505; x_wconf 86' lang='lat' dir='ltr'><strong>Cliilperici</strong></span> <span class='ocrx_word' id='word_1_301' title='bbox 956 2438 1096 2507; x_wconf 79' lang='lat' dir='ltr'><strong>regis</strong></span> <span class='ocrx_word' id='word_1_302' title='bbox 1130 2437 1289 2490; x_wconf 87' lang='lat' dir='ltr'><strong>filiam</strong></span> <span class='ocrx_word' id='word_1_303' title='bbox 1332 2438 1694 2506; x_wconf 77' lang='lat' dir='ltr'><strong>desponsave—</strong></span> 
     </span>
    </p>
   </div>
   <div class='ocr_carea' id='block_1_41' title="bbox 148 2524 1696 2597">
    <p class='ocr_par' dir='ltr' id='par_1_41' title="bbox 148 2524 1696 2597">
     <span class='ocr_line' id='line_1_41' title="bbox 148 2524 1696 2597; baseline 0 -17"><span class='ocrx_word' id='word_1_304' title='bbox 148 2540 224 2581; x_wconf 85' lang='lat' dir='ltr'><strong>rat.</strong></span> <span class='ocrx_word' id='word_1_305' title='bbox 272 2529 373 2583; x_wconf 85' lang='lat' dir='ltr'><strong>Sed</strong></span> <span class='ocrx_word' id='word_1_306' title='bbox 426 2527 684 2597; x_wconf 83' lang='lat' dir='ltr'><strong>lngundis</strong></span> <span class='ocrx_word' id='word_1_307' title='bbox 714 2526 965 2595; x_wconf 79' lang='lat' dir='ltr'><strong>Sigiberti</strong></span> <span class='ocrx_word' id='word_1_308' title='bbox 1014 2526 1152 2597; x_wconf 85' lang='lat' dir='ltr'><strong>regis</strong></span> <span class='ocrx_word' id='word_1_309' title='bbox 1184 2524 1291 2578; x_wconf 86' lang='lat' dir='ltr'><strong>ﬁlia</strong></span> <span class='ocrx_word' id='word_1_310' title='bbox 1335 2540 1454 2579; x_wconf 91' lang='lat' dir='ltr'><strong>cum</strong></span> <span class='ocrx_word' id='word_1_311' title='bbox 1506 2541 1696 2594; x_wconf 79' lang='lat' dir='ltr'><strong>magno</strong></span> 
     </span>
    </p>
   </div>
   <div class='ocr_carea' id='block_1_42' title="bbox 142 2615 1695 2689">
    <p class='ocr_par' dir='ltr' id='par_1_42' title="bbox 142 2615 1695 2689">
     <span class='ocr_line' id='line_1_42' title="bbox 142 2615 1695 2689; baseline -0.001 -18"><span class='ocrx_word' id='word_1_312' title='bbox 142 2632 367 2689; x_wconf 81' lang='lat' dir='ltr'><strong>apparatu</strong></span> <span class='ocrx_word' id='word_1_313' title='bbox 417 2622 469 2674; x_wconf 88' lang='lat' dir='ltr'><strong>iti</strong></span> <span class='ocrx_word' id='word_1_314' title='bbox 522 2619 809 2687; x_wconf 59' lang='lat' dir='ltr'><strong>Hispanias</strong></span> <span class='ocrx_word' id='word_1_315' title='bbox 839 2617 1064 2681; x_wconf 90' lang='lat' dir='ltr'><strong>directa,</strong></span> <span class='ocrx_word' id='word_1_316' title='bbox 1109 2619 1177 2671; x_wconf 88' lang='lat' dir='ltr'><strong>ab</strong></span> <span class='ocrx_word' id='word_1_317' title='bbox 1222 2618 1337 2670; x_wconf 88' lang='lat' dir='ltr'><strong>avia</strong></span> <span class='ocrx_word' id='word_1_318' title='bbox 1386 2615 1695 2671; x_wconf 86' lang='lat' dir='ltr'><strong>Goisvintha</strong></span> 
     </span>
    </p>
   </div>
   <div class='ocr_carea' id='block_1_43' title="bbox 136 2709 1697 2781">
    <p class='ocr_par' dir='ltr' id='par_1_43' title="bbox 136 2709 1697 2781">
     <span class='ocr_line' id='line_1_43' title="bbox 136 2709 1697 2781; baseline 0.001 -19"><span class='ocrx_word' id='word_1_319' title='bbox 136 2724 235 2763; x_wconf 79' lang='lat' dir='ltr'><strong>cum</strong></span> <span class='ocrx_word' id='word_1_320' title='bbox 268 2712 461 2781; x_wconf 83' lang='lat' dir='ltr'><strong>gaudio</strong></span> <span class='ocrx_word' id='word_1_321' title='bbox 498 2725 693 2777; x_wconf 84' lang='lat' dir='ltr'><strong>magno</strong></span> <span class='ocrx_word' id='word_1_322' title='bbox 735 2709 1053 2776; x_wconf 61' lang='lat' dir='ltr'><strong>suscipitur;</strong></span> <span class='ocrx_word' id='word_1_323' title='bbox 1086 2723 1242 2777; x_wconf 88' lang='lat' dir='ltr'><strong>quam</strong></span> <span class='ocrx_word' id='word_1_324' title='bbox 1287 2723 1385 2762; x_wconf 91' lang='lat' dir='ltr'><strong>nec</strong></span> <span class='ocrx_word' id='word_1_325' title='bbox 1428 2723 1580 2777; x_wconf 89' lang='lat' dir='ltr'><strong>passa</strong></span> <span class='ocrx_word' id='word_1_326' title='bbox 1613 2718 1697 2763; x_wconf 87' lang='lat' dir='ltr'><strong>est</strong></span> 
     </span>
    </p>
   </div>
   <div class='ocr_carea' id='block_1_44' title="bbox 136 2800 1695 2885">
    <p class='ocr_par' dir='ltr' id='par_1_44' title="bbox 136 2800 1695 2885">
     <span class='ocr_line' id='line_1_44' title="bbox 136 2800 1695 2885; baseline 0.001 -30"><span class='ocrx_word' id='word_1_327' title='bbox 136 2800 176 2855; x_wconf 83' lang='lat' dir='ltr'><strong>in</strong></span> <span class='ocrx_word' id='word_1_328' title='bbox 214 2805 474 2875; x_wconf 78' lang='lat' dir='ltr'><strong>religione</strong></span> <span class='ocrx_word' id='word_1_329' title='bbox 512 2803 772 2857; x_wconf 83' lang='lat' dir='ltr'><strong>catholica</strong></span> <span class='ocrx_word' id='word_1_330' title='bbox 802 2801 891 2855; x_wconf 91' lang='lat' dir='ltr'><strong>diu</strong></span> <span class='ocrx_word' id='word_1_331' title='bbox 937 2801 1281 2885; x_wconf 74' lang='lat' dir='ltr'><strong>commorari,</strong></span> <span class='ocrx_word' id='word_1_332' title='bbox 1325 2802 1417 2855; x_wconf 91' lang='lat' dir='ltr'><strong>sed</strong></span> <span class='ocrx_word' id='word_1_333' title='bbox 1444 2810 1499 2855; x_wconf 90' lang='lat' dir='ltr'><strong>ut</strong></span> <span class='ocrx_word' id='word_1_334' title='bbox 1538 2801 1695 2856; x_wconf 88' lang='lat' dir='ltr'><strong>reba-</strong></span> 
     </span>
    </p>
   </div>
   <div class='ocr_carea' id='block_1_45' title="bbox 133 2893 1695 2962">
    <p class='ocr_par' dir='ltr' id='par_1_45' title="bbox 133 2893 1695 2962">
     <span class='ocr_line' id='line_1_45' title="bbox 133 2893 1695 2962; baseline 0.001 -16"><span class='ocrx_word' id='word_1_335' title='bbox 133 2894 403 2960; x_wconf 76' lang='lat' dir='ltr'><strong>ptizaretur</strong></span> <span class='ocrx_word' id='word_1_336' title='bbox 450 2895 503 2948; x_wconf 91' lang='lat' dir='ltr'><strong>in</strong></span> <span class='ocrx_word' id='word_1_337' title='bbox 552 2893 745 2947; x_wconf 82' lang='lat' dir='ltr'><strong>Ari-na</strong></span> <span class='ocrx_word' id='word_1_338' title='bbox 798 2893 990 2947; x_wconf 68' lang='lat' dir='ltr'><strong>haeresi</strong></span> <span class='ocrx_word' id='word_1_339' title='bbox 1032 2893 1242 2946; x_wconf 85' lang='lat' dir='ltr'><strong>blandis</strong></span> <span class='ocrx_word' id='word_1_340' title='bbox 1283 2893 1445 2962; x_wconf 67' lang='lat' dir='ltr'><strong>cmpit</strong></span> <span class='ocrx_word' id='word_1_341' title='bbox 1486 2910 1695 2948; x_wconf 83' lang='lat' dir='ltr'><strong>sermo-</strong></span> 
     </span>
    </p>
   </div>
   <div class='ocr_carea' id='block_1_46' title="bbox 131 2985 1695 3055">
    <p class='ocr_par' dir='ltr' id='par_1_46' title="bbox 131 2985 1695 3055">
     <span class='ocr_line' id='line_1_46' title="bbox 131 2985 1695 3055; baseline 0 -17"><span class='ocrx_word' id='word_1_342' title='bbox 131 2988 267 3041; x_wconf 85' lang='lat' dir='ltr'><strong>nibus</strong></span> <span class='ocrx_word' id='word_1_343' title='bbox 296 2988 527 3042; x_wconf 73' lang='lat' dir='ltr'><strong>illirere.</strong></span> <span class='ocrx_word' id='word_1_344' title='bbox 559 2986 664 3041; x_wconf 87' lang='lat' dir='ltr'><strong>Sed</strong></span> <span class='ocrx_word' id='word_1_345' title='bbox 695 2986 785 3040; x_wconf 91' lang='lat' dir='ltr'><strong>illa</strong></span> <span class='ocrx_word' id='word_1_346' title='bbox 818 2986 1045 3039; x_wconf 88' lang='lat' dir='ltr'><strong>viriliter</strong></span> <span class='ocrx_word' id='word_1_347' title='bbox 1094 2985 1382 3050; x_wconf 89' lang='lat' dir='ltr'><strong>reluctans,</strong></span> <span class='ocrx_word' id='word_1_348' title='bbox 1424 2990 1587 3055; x_wconf 74' lang='lat' dir='ltr'><strong>cmpit</strong></span> <span class='ocrx_word' id='word_1_349' title='bbox 1615 2986 1695 3039; x_wconf 90' lang='lat' dir='ltr'><strong>di-</strong></span> 
     </span>
    </p>
   </div>
   <div class='ocr_carea' id='block_1_47' title="bbox 128 3078 1695 3147">
    <p class='ocr_par' dir='ltr' id='par_1_47' title="bbox 128 3078 1695 3147">
     <span class='ocr_line' id='line_1_47' title="bbox 128 3078 1695 3147; baseline -0.001 -14"><span class='ocrx_word' id='word_1_350' title='bbox 128 3094 232 3135; x_wconf 76' lang='lat' dir='ltr'><strong>cere</strong></span> <span class='ocrx_word' id='word_1_351' title='bbox 258 3098 269 3132; x_wconf 91' lang='lat'>:</span> <span class='ocrx_word' id='word_1_352' title='bbox 303 3081 517 3135; x_wconf 78' lang='lat' dir='ltr'><strong>Snilicit</strong></span> <span class='ocrx_word' id='word_1_353' title='bbox 548 3079 680 3133; x_wconf 84' lang='lat' dir='ltr'><strong>satis</strong></span> <span class='ocrx_word' id='word_1_354' title='bbox 704 3094 786 3131; x_wconf 86' lang='lat' dir='ltr'><strong>uie</strong></span> <span class='ocrx_word' id='word_1_355' title='bbox 817 3078 883 3131; x_wconf 87' lang='lat' dir='ltr'><strong>ab</strong></span> <span class='ocrx_word' id='word_1_356' title='bbox 905 3079 1149 3147; x_wconf 79' lang='lat' dir='ltr'><strong>originali</strong></span> <span class='ocrx_word' id='word_1_357' title='bbox 1184 3086 1402 3143; x_wconf 80' lang='lat' dir='ltr'><strong>pet-cato</strong></span> <span class='ocrx_word' id='word_1_358' title='bbox 1431 3078 1695 3144; x_wconf 67' lang='lat' dir='ltr'><strong>baptismo</strong></span> 
     </span>
    </p>
   </div>
   <div class='ocr_carea' id='block_1_48' title="bbox 1806 1879 3379 1958">
    <p class='ocr_par' dir='ltr' id='par_1_48' title="bbox 1806 1879 3379 1958">
     <span class='ocr_line' id='line_1_48' title="bbox 1806 1879 3379 1958; baseline 0.006 -28"><span class='ocrx_word' id='word_1_359' title='bbox 1806 1879 1947 1946; x_wconf 89' lang='lat' dir='ltr'><strong>quod</strong></span> <span class='ocrx_word' id='word_1_360' title='bbox 1975 1880 2076 1933; x_wconf 90' lang='lat' dir='ltr'><strong>sim</strong></span> <span class='ocrx_word' id='word_1_361' title='bbox 2108 1880 2420 1933; x_wconf 87' lang='lat' dir='ltr'><strong>catholicus.</strong></span> <span class='ocrx_word' id='word_1_362' title='bbox 2452 1881 2632 1937; x_wconf 82' lang='lat' dir='ltr'><strong>Atille</strong></span> <span class='ocrx_word' id='word_1_363' title='bbox 2654 1883 2790 1937; x_wconf 88' lang='lat' dir='ltr'><strong>datis</strong></span> <span class='ocrx_word' id='word_1_364' title='bbox 2820 1888 3067 1954; x_wconf 55' lang='lat' dir='ltr'><strong>praefecto</strong></span> <span class='ocrx_word' id='word_1_365' title='bbox 3091 1891 3379 1958; x_wconf 77' lang='lat' dir='ltr'><strong>imperato-</strong></span> 
     </span>
    </p>
   </div>
   <div class='ocr_carea' id='block_1_49' title="bbox 1806 1971 3378 2049">
    <p class='ocr_par' dir='ltr' id='par_1_49' title="bbox 1806 1971 3378 2049">
     <span class='ocr_line' id='line_1_49' title="bbox 1806 1971 3378 2049; baseline 0.006 -26"><span class='ocrx_word' id='word_1_366' title='bbox 1806 1973 1880 2024; x_wconf 87' lang='lat' dir='ltr'><strong>ris</strong></span> <span class='ocrx_word' id='word_1_367' title='bbox 1914 1971 2129 2040; x_wconf 77' lang='lat' dir='ltr'><strong>triginta</strong></span> <span class='ocrx_word' id='word_1_368' title='bbox 2162 1971 2401 2026; x_wconf 90' lang='lat' dir='ltr'><strong>millibus</strong></span> <span class='ocrx_word' id='word_1_369' title='bbox 2431 1975 2745 2040; x_wconf 88' lang='lat' dir='ltr'><strong>solidorum,</strong></span> <span class='ocrx_word' id='word_1_370' title='bbox 2772 1987 2829 2029; x_wconf 92' lang='lat' dir='ltr'><strong>ut</strong></span> <span class='ocrx_word' id='word_1_371' title='bbox 2867 1992 2926 2032; x_wconf 87' lang='lat' dir='ltr'><strong>se</strong></span> <span class='ocrx_word' id='word_1_372' title='bbox 2948 1980 3016 2033; x_wconf 90' lang='lat' dir='ltr'><strong>ab</strong></span> <span class='ocrx_word' id='word_1_373' title='bbox 3042 1982 3157 2049; x_wconf 83' lang='lat' dir='ltr'><strong>ejus</strong></span> <span class='ocrx_word' id='word_1_374' title='bbox 3188 1982 3378 2036; x_wconf 76' lang='lat' dir='ltr'><strong>solatio</strong></span> 
     </span>
    </p>
   </div>
   <div class='ocr_carea' id='block_1_50' title="bbox 1808 2060 3375 2133">
    <p class='ocr_par' dir='ltr' id='par_1_50' title="bbox 1808 2060 3375 2133">
     <span class='ocr_line' id='line_1_50' title="bbox 1808 2060 3375 2133; baseline 0.009 -20"><span class='ocrx_word' id='word_1_375' title='bbox 1808 2060 1906 2133; x_wconf 75' lang='lat' dir='ltr'><strong>Ut.</strong></span> <span class='ocrx_word' id='word_1_376' title='bbox 1931 2062 2151 2133; x_wconf 82' lang='lat' dir='ltr'><strong>auxilio]</strong></span> <span class='ocrx_word' id='word_1_377' title='bbox 2178 2074 2456 2118; x_wconf 89' lang='lat' dir='ltr'><strong>revocaret</strong></span> <span class='ocrx_word' id='word_1_378' title='bbox 2480 2076 2746 2121; x_wconf 90' lang='lat' dir='ltr'><strong>commoto</strong></span> <span class='ocrx_word' id='word_1_379' title='bbox 2761 2070 3018 2133; x_wconf 79' lang='lat' dir='ltr'><strong>exercitu,</strong></span> <span class='ocrx_word' id='word_1_380' title='bbox 3045 2083 3226 2125; x_wconf 91' lang='lat' dir='ltr'><strong>contra</strong></span> <span class='ocrx_word' id='word_1_381' title='bbox 3252 2091 3375 2128; x_wconf 92' lang='lat' dir='ltr'><strong>eum</strong></span> 
     </span>
    </p>
   </div>
   <div class='ocr_carea' id='block_1_51' title="bbox 1802 2152 3369 2229">
    <p class='ocr_par' dir='ltr' id='par_1_51' title="bbox 1802 2152 3369 2229">
     <span class='ocr_line' id='line_1_51' title="bbox 1802 2152 3369 2229; baseline 0.008 -23"><span class='ocrx_word' id='word_1_382' title='bbox 1802 2154 1971 2209; x_wconf 92' lang='lat' dir='ltr'><strong>venit.</strong></span> <span class='ocrx_word' id='word_1_383' title='bbox 1999 2153 2437 2224; x_wconf 84' lang='lat' dir='ltr'><strong>Hermenegildus</strong></span> <span class='ocrx_word' id='word_1_384' title='bbox 2462 2152 2491 2192; x_wconf 80' lang='grc' dir='ltr'>¹ι</span> <span class='ocrx_word' id='word_1_385' title='bbox 2536 2172 2664 2212; x_wconf 89' lang='lat' dir='ltr'><strong>vero</strong></span> <span class='ocrx_word' id='word_1_386' title='bbox 2691 2160 2889 2213; x_wconf 88' lang='lat' dir='ltr'><strong>vocatis</strong></span> <span class='ocrx_word' id='word_1_387' title='bbox 2917 2161 3142 2229; x_wconf 81' lang='lat' dir='ltr'><strong>Graecis,</strong></span> <span class='ocrx_word' id='word_1_388' title='bbox 3183 2178 3369 2219; x_wconf 83' lang='lat' dir='ltr'><strong>contra</strong></span> 
     </span>
    </p>
   </div>
   <div class='ocr_carea' id='block_1_52' title="bbox 1799 2249 3376 2326">
    <p class='ocr_par' dir='ltr' id='par_1_52' title="bbox 1799 2249 3376 2326">
     <span class='ocr_line' id='line_1_52' title="bbox 1799 2249 3376 2326; baseline 0.008 -25"><span class='ocrx_word' id='word_1_389' title='bbox 1799 2257 2001 2315; x_wconf 83' lang='lat' dir='ltr'><strong>patrem</strong></span> <span class='ocrx_word' id='word_1_390' title='bbox 2033 2249 2333 2317; x_wconf 80' lang='lat' dir='ltr'><strong>egreditur,</strong></span> <span class='ocrx_word' id='word_1_391' title='bbox 2368 2250 2553 2304; x_wconf 89' lang='lat' dir='ltr'><strong>relicta</strong></span> <span class='ocrx_word' id='word_1_392' title='bbox 2580 2251 2631 2305; x_wconf 91' lang='lat' dir='ltr'><strong>in</strong></span> <span class='ocrx_word' id='word_1_393' title='bbox 2661 2252 2793 2308; x_wconf 91' lang='lat' dir='ltr'><strong>urbe</strong></span> <span class='ocrx_word' id='word_1_394' title='bbox 2821 2256 3045 2326; x_wconf 84' lang='lat' dir='ltr'><strong>conjuge</strong></span> <span class='ocrx_word' id='word_1_395' title='bbox 3066 2271 3180 2312; x_wconf 78' lang='lat' dir='ltr'><strong>Sua.</strong></span> <span class='ocrx_word' id='word_1_396' title='bbox 3213 2260 3376 2315; x_wconf 89' lang='lat' dir='ltr'><strong>Cum-</strong></span> 
     </span>
    </p>
   </div>
   <div class='ocr_carea' id='block_1_53' title="bbox 1797 2338 3377 2411">
    <p class='ocr_par' dir='ltr' id='par_1_53' title="bbox 1797 2338 3377 2411">
     <span class='ocr_line' id='line_1_53' title="bbox 1797 2338 3377 2411; baseline 0.011 -22"><span class='ocrx_word' id='word_1_397' title='bbox 1797 2352 1902 2406; x_wconf 89' lang='lat' dir='ltr'><strong>que</strong></span> <span class='ocrx_word' id='word_1_398' title='bbox 1933 2338 2306 2394; x_wconf 84' lang='lat' dir='ltr'><strong>Leuvieliildus</strong></span> <span class='ocrx_word' id='word_1_399' title='bbox 2335 2357 2400 2395; x_wconf 80' lang='lat' dir='ltr'><strong>ex</strong></span> <span class='ocrx_word' id='word_1_400' title='bbox 2432 2343 2657 2396; x_wconf 88' lang='lat' dir='ltr'><strong>adverso</strong></span> <span class='ocrx_word' id='word_1_401' title='bbox 2684 2347 2929 2411; x_wconf 87' lang='lat' dir='ltr'><strong>veniret,</strong></span> <span class='ocrx_word' id='word_1_402' title='bbox 2975 2349 3193 2405; x_wconf 88' lang='lat' dir='ltr'><strong>relictus</strong></span> <span class='ocrx_word' id='word_1_403' title='bbox 3222 2366 3250 2403; x_wconf 89' lang='lat' dir='ltr'><strong>a</strong></span> <span class='ocrx_word' id='word_1_404' title='bbox 3287 2369 3377 2406; x_wconf 63' lang='grc' dir='ltr'><strong>θος</strong></span> 
     </span>
    </p>
   </div>
   <div class='ocr_carea' id='block_1_54' title="bbox 1800 2429 3376 2507">
    <p class='ocr_par' dir='ltr' id='par_1_54' title="bbox 1800 2429 3376 2507">
     <span class='ocr_line' id='line_1_54' title="bbox 1800 2429 3376 2507; baseline 0.01 -24"><span class='ocrx_word' id='word_1_405' title='bbox 1800 2429 1946 2496; x_wconf 83' lang='lat' dir='ltr'><strong>latio,</strong></span> <span class='ocrx_word' id='word_1_406' title='bbox 1979 2445 2100 2485; x_wconf 91' lang='lat' dir='ltr'><strong>cum</strong></span> <span class='ocrx_word' id='word_1_407' title='bbox 2125 2432 2324 2486; x_wconf 87' lang='lat' dir='ltr'><strong>videret</strong></span> <span class='ocrx_word' id='word_1_408' title='bbox 2349 2434 2553 2487; x_wconf 83' lang='lat' dir='ltr'><strong>niliilse</strong></span> <span class='ocrx_word' id='word_1_409' title='bbox 2580 2436 2867 2503; x_wconf 62' lang='lat' dir='ltr'><strong>pravalere</strong></span> <span class='ocrx_word' id='word_1_410' title='bbox 2895 2453 3069 2507; x_wconf 85' lang='lat' dir='ltr'><strong>posse.</strong></span> <span class='ocrx_word' id='word_1_411' title='bbox 3093 2442 3376 2499; x_wconf 78' lang='lat' dir='ltr'><strong>ecclesiam</strong></span> 
     </span>
    </p>
   </div>
   <div class='ocr_carea' id='block_1_55' title="bbox 1798 2526 3373 2594">
    <p class='ocr_par' dir='ltr' id='par_1_55' title="bbox 1798 2526 3373 2594">
     <span class='ocr_line' id='line_1_55' title="bbox 1798 2526 3373 2594; baseline 0.014 -24"><span class='ocrx_word' id='word_1_412' title='bbox 1798 2536 1914 2590; x_wconf 66' lang='lat' dir='ltr'><strong>qua:</strong></span> <span class='ocrx_word' id='word_1_413' title='bbox 1939 2531 2054 2577; x_wconf 89' lang='lat' dir='ltr'><strong>erat</strong></span> <span class='ocrx_word' id='word_1_414' title='bbox 2100 2526 2415 2593; x_wconf 89' lang='lat' dir='ltr'><strong>propinqua,</strong></span> <span class='ocrx_word' id='word_1_415' title='bbox 2463 2526 2721 2594; x_wconf 83' lang='lat' dir='ltr'><strong>expetiit,</strong></span> <span class='ocrx_word' id='word_1_416' title='bbox 2765 2528 2947 2583; x_wconf 90' lang='lat' dir='ltr'><strong>dicens</strong></span> <span class='ocrx_word' id='word_1_417' title='bbox 2988 2547 3004 2585; x_wconf 91' lang='lat'><strong>:</strong></span> <span class='ocrx_word' id='word_1_418' title='bbox 3046 2532 3161 2588; x_wconf 88' lang='lat' dir='ltr'><strong>Non</strong></span> <span class='ocrx_word' id='word_1_419' title='bbox 3201 2538 3373 2592; x_wconf 87' lang='lat' dir='ltr'><strong>veniat</strong></span> 
     </span>
    </p>
   </div>
   <div class='ocr_carea' id='block_1_56' title="bbox 1797 2616 3373 2691">
    <p class='ocr_par' dir='ltr' id='par_1_56' title="bbox 1797 2616 3373 2691">
     <span class='ocr_line' id='line_1_56' title="bbox 1797 2616 3373 2691; baseline 0.009 -26"><span class='ocrx_word' id='word_1_420' title='bbox 1797 2628 1958 2678; x_wconf 90' lang='lat' dir='ltr'><strong>super</strong></span> <span class='ocrx_word' id='word_1_421' title='bbox 1984 2629 2067 2668; x_wconf 89' lang='lat' dir='ltr'><strong>me</strong></span> <span class='ocrx_word' id='word_1_422' title='bbox 2096 2624 2243 2679; x_wconf 90' lang='lat' dir='ltr'><strong>pater</strong></span> <span class='ocrx_word' id='word_1_423' title='bbox 2282 2630 2471 2681; x_wconf 86' lang='lat' dir='ltr'><strong>meus;</strong></span> <span class='ocrx_word' id='word_1_424' title='bbox 2502 2616 2651 2671; x_wconf 90' lang='lat' dir='ltr'><strong>nefas</strong></span> <span class='ocrx_word' id='word_1_425' title='bbox 2678 2632 2758 2672; x_wconf 87' lang='lat' dir='ltr'><strong>est</strong></span> <span class='ocrx_word' id='word_1_426' title='bbox 2795 2620 2935 2673; x_wconf 89' lang='lat' dir='ltr'><strong>enim</strong></span> <span class='ocrx_word' id='word_1_427' title='bbox 2977 2633 3066 2674; x_wconf 76' lang='lat' dir='ltr'><strong>aut</strong></span> <span class='ocrx_word' id='word_1_428' title='bbox 3104 2633 3304 2691; x_wconf 85' lang='lat' dir='ltr'><strong>patrem</strong></span> <span class='ocrx_word' id='word_1_429' title='bbox 3345 2646 3373 2679; x_wconf 90' lang='lat' dir='ltr'><strong>a</strong></span> 
     </span>
    </p>
   </div>
   <div class='ocr_carea' id='block_1_57' title="bbox 1800 2706 3373 2775">
    <p class='ocr_par' dir='ltr' id='par_1_57' title="bbox 1800 2706 3373 2775">
     <span class='ocr_line' id='line_1_57' title="bbox 1800 2706 3373 2775; baseline 0.007 -16"><span class='ocrx_word' id='word_1_430' title='bbox 1800 2707 1925 2772; x_wconf 85' lang='lat' dir='ltr'><strong>filio,</strong></span> <span class='ocrx_word' id='word_1_431' title='bbox 1960 2717 2052 2761; x_wconf 92' lang='lat' dir='ltr'><strong>aut</strong></span> <span class='ocrx_word' id='word_1_432' title='bbox 2080 2706 2242 2760; x_wconf 85' lang='lat' dir='ltr'><strong>filium</strong></span> <span class='ocrx_word' id='word_1_433' title='bbox 2273 2722 2303 2760; x_wconf 91' lang='lat' dir='ltr'><strong>a</strong></span> <span class='ocrx_word' id='word_1_434' title='bbox 2333 2719 2482 2775; x_wconf 88' lang='lat' dir='ltr'><strong>patre</strong></span> <span class='ocrx_word' id='word_1_435' title='bbox 2510 2709 2757 2763; x_wconf 84' lang='lat' dir='ltr'><strong>interfici.</strong></span> <span class='ocrx_word' id='word_1_436' title='bbox 2790 2711 2913 2765; x_wconf 72' lang='lat' dir='ltr'><strong>“ch</strong></span> <span class='ocrx_word' id='word_1_437' title='bbox 2936 2714 3156 2768; x_wconf 90' lang='lat' dir='ltr'><strong>audiens</strong></span> <span class='ocrx_word' id='word_1_438' title='bbox 3184 2716 3373 2770; x_wconf 74' lang='lat' dir='ltr'><strong>Leuvi~</strong></span> 
     </span>
    </p>
   </div>
   <div class='ocr_carea' id='block_1_58' title="bbox 1796 2798 3373 2869">
    <p class='ocr_par' dir='ltr' id='par_1_58' title="bbox 1796 2798 3373 2869">
     <span class='ocr_line' id='line_1_58' title="bbox 1796 2798 3373 2869; baseline 0.006 -18"><span class='ocrx_word' id='word_1_439' title='bbox 1796 2798 2025 2863; x_wconf 86' lang='lat' dir='ltr'><strong>cliildus,</strong></span> <span class='ocrx_word' id='word_1_440' title='bbox 2054 2799 2197 2852; x_wconf 92' lang='lat' dir='ltr'><strong>misit</strong></span> <span class='ocrx_word' id='word_1_441' title='bbox 2217 2799 2282 2850; x_wconf 88' lang='lat' dir='ltr'><strong>ad</strong></span> <span class='ocrx_word' id='word_1_442' title='bbox 2310 2813 2431 2851; x_wconf 91' lang='lat' dir='ltr'><strong>eum</strong></span> <span class='ocrx_word' id='word_1_443' title='bbox 2462 2798 2674 2852; x_wconf 89' lang='lat' dir='ltr'><strong>fratrem</strong></span> <span class='ocrx_word' id='word_1_444' title='bbox 2705 2798 2719 2836; x_wconf 83' lang='grc' dir='ltr'><strong>ί</strong></span> <span class='ocrx_word' id='word_1_445' title='bbox 2753 2800 2890 2869; x_wconf 89' lang='lat' dir='ltr'><strong>ejus,</strong></span> <span class='ocrx_word' id='word_1_446' title='bbox 2920 2803 3006 2868; x_wconf 91' lang='lat' dir='ltr'><strong>qui</strong></span> <span class='ocrx_word' id='word_1_447' title='bbox 3044 2804 3167 2858; x_wconf 86' lang='lat' dir='ltr'><strong>dato</strong></span> <span class='ocrx_word' id='word_1_448' title='bbox 3189 2821 3373 2861; x_wconf 86' lang='lat' dir='ltr'><strong>sacra-</strong></span> 
     </span>
    </p>
   </div>
   <div class='ocr_carea' id='block_1_59' title="bbox 1796 2890 3370 2967">
    <p class='ocr_par' dir='ltr' id='par_1_59' title="bbox 1796 2890 3370 2967">
     <span class='ocr_line' id='line_1_59' title="bbox 1796 2890 3370 2967; baseline 0.007 -25"><span class='ocrx_word' id='word_1_449' title='bbox 1796 2900 1979 2943; x_wconf 88' lang='lat' dir='ltr'><strong>mento</strong></span> <span class='ocrx_word' id='word_1_450' title='bbox 2010 2904 2079 2944; x_wconf 90' lang='lat' dir='ltr'><strong>ne</strong></span> <span class='ocrx_word' id='word_1_451' title='bbox 2109 2890 2500 2953; x_wconf 89' lang='lat' dir='ltr'><strong>humiliaretur,</strong></span> <span class='ocrx_word' id='word_1_452' title='bbox 2528 2891 2606 2945; x_wconf 88' lang='lat' dir='ltr'><strong>ait</strong></span> <span class='ocrx_word' id='word_1_453' title='bbox 2636 2910 2648 2943; x_wconf 86' lang='lat'><strong>:</strong></span> <span class='ocrx_word' id='word_1_454' title='bbox 2674 2893 2752 2946; x_wconf 82' lang='lat' dir='ltr'><strong>Tu</strong></span> <span class='ocrx_word' id='word_1_455' title='bbox 2786 2895 2898 2962; x_wconf 91' lang='lat' dir='ltr'><strong>ipse</strong></span> <span class='ocrx_word' id='word_1_456' title='bbox 2926 2897 3142 2960; x_wconf 89' lang='lat' dir='ltr'><strong>accede,</strong></span> <span class='ocrx_word' id='word_1_457' title='bbox 3175 2909 3229 2952; x_wconf 92' lang='lat' dir='ltr'><strong>et</strong></span> <span class='ocrx_word' id='word_1_458' title='bbox 3253 2916 3370 2967; x_wconf 86' lang='lat' dir='ltr'><strong>pru-</strong></span> 
     </span>
    </p>
   </div>
   <div class='ocr_carea' id='block_1_60' title="bbox 1797 2982 3371 3058">
    <p class='ocr_par' dir='ltr' id='par_1_60' title="bbox 1797 2982 3371 3058">
     <span class='ocr_line' id='line_1_60' title="bbox 1797 2982 3371 3058; baseline 0.008 -24"><span class='ocrx_word' id='word_1_459' title='bbox 1797 2993 2040 3036; x_wconf 86' lang='lat' dir='ltr'><strong>stei-uere</strong></span> <span class='ocrx_word' id='word_1_460' title='bbox 2061 2982 2286 3052; x_wconf 91' lang='lat' dir='ltr'><strong>pedibus</strong></span> <span class='ocrx_word' id='word_1_461' title='bbox 2317 2984 2479 3052; x_wconf 88' lang='lat' dir='ltr'><strong>patris</strong></span> <span class='ocrx_word' id='word_1_462' title='bbox 2502 2985 2689 3049; x_wconf 89' lang='lat' dir='ltr'><strong>nostri,</strong></span> <span class='ocrx_word' id='word_1_463' title='bbox 2717 2996 2769 3039; x_wconf 93' lang='lat' dir='ltr'><strong>et</strong></span> <span class='ocrx_word' id='word_1_464' title='bbox 2792 2986 2967 3039; x_wconf 89' lang='lat' dir='ltr'><strong>omnia</strong></span> <span class='ocrx_word' id='word_1_465' title='bbox 2999 2988 3229 3058; x_wconf 80' lang='lat' dir='ltr'><strong>indulget</strong></span> <span class='ocrx_word' id='word_1_466' title='bbox 3253 2994 3371 3047; x_wconf 86' lang='lat' dir='ltr'><strong>tibi.</strong></span> 
     </span>
    </p>
   </div>
   <div class='ocr_carea' id='block_1_61' title="bbox 1801 3074 3372 3149">
    <p class='ocr_par' dir='ltr' id='par_1_61' title="bbox 1801 3074 3372 3149">
     <span class='ocr_line' id='line_1_61' title="bbox 1801 3074 3372 3149; baseline 0.004 -21"><span class='ocrx_word' id='word_1_467' title='bbox 1801 3074 1975 3129; x_wconf 81' lang='lat' dir='ltr'><strong>Atille</strong></span> <span class='ocrx_word' id='word_1_468' title='bbox 1996 3076 2242 3142; x_wconf 88' lang='lat' dir='ltr'><strong>poposcit</strong></span> <span class='ocrx_word' id='word_1_469' title='bbox 2263 3075 2444 3127; x_wconf 86' lang='lat' dir='ltr'><strong>vocari</strong></span> <span class='ocrx_word' id='word_1_470' title='bbox 2470 3085 2670 3143; x_wconf 86' lang='lat' dir='ltr'><strong>patrem</strong></span> <span class='ocrx_word' id='word_1_471' title='bbox 2690 3090 2843 3129; x_wconf 88' lang='lat' dir='ltr'><strong>suum</strong></span> <span class='ocrx_word' id='word_1_472' title='bbox 2863 3094 2876 3141; x_wconf 90' lang='lat'><strong>;</strong></span> <span class='ocrx_word' id='word_1_473' title='bbox 2899 3092 3003 3144; x_wconf 88' lang='lat' dir='ltr'><strong>quo</strong></span> <span class='ocrx_word' id='word_1_474' title='bbox 3024 3079 3372 3149; x_wconf 85' lang='lat' dir='ltr'><strong>ingrediente.</strong></span> 
     </span>
    </p>
   </div>
   <div class='ocr_carea' id='block_1_62' title="bbox 126 3159 3373 3237">
    <p class='ocr_par' dir='ltr' id='par_1_62' title="bbox 126 3159 3373 3237">
     <span class='ocr_line' id='line_1_62' title="bbox 126 3159 3373 3237; baseline 0.002 -14"><span class='ocrx_word' id='word_1_475' title='bbox 126 3173 330 3226; x_wconf 75' lang='lat' dir='ltr'><strong>salutari</strong></span> <span class='ocrx_word' id='word_1_476' title='bbox 360 3171 530 3227; x_wconf 90' lang='lat' dir='ltr'><strong>semel</strong></span> <span class='ocrx_word' id='word_1_477' title='bbox 558 3171 792 3223; x_wconf 89' lang='lat' dir='ltr'><strong>ablutam</strong></span> <span class='ocrx_word' id='word_1_478' title='bbox 824 3169 1007 3234; x_wconf 88' lang='lat' dir='ltr'><strong>fuisse,</strong></span> <span class='ocrx_word' id='word_1_479' title='bbox 1032 3178 1085 3222; x_wconf 92' lang='lat' dir='ltr'><strong>et</strong></span> <span class='ocrx_word' id='word_1_480' title='bbox 1114 3180 1350 3222; x_wconf 87' lang='lat' dir='ltr'><strong>sanctam</strong></span> <span class='ocrx_word' id='word_1_481' title='bbox 1379 3170 1696 3225; x_wconf 85' lang='lat' dir='ltr'><strong>Trinitatem</strong></span> <span class='ocrx_word' id='word_1_482' title='bbox 1727 3159 1773 3220; x_wconf 91' lang='lat' dir='ltr'>C</span> <span class='ocrx_word' id='word_1_483' title='bbox 1807 3165 2089 3231; x_wconf 90' lang='lat' dir='ltr'><strong>prostravit</strong></span> <span class='ocrx_word' id='word_1_484' title='bbox 2117 3179 2176 3217; x_wconf 92' lang='lat' dir='ltr'><strong>se</strong></span> <span class='ocrx_word' id='word_1_485' title='bbox 2205 3164 2269 3217; x_wconf 90' lang='lat' dir='ltr'><strong>ad</strong></span> <span class='ocrx_word' id='word_1_486' title='bbox 2312 3164 2475 3232; x_wconf 90' lang='lat' dir='ltr'><strong>pedes</strong></span> <span class='ocrx_word' id='word_1_487' title='bbox 2504 3164 2664 3219; x_wconf 91' lang='lat' dir='ltr'><strong>illius.</strong></span> <span class='ocrx_word' id='word_1_488' title='bbox 2698 3164 2791 3219; x_wconf 89' lang='lat' dir='ltr'><strong>Ille</strong></span> <span class='ocrx_word' id='word_1_489' title='bbox 2826 3182 2954 3221; x_wconf 90' lang='lat' dir='ltr'><strong>vero</strong></span> <span class='ocrx_word' id='word_1_490' title='bbox 2982 3171 3373 3237; x_wconf 72' lang='lat' dir='ltr'><strong>apprehensum</strong></span> 
     </span>
    </p>
   </div>
   <div class='ocr_carea' id='block_1_63' title="bbox 124 3252 1698 3333">
    <p class='ocr_par' dir='ltr' id='par_1_63' title="bbox 124 3252 1698 3333">
     <span class='ocr_line' id='line_1_63' title="bbox 124 3252 1698 3333; baseline 0.001 -21"><span class='ocrx_word' id='word_1_491' title='bbox 124 3263 169 3314; x_wconf 89' lang='lat' dir='ltr'><strong>in</strong></span> <span class='ocrx_word' id='word_1_492' title='bbox 197 3280 298 3317; x_wconf 88' lang='lat' dir='ltr'><strong>una</strong></span> <span class='ocrx_word' id='word_1_493' title='bbox 330 3252 642 3333; x_wconf 77' lang='lat' dir='ltr'><strong>:equalitate</strong></span> <span class='ocrx_word' id='word_1_494' title='bbox 671 3275 795 3316; x_wconf 87' lang='lat' dir='ltr'><strong>esse</strong></span> <span class='ocrx_word' id='word_1_495' title='bbox 825 3260 1148 3315; x_wconf 87' lang='lat' dir='ltr'><strong>confessam.</strong></span> <span class='ocrx_word' id='word_1_496' title='bbox 1186 3261 1309 3314; x_wconf 57' lang='lat' dir='ltr'><strong>lla&lt;c</strong></span> <span class='ocrx_word' id='word_1_497' title='bbox 1349 3276 1434 3315; x_wconf 94' lang='lat' dir='ltr'><strong>me</strong></span> <span class='ocrx_word' id='word_1_498' title='bbox 1476 3260 1698 3314; x_wconf 88' lang='lat' dir='ltr'><strong>credere</strong></span> 
     </span>
    </p>
   </div>
   <div class='ocr_carea' id='block_1_64' title="bbox 124 3352 1699 3421">
    <p class='ocr_par' dir='ltr' id='par_1_64' title="bbox 124 3352 1699 3421">
     <span class='ocr_line' id='line_1_64' title="bbox 124 3352 1699 3421; baseline 0 -13"><span class='ocrx_word' id='word_1_499' title='bbox 124 3370 178 3409; x_wconf 78' lang='lat' dir='ltr'><strong>ex</strong></span> <span class='ocrx_word' id='word_1_500' title='bbox 207 3368 319 3411; x_wconf 86' lang='lat' dir='ltr'><strong>toto</strong></span> <span class='ocrx_word' id='word_1_501' title='bbox 351 3358 517 3412; x_wconf 89' lang='lat' dir='ltr'><strong>corde</strong></span> <span class='ocrx_word' id='word_1_502' title='bbox 549 3357 832 3417; x_wconf 90' lang='lat' dir='ltr'><strong>conliteor,</strong></span> <span class='ocrx_word' id='word_1_503' title='bbox 865 3369 965 3407; x_wconf 90' lang='lat' dir='ltr'><strong>nec</strong></span> <span class='ocrx_word' id='word_1_504' title='bbox 1005 3368 1233 3421; x_wconf 87' lang='lat' dir='ltr'><strong>unquam</strong></span> <span class='ocrx_word' id='word_1_505' title='bbox 1266 3352 1334 3406; x_wconf 90' lang='lat' dir='ltr'><strong>ab</strong></span> <span class='ocrx_word' id='word_1_506' title='bbox 1358 3354 1455 3405; x_wconf 89' lang='lat' dir='ltr'><strong>hac</strong></span> <span class='ocrx_word' id='word_1_507' title='bbox 1478 3353 1582 3408; x_wconf 85' lang='lat' dir='ltr'><strong>fide</strong></span> <span class='ocrx_word' id='word_1_508' title='bbox 1609 3353 1699 3408; x_wconf 86' lang='lat' dir='ltr'><strong>ilo</strong></span> 
     </span>
    </p>
   </div>
   <div class='ocr_carea' id='block_1_65' title="bbox 123 3430 1697 3507">
    <p class='ocr_par' dir='ltr' id='par_1_65' title="bbox 123 3430 1697 3507">
     <span class='ocr_line' id='line_1_65' title="bbox 123 3430 1697 3507; baseline -0.002 -7"><span class='ocrx_word' id='word_1_509' title='bbox 123 3458 426 3504; x_wconf 88' lang='lat' dir='ltr'><strong>retrorsum.</strong></span> <span class='ocrx_word' id='word_1_510' title='bbox 463 3430 591 3502; x_wconf 63' lang='lat' dir='ltr'><strong>llasc</strong></span> <span class='ocrx_word' id='word_1_511' title='bbox 622 3447 709 3500; x_wconf 90' lang='lat' dir='ltr'><strong>illa</strong></span> <span class='ocrx_word' id='word_1_512' title='bbox 742 3445 983 3507; x_wconf 82' lang='lat' dir='ltr'><strong>audiens,</strong></span> <span class='ocrx_word' id='word_1_513' title='bbox 1017 3443 1306 3496; x_wconf 82' lang='lat' dir='ltr'><strong>iracundi-.c</strong></span> <span class='ocrx_word' id='word_1_514' title='bbox 1358 3443 1536 3496; x_wconf 91' lang='lat' dir='ltr'><strong>furore</strong></span> <span class='ocrx_word' id='word_1_515' title='bbox 1576 3457 1697 3497; x_wconf 90' lang='lat' dir='ltr'><strong>suc-</strong></span> 
     </span>
    </p>
   </div>
   <div class='ocr_carea' id='block_1_66' title="bbox 122 3532 1695 3611">
    <p class='ocr_par' dir='ltr' id='par_1_66' title="bbox 122 3532 1695 3611">
     <span class='ocr_line' id='line_1_66' title="bbox 122 3532 1695 3611; baseline -0.005 -18"><span class='ocrx_word' id='word_1_516' title='bbox 122 3554 267 3595; x_wconf 73' lang='lat' dir='ltr'><strong>censa</strong></span> <span class='ocrx_word' id='word_1_517' title='bbox 314 3540 715 3611; x_wconf 85' lang='lat' dir='ltr'><strong>apprehensam</strong></span> <span class='ocrx_word' id='word_1_518' title='bbox 745 3551 845 3605; x_wconf 89' lang='lat' dir='ltr'><strong>per</strong></span> <span class='ocrx_word' id='word_1_519' title='bbox 892 3550 1097 3589; x_wconf 90' lang='lat' dir='ltr'><strong>comam</strong></span> <span class='ocrx_word' id='word_1_520' title='bbox 1139 3534 1326 3598; x_wconf 84' lang='lat' dir='ltr'><strong>capitis</strong></span> <span class='ocrx_word' id='word_1_521' title='bbox 1368 3532 1594 3601; x_wconf 91' lang='lat' dir='ltr'><strong>puellam</strong></span> <span class='ocrx_word' id='word_1_522' title='bbox 1644 3533 1695 3586; x_wconf 91' lang='lat' dir='ltr'><strong>in</strong></span> 
     </span>
    </p>
   </div>
   <div class='ocr_carea' id='block_1_67' title="bbox 126 3628 1699 3696">
    <p class='ocr_par' dir='ltr' id='par_1_67' title="bbox 126 3628 1699 3696">
     <span class='ocr_line' id='line_1_67' title="bbox 126 3628 1699 3696; baseline -0.004 -13"><span class='ocrx_word' id='word_1_523' title='bbox 126 3641 313 3688; x_wconf 75' lang='lat' dir='ltr'><strong>terram</strong></span> <span class='ocrx_word' id='word_1_524' title='bbox 340 3632 573 3696; x_wconf 83' lang='lat' dir='ltr'><strong>collidit,</strong></span> <span class='ocrx_word' id='word_1_525' title='bbox 617 3642 672 3686; x_wconf 92' lang='lat' dir='ltr'><strong>et</strong></span> <span class='ocrx_word' id='word_1_526' title='bbox 697 3631 786 3683; x_wconf 89' lang='lat' dir='ltr'><strong>diu</strong></span> <span class='ocrx_word' id='word_1_527' title='bbox 829 3629 1062 3683; x_wconf 89' lang='lat' dir='ltr'><strong>calcibus</strong></span> <span class='ocrx_word' id='word_1_528' title='bbox 1094 3628 1425 3682; x_wconf 75' lang='lat' dir='ltr'><strong>verberatum</strong></span> <span class='ocrx_word' id='word_1_529' title='bbox 1472 3641 1533 3680; x_wconf 90' lang='lat' dir='ltr'><strong>ac</strong></span> <span class='ocrx_word' id='word_1_530' title='bbox 1576 3640 1699 3678; x_wconf 86' lang='lat' dir='ltr'><strong>san-</strong></span> 
     </span>
    </p>
   </div>
   <div class='ocr_carea' id='block_1_68' title="bbox 121 3719 1699 3793">
    <p class='ocr_par' dir='ltr' id='par_1_68' title="bbox 121 3719 1699 3793">
     <span class='ocr_line' id='line_1_68' title="bbox 121 3719 1699 3793; baseline -0.005 -13"><span class='ocrx_word' id='word_1_531' title='bbox 121 3724 271 3791; x_wconf 69' lang='lat' dir='ltr'><strong>guine</strong></span> <span class='ocrx_word' id='word_1_532' title='bbox 300 3732 669 3789; x_wconf 72' lang='lat' dir='ltr'><strong>cruentatam,</strong></span> <span class='ocrx_word' id='word_1_533' title='bbox 710 3722 871 3793; x_wconf 85' lang='lat' dir='ltr'><strong>jussit</strong></span> <span class='ocrx_word' id='word_1_534' title='bbox 915 3721 1205 3790; x_wconf 74' lang='lat' dir='ltr'><strong>exspoliari</strong></span> <span class='ocrx_word' id='word_1_535' title='bbox 1243 3727 1298 3774; x_wconf 90' lang='lat' dir='ltr'><strong>et</strong></span> <span class='ocrx_word' id='word_1_536' title='bbox 1340 3719 1559 3789; x_wconf 71' lang='lat' dir='ltr'><strong>piscina:</strong></span> <span class='ocrx_word' id='word_1_537' title='bbox 1600 3721 1699 3772; x_wconf 82' lang='lat' dir='ltr'><strong>itit-</strong></span> 
     </span>
    </p>
   </div>
   <div class='ocr_carea' id='block_1_69' title="bbox 186 3872 1697 3952">
    <p class='ocr_par' dir='ltr' id='par_1_69' title="bbox 186 3872 1697 3952">
     <span class='ocr_line' id='line_1_69' title="bbox 186 3872 1697 3952; baseline -0.008 -15"><span class='ocrx_word' id='word_1_538' title='bbox 186 3890 211 3916; x_wconf 79' lang='grc'><strong>⁸</strong></span> <span class='ocrx_word' id='word_1_539' title='bbox 232 3880 450 3952; x_wconf 71' lang='lat' dir='ltr'><strong>Regm.,</strong></span> <span class='ocrx_word' id='word_1_540' title='bbox 481 3893 726 3949; x_wconf 84' lang='lat' dir='ltr'><strong>magnum</strong></span> <span class='ocrx_word' id='word_1_541' title='bbox 768 3874 899 3944; x_wconf 81' lang='lat' dir='ltr'><strong>plebi</strong></span> <span class='ocrx_word' id='word_1_542' title='bbox 935 3890 1040 3928; x_wconf 63' lang='lat' dir='ltr'><strong>suae</strong></span> <span class='ocrx_word' id='word_1_543' title='bbox 1061 3874 1350 3944; x_wconf 75' lang='lat' dir='ltr'><strong>relinquens</strong></span> <span class='ocrx_word' id='word_1_544' title='bbox 1381 3872 1445 3926; x_wconf 87' lang='lat' dir='ltr'><strong>de</strong></span> <span class='ocrx_word' id='word_1_545' title='bbox 1473 3888 1524 3927; x_wconf 77' lang='lat' dir='ltr'><strong>se</strong></span> <span class='ocrx_word' id='word_1_546' title='bbox 1547 3874 1697 3945; x_wconf 84' lang='lat' dir='ltr'><strong>plan-</strong></span> 
     </span>
    </p>
   </div>
   <div class='ocr_carea' id='block_1_70' title="bbox 188 4016 1696 4089">
    <p class='ocr_par' dir='ltr' id='par_1_70' title="bbox 188 4016 1696 4089">
     <span class='ocr_line' id='line_1_70' title="bbox 188 4016 1696 4089; baseline -0.005 -12"><span class='ocrx_word' id='word_1_547' title='bbox 188 4022 213 4059; x_wconf 60' lang='grc' dir='ltr'>δ</span> <span class='ocrx_word' id='word_1_548' title='bbox 240 4022 363 4077; x_wconf 74' lang='lat' dir='ltr'><strong>Fuit</strong></span> <span class='ocrx_word' id='word_1_549' title='bbox 391 4021 679 4089; x_wconf 89' lang='lat' dir='ltr'><strong>episcopus</strong></span> <span class='ocrx_word' id='word_1_550' title='bbox 702 4018 871 4084; x_wconf 91' lang='lat' dir='ltr'><strong>primo</strong></span> <span class='ocrx_word' id='word_1_551' title='bbox 902 4016 1199 4089; x_wconf 74' lang='lat' dir='ltr'><strong>Dumiensis</strong></span> <span class='ocrx_word' id='word_1_552' title='bbox 1224 4017 1553 4089; x_wconf 70' lang='lat' dir='ltr'><strong>monasterii,</strong></span> <span class='ocrx_word' id='word_1_553' title='bbox 1586 4025 1696 4089; x_wconf 76' lang='lat' dir='ltr'><strong>tum</strong></span> 
     </span>
    </p>
   </div>
   <div class='ocr_carea' id='block_1_71' title="bbox 130 4085 1701 4213">
    <p class='ocr_par' dir='ltr' id='par_1_71' title="bbox 130 4085 1701 4213">
     <span class='ocr_line' id='line_1_71' title="bbox 130 4085 1701 4159; baseline -0.003 -17"><span class='ocrx_word' id='word_1_554' title='bbox 130 4085 495 4157; x_wconf 79' lang='lat' dir='ltr'><strong>Bracarensis;</strong></span> <span class='ocrx_word' id='word_1_555' title='bbox 526 4085 631 4159; x_wconf 79' lang='lat' dir='ltr'><strong>qua</strong></span> <span class='ocrx_word' id='word_1_556' title='bbox 673 4090 725 4141; x_wconf 91' lang='lat' dir='ltr'><strong>di</strong></span> <span class='ocrx_word' id='word_1_557' title='bbox 769 4089 928 4142; x_wconf 88' lang='lat' dir='ltr'><strong>nitate</strong></span> <span class='ocrx_word' id='word_1_558' title='bbox 970 4100 1073 4140; x_wconf 89' lang='lat' dir='ltr'><strong>non</strong></span> <span class='ocrx_word' id='word_1_559' title='bbox 1102 4085 1193 4151; x_wconf 81' lang='lat'><strong>50,</strong></span> <span class='ocrx_word' id='word_1_560' title='bbox 1237 4087 1330 4139; x_wconf 88' lang='lat' dir='ltr'><strong>sed</strong></span> <span class='ocrx_word' id='word_1_561' title='bbox 1371 4085 1441 4138; x_wconf 71' lang='lat'><strong>20</strong></span> <span class='ocrx_word' id='word_1_562' title='bbox 1485 4086 1701 4138; x_wconf 85' lang='lat' dir='ltr'><strong>circiter</strong></span> 
     </span>
     <span class='ocr_line' id='line_1_72' title="bbox 130 4104 1700 4213; baseline -0.002 0"><span class='ocrx_word' id='word_1_563' title='bbox 130 4164 269 4213; x_wconf 81' lang='lat' dir='ltr'><strong>annis</strong></span> <span class='ocrx_word' id='word_1_564' title='bbox 316 4165 519 4213; x_wconf 84' lang='lat' dir='ltr'><strong>notitus</strong></span> <span class='ocrx_word' id='word_1_565' title='bbox 550 4170 654 4213; x_wconf 88' lang='lat' dir='ltr'><strong>est.</strong></span> <span class='ocrx_word' id='word_1_566' title='bbox 703 4104 986 4213; x_wconf 58' lang='lat' dir='ltr'><strong>FBestivitas</strong></span> <span class='ocrx_word' id='word_1_567' title='bbox 1034 4155 1151 4213; x_wconf 89' lang='lat' dir='ltr'><strong>eius</strong></span> <span class='ocrx_word' id='word_1_568' title='bbox 1195 4156 1448 4210; x_wconf 89' lang='lat' dir='ltr'><strong>recolitur</strong></span> <span class='ocrx_word' id='word_1_569' title='bbox 1499 4156 1586 4210; x_wconf 92' lang='lat' dir='ltr'><strong>die</strong></span> <span class='ocrx_word' id='word_1_570' title='bbox 1631 4156 1700 4210; x_wconf 76' lang='grc'>20</span> 
     </span>
    </p>
   </div>
   <div class='ocr_carea' id='block_1_72' title="bbox 127 4155 1700 4233">
    <p class='ocr_par' dir='ltr' id='par_1_72' title="bbox 127 4155 1700 4233">
     <span class='ocr_line' id='line_1_73' title="bbox 127 4155 1700 4233; baseline -0.003 -18"><span class='ocrx_word' id='word_1_571' title='bbox 127 4164 269 4233; x_wconf 69' lang='lat' dir='ltr'><strong>annis</strong></span> <span class='ocrx_word' id='word_1_572' title='bbox 316 4155 519 4233; x_wconf 83' lang='lat' dir='ltr'><strong>potitus</strong></span> <span class='ocrx_word' id='word_1_573' title='bbox 544 4155 986 4233; x_wconf 65' lang='lat' dir='ltr'><strong>est._Festivitas</strong></span> <span class='ocrx_word' id='word_1_574' title='bbox 1021 4155 1151 4233; x_wconf 75' lang='lat' dir='ltr'><strong>ejus</strong></span> <span class='ocrx_word' id='word_1_575' title='bbox 1184 4156 1448 4233; x_wconf 59' lang='lat' dir='ltr'><strong>recolitur</strong></span> <span class='ocrx_word' id='word_1_576' title='bbox 1477 4156 1586 4233; x_wconf 80' lang='lat' dir='ltr'><strong>_die</strong></span> <span class='ocrx_word' id='word_1_577' title='bbox 1631 4156 1700 4233; x_wconf 49' lang='grc' dir='ltr'><strong>βυ</strong></span> 
     </span>
    </p>
   </div>
   <div class='ocr_carea' id='block_1_73' title="bbox 127 4226 1701 4300">
    <p class='ocr_par' dir='ltr' id='par_1_73' title="bbox 127 4226 1701 4300">
     <span class='ocr_line' id='line_1_74' title="bbox 127 4226 1701 4300; baseline -0.004 -15"><span class='ocrx_word' id='word_1_578' title='bbox 127 4226 479 4289; x_wconf 67' lang='grc' dir='ltr'><strong>Ιιηίί.’νιάε</strong></span> <span class='ocrx_word' id='word_1_579' title='bbox 504 4232 624 4300; x_wconf 88' lang='lat' dir='ltr'><strong>ejus</strong></span> <span class='ocrx_word' id='word_1_580' title='bbox 655 4229 900 4300; x_wconf 84' lang='lat' dir='ltr'><strong>Elogium</strong></span> <span class='ocrx_word' id='word_1_581' title='bbox 922 4229 975 4281; x_wconf 93' lang='lat' dir='ltr'><strong>in</strong></span> <span class='ocrx_word' id='word_1_582' title='bbox 1005 4230 1160 4300; x_wconf 82' lang='lat' dir='ltr'><strong>Actis</strong></span> <span class='ocrx_word' id='word_1_583' title='bbox 1182 4226 1279 4281; x_wconf 90' lang='lat' dir='ltr'><strong>SS.</strong></span> <span class='ocrx_word' id='word_1_584' title='bbox 1311 4228 1460 4300; x_wconf 87' lang='lat' dir='ltr'><strong>0rd._</strong></span> <span class='ocrx_word' id='word_1_585' title='bbox 1476 4228 1701 4300; x_wconf 45' lang='lat' dir='ltr'><strong>Beuedie</strong></span> 
     </span>
    </p>
   </div>
   <div class='ocr_carea' id='block_1_74' title="bbox 128 4295 1698 4370">
    <p class='ocr_par' dir='ltr' id='par_1_74' title="bbox 128 4295 1698 4370">
     <span class='ocr_line' id='line_1_75' title="bbox 128 4295 1698 4370; baseline -0.003 -15"><span class='ocrx_word' id='word_1_586' title='bbox 128 4302 243 4356; x_wconf 77' lang='lat' dir='ltr'><strong>etini</strong></span> <span class='ocrx_word' id='word_1_587' title='bbox 273 4313 423 4357; x_wconf 89' lang='lat' dir='ltr'><strong>tomo</strong></span> <span class='ocrx_word' id='word_1_588' title='bbox 453 4320 494 4365; x_wconf 86' lang='grc' dir='ltr'>ι.</span> <span class='ocrx_word' id='word_1_589' title='bbox 524 4295 646 4370; x_wconf 75' lang='lat' dir='ltr'><strong>pag.</strong></span> <span class='ocrx_word' id='word_1_590' title='bbox 673 4295 801 4355; x_wconf 71' lang='lat'><strong>257.</strong></span> <span class='ocrx_word' id='word_1_591' title='bbox 830 4299 907 4351; x_wconf 83' lang='lat' dir='ltr'><strong>Ad</strong></span> <span class='ocrx_word' id='word_1_592' title='bbox 936 4299 1180 4370; x_wconf 74' lang='lat' dir='ltr'><strong>eumdem</strong></span> <span class='ocrx_word' id='word_1_593' title='bbox 1209 4308 1381 4370; x_wconf 60' lang='lat' dir='ltr'><strong>exstat</strong></span> <span class='ocrx_word' id='word_1_594' title='bbox 1421 4295 1698 4370; x_wconf 81' lang='lat' dir='ltr'><strong>ortunati</strong></span> 
     </span>
    </p>
   </div>
   <div class='ocr_carea' id='block_1_75' title="bbox 130 4367 1695 4439">
    <p class='ocr_par' dir='ltr' id='par_1_75' title="bbox 130 4367 1695 4439">
     <span class='ocr_line' id='line_1_76' title="bbox 130 4367 1695 4439; baseline -0.004 -12"><span class='ocrx_word' id='word_1_595' title='bbox 130 4375 343 4439; x_wconf 79' lang='lat' dir='ltr'><strong>epistola</strong></span> <span class='ocrx_word' id='word_1_596' title='bbox 372 4389 495 4428; x_wconf 89' lang='lat' dir='ltr'><strong>cum</strong></span> <span class='ocrx_word' id='word_1_597' title='bbox 525 4367 767 4426; x_wconf 69' lang='lat' dir='ltr'><strong>carmine</strong></span> <span class='ocrx_word' id='word_1_598' title='bbox 789 4386 801 4421; x_wconf 87' lang='lat' dir='ltr'><strong>t</strong></span> <span class='ocrx_word' id='word_1_599' title='bbox 823 4369 941 4422; x_wconf 90' lang='lat' dir='ltr'><strong>libri</strong></span> <span class='ocrx_word' id='word_1_600' title='bbox 966 4383 1016 4420; x_wconf 91' lang='lat' dir='ltr'><strong>v.</strong></span> <span class='ocrx_word' id='word_1_601' title='bbox 1045 4367 1239 4439; x_wconf 81' lang='lat' dir='ltr'><strong>Confer</strong></span> <span class='ocrx_word' id='word_1_602' title='bbox 1262 4367 1352 4419; x_wconf 90' lang='lat' dir='ltr'><strong>lib.</strong></span> <span class='ocrx_word' id='word_1_603' title='bbox 1387 4367 1695 4439; x_wconf 86' lang='lat' dir='ltr'><strong>t_deMirac.</strong></span> 
     </span>
    </p>
   </div>
   <div class='ocr_carea' id='block_1_76' title="bbox 135 4437 1697 4511">
    <p class='ocr_par' dir='ltr' id='par_1_76' title="bbox 135 4437 1697 4511">
     <span class='ocr_line' id='line_1_77' title="bbox 135 4437 1697 4511; baseline -0.003 -16"><span class='ocrx_word' id='word_1_604' title='bbox 135 4437 186 4495; x_wconf 79' lang='lat' dir='ltr'><strong>S.</strong></span> <span class='ocrx_word' id='word_1_605' title='bbox 214 4444 443 4507; x_wconf 74' lang='lat' dir='ltr'><strong>Martini,</strong></span> <span class='ocrx_word' id='word_1_606' title='bbox 475 4457 597 4511; x_wconf 87' lang='lat' dir='ltr'><strong>cap.</strong></span> <span class='ocrx_word' id='word_1_607' title='bbox 636 4444 719 4494; x_wconf 82' lang='grc' dir='ltr'><strong>Η.</strong></span> <span class='ocrx_word' id='word_1_608' title='bbox 758 4440 955 4511; x_wconf 81' lang='lat' dir='ltr'><strong>Versus</strong></span> <span class='ocrx_word' id='word_1_609' title='bbox 988 4446 1164 4511; x_wconf 82' lang='lat' dir='ltr'><strong>autem</strong></span> <span class='ocrx_word' id='word_1_610' title='bbox 1197 4438 1283 4511; x_wconf 86' lang='lat' dir='ltr'><strong>hic</strong></span> <span class='ocrx_word' id='word_1_611' title='bbox 1311 4437 1552 4491; x_wconf 86' lang='lat' dir='ltr'><strong>laudatos</strong></span> <span class='ocrx_word' id='word_1_612' title='bbox 1580 4438 1697 4511; x_wconf 84' lang='lat' dir='ltr'><strong>edi-</strong></span> 
     </span>
    </p>
   </div>
   <div class='ocr_carea' id='block_1_77' title="bbox 137 4508 1694 4581">
    <p class='ocr_par' dir='ltr' id='par_1_77' title="bbox 137 4508 1694 4581">
     <span class='ocr_line' id='line_1_78' title="bbox 137 4508 1694 4581; baseline -0.002 -18"><span class='ocrx_word' id='word_1_613' title='bbox 137 4516 201 4565; x_wconf 89' lang='lat' dir='ltr'><strong>dit</strong></span> <span class='ocrx_word' id='word_1_614' title='bbox 224 4508 569 4577; x_wconf 25' lang='lat' dir='ltr'><strong>Slrmondus‘,</strong></span> <span class='ocrx_word' id='word_1_615' title='bbox 612 4512 699 4581; x_wconf 88' lang='lat' dir='ltr'><strong>qui</strong></span> <span class='ocrx_word' id='word_1_616' title='bbox 748 4510 1011 4562; x_wconf 81' lang='lat' dir='ltr'><strong>habentur</strong></span> <span class='ocrx_word' id='word_1_617' title='bbox 1040 4508 1200 4562; x_wconf 81' lang='lat' dir='ltr'><strong>etiam</strong></span> <span class='ocrx_word' id='word_1_618' title='bbox 1244 4508 1299 4561; x_wconf 89' lang='lat' dir='ltr'><strong>in</strong></span> <span class='ocrx_word' id='word_1_619' title='bbox 1328 4518 1474 4561; x_wconf 85' lang='lat' dir='ltr'><strong>tonio</strong></span> <span class='ocrx_word' id='word_1_620' title='bbox 1507 4524 1576 4560; x_wconf 80' lang='lat' dir='ltr'><strong>xv</strong></span> <span class='ocrx_word' id='word_1_621' title='bbox 1608 4510 1694 4561; x_wconf 85' lang='lat' dir='ltr'><strong>Bi-</strong></span> 
     </span>
    </p>
   </div>
   <div class='ocr_carea' id='block_1_78' title="bbox 141 4581 1126 4647">
    <p class='ocr_par' dir='ltr' id='par_1_78' title="bbox 141 4581 1126 4647">
     <span class='ocr_line' id='line_1_79' title="bbox 141 4581 1126 4647; baseline -0.006 -12"><span class='ocrx_word' id='word_1_622' title='bbox 141 4583 308 4638; x_wconf 80' lang='lat' dir='ltr'><strong>bliotb.</strong></span> <span class='ocrx_word' id='word_1_623' title='bbox 343 4586 580 4647; x_wconf 82' lang='lat' dir='ltr'><strong>Patrum,</strong></span> <span class='ocrx_word' id='word_1_624' title='bbox 613 4583 742 4635; x_wconf 91' lang='lat' dir='ltr'><strong>edit.</strong></span> <span class='ocrx_word' id='word_1_625' title='bbox 774 4581 990 4645; x_wconf 73' lang='lat' dir='ltr'><strong>Culum,</strong></span> <span class='ocrx_word' id='word_1_626' title='bbox 1022 4589 1126 4632; x_wconf 89' lang='lat' dir='ltr'><strong>etc.</strong></span> 
     </span>
    </p>
   </div>
   <div class='ocr_carea' id='block_1_79' title="bbox 203 4649 1693 4716">
    <p class='ocr_par' dir='ltr' id='par_1_79' title="bbox 203 4649 1693 4716">
     <span class='ocr_line' id='line_1_80' title="bbox 203 4649 1693 4716; baseline -0.003 -6"><span class='ocrx_word' id='word_1_627' title='bbox 203 4665 223 4691; x_wconf 70' lang='grc' dir='ltr'>ε</span> <span class='ocrx_word' id='word_1_628' title='bbox 246 4657 552 4710; x_wconf 82' lang='lat' dir='ltr'><strong>Goisvintlia</strong></span> <span class='ocrx_word' id='word_1_629' title='bbox 594 4665 709 4708; x_wconf 87' lang='lat' dir='ltr'><strong>erat</strong></span> <span class='ocrx_word' id='word_1_630' title='bbox 742 4650 1105 4704; x_wconf 83' lang='lat' dir='ltr'><strong>Bruneclnldis</strong></span> <span class='ocrx_word' id='word_1_631' title='bbox 1146 4649 1359 4716; x_wconf 70' lang='lat' dir='ltr'><strong>regium,</strong></span> <span class='ocrx_word' id='word_1_632' title='bbox 1400 4651 1581 4703; x_wconf 85' lang='lat' dir='ltr'><strong>uxoris</strong></span> <span class='ocrx_word' id='word_1_633' title='bbox 1609 4649 1693 4705; x_wconf 86' lang='lat' dir='ltr'><strong>Si-</strong></span> 
     </span>
    </p>
   </div>
   <div class='ocr_carea' id='block_1_80' title="bbox 148 4720 1691 4791">
    <p class='ocr_par' dir='ltr' id='par_1_80' title="bbox 148 4720 1691 4791">
     <span class='ocr_line' id='line_1_81' title="bbox 148 4720 1691 4791; baseline -0.004 -12"><span class='ocrx_word' id='word_1_634' title='bbox 148 4722 329 4791; x_wconf 64' lang='grc' dir='ltr'>εἰδέω,</span> <span class='ocrx_word' id='word_1_635' title='bbox 381 4736 576 4789; x_wconf 87' lang='lat' dir='ltr'><strong>mater,</strong></span> <span class='ocrx_word' id='word_1_636' title='bbox 620 4739 778 4789; x_wconf 82' lang='lat' dir='ltr'><strong>quatit</strong></span> <span class='ocrx_word' id='word_1_637' title='bbox 829 4736 1017 4785; x_wconf 74' lang='lat' dir='ltr'><strong>nempe</strong></span> <span class='ocrx_word' id='word_1_638' title='bbox 1062 4736 1126 4773; x_wconf 83' lang='lat' dir='ltr'><strong>ex</strong></span> <span class='ocrx_word' id='word_1_639' title='bbox 1179 4720 1529 4791; x_wconf 77' lang='lat' dir='ltr'><strong>Atltatiagildo</strong></span> <span class='ocrx_word' id='word_1_640' title='bbox 1566 4737 1691 4784; x_wconf 70' lang='lat' dir='ltr'><strong>rege</strong></span> 
     </span>
    </p>
   </div>
   <div class='ocr_carea' id='block_1_81' title="bbox 154 4789 1691 4859">
    <p class='ocr_par' dir='ltr' id='par_1_81' title="bbox 154 4789 1691 4859">
     <span class='ocr_line' id='line_1_82' title="bbox 154 4789 1691 4859; baseline -0.003 -11"><span class='ocrx_word' id='word_1_641' title='bbox 154 4789 445 4857; x_wconf 76' lang='lat' dir='ltr'><strong>prioresuo</strong></span> <span class='ocrx_word' id='word_1_642' title='bbox 496 4796 689 4848; x_wconf 89' lang='lat' dir='ltr'><strong>marito</strong></span> <span class='ocrx_word' id='word_1_643' title='bbox 738 4792 1013 4853; x_wconf 78' lang='lat' dir='ltr'><strong>habuerat,</strong></span> <span class='ocrx_word' id='word_1_644' title='bbox 1070 4789 1396 4859; x_wconf 85' lang='lat' dir='ltr'><strong>proitideque</strong></span> <span class='ocrx_word' id='word_1_645' title='bbox 1445 4791 1691 4858; x_wconf 79' lang='lat' dir='ltr'><strong>lngundis</strong></span> 
     </span>
    </p>
   </div>
   <div class='ocr_carea' id='block_1_82' title="bbox 154 4861 1692 4934">
    <p class='ocr_par' dir='ltr' id='par_1_82' title="bbox 154 4861 1692 4934">
     <span class='ocr_line' id='line_1_83' title="bbox 154 4861 1692 4934; baseline -0.002 -18"><span class='ocrx_word' id='word_1_646' title='bbox 154 4866 265 4921; x_wconf 79' lang='lat' dir='ltr'><strong>avia.</strong></span> <span class='ocrx_word' id='word_1_647' title='bbox 312 4866 458 4923; x_wconf 82' lang='lat' dir='ltr'><strong>Hanc</strong></span> <span class='ocrx_word' id='word_1_648' title='bbox 506 4880 666 4934; x_wconf 88' lang='lat' dir='ltr'><strong>porro</strong></span> <span class='ocrx_word' id='word_1_649' title='bbox 695 4861 1039 4934; x_wconf 76' lang='lat' dir='ltr'><strong>Leuvigildus</strong></span> <span class='ocrx_word' id='word_1_650' title='bbox 1083 4861 1307 4934; x_wconf 77' lang='lat' dir='ltr'><strong>duxerat</strong></span> <span class='ocrx_word' id='word_1_651' title='bbox 1333 4869 1451 4934; x_wconf 78' lang='lat' dir='ltr'><strong>post</strong></span> <span class='ocrx_word' id='word_1_652' title='bbox 1491 4861 1692 4934; x_wconf 82' lang='lat' dir='ltr'><strong>obitum</strong></span> 
     </span>
    </p>
   </div>
   <div class='ocr_carea' id='block_1_83' title="bbox 157 4930 1695 5004">
    <p class='ocr_par' dir='ltr' id='par_1_83' title="bbox 157 4930 1695 5004">
     <span class='ocr_line' id='line_1_84' title="bbox 157 4930 1695 5004; baseline -0.003 -15"><span class='ocrx_word' id='word_1_653' title='bbox 157 4936 317 4998; x_wconf 75' lang='lat' dir='ltr'><strong>prioris</strong></span> <span class='ocrx_word' id='word_1_654' title='bbox 337 4953 447 4993; x_wconf 65' lang='lat' dir='ltr'><strong>suat</strong></span> <span class='ocrx_word' id='word_1_655' title='bbox 475 4930 737 5004; x_wconf 71' lang='lat' dir='ltr'><strong>conjugis,</strong></span> <span class='ocrx_word' id='word_1_656' title='bbox 768 4932 1087 4985; x_wconf 65' lang='lat' dir='ltr'><strong>Theodosia:</strong></span> <span class='ocrx_word' id='word_1_657' title='bbox 1118 4931 1327 5004; x_wconf 85' lang='lat' dir='ltr'><strong>scilicet</strong></span> <span class='ocrx_word' id='word_1_658' title='bbox 1360 4930 1493 5004; x_wconf 81' lang='lat' dir='ltr'><strong>_lili:e</strong></span> <span class='ocrx_word' id='word_1_659' title='bbox 1529 4932 1695 4986; x_wconf 85' lang='lat' dir='ltr'><strong>Seve-</strong></span> 
     </span>
    </p>
   </div>
   <div class='ocr_carea' id='block_1_84' title="bbox 156 5001 1694 5072">
    <p class='ocr_par' dir='ltr' id='par_1_84' title="bbox 156 5001 1694 5072">
     <span class='ocr_line' id='line_1_85' title="bbox 156 5001 1694 5072; baseline -0.001 -15"><span class='ocrx_word' id='word_1_660' title='bbox 156 5006 266 5059; x_wconf 82' lang='lat' dir='ltr'><strong>tiani</strong></span> <span class='ocrx_word' id='word_1_661' title='bbox 290 5009 436 5063; x_wconf 86' lang='lat' dir='ltr'><strong>ducis</strong></span> <span class='ocrx_word' id='word_1_662' title='bbox 460 5001 914 5072; x_wconf 50' lang='lat' dir='ltr'><strong>Cart&#39;ltaginensis,</strong></span> <span class='ocrx_word' id='word_1_663' title='bbox 946 5018 1010 5057; x_wconf 75' lang='lat' dir='ltr'><strong>ex</strong></span> <span class='ocrx_word' id='word_1_664' title='bbox 1042 5016 1146 5068; x_wconf 86' lang='lat' dir='ltr'><strong>qua</strong></span> <span class='ocrx_word' id='word_1_665' title='bbox 1174 5003 1309 5054; x_wconf 87' lang='lat' dir='ltr'><strong>duos</strong></span> <span class='ocrx_word' id='word_1_666' title='bbox 1352 5001 1694 5072; x_wconf 82' lang='lat' dir='ltr'><strong>filiossusce-</strong></span> 
     </span>
    </p>
   </div>
   <div class='ocr_carea' id='block_1_85' title="bbox 157 5071 1697 5145">
    <p class='ocr_par' dir='ltr' id='par_1_85' title="bbox 157 5071 1697 5145">
     <span class='ocr_line' id='line_1_86' title="bbox 157 5071 1697 5145; baseline -0.008 -11"><span class='ocrx_word' id='word_1_667' title='bbox 157 5090 297 5139; x_wconf 75' lang='grc' dir='ltr'>ρεηι.</span> <span class='ocrx_word' id='word_1_668' title='bbox 329 5071 787 5145; x_wconf 78' lang='lat' dir='ltr'><strong>Hermenegildum</strong></span> <span class='ocrx_word' id='word_1_669' title='bbox 822 5072 1071 5145; x_wconf 15' lang='lat' dir='ltr'><strong>littgundis</strong></span> <span class='ocrx_word' id='word_1_670' title='bbox 1103 5072 1370 5145; x_wconf 84' lang='lat' dir='ltr'><strong>maritum,</strong></span> <span class='ocrx_word' id='word_1_671' title='bbox 1419 5071 1697 5145; x_wconf 68' lang='lat' dir='ltr'><strong>etliecea-</strong></span> 
     </span>
    </p>
   </div>
   <div class='ocr_carea' id='block_1_86' title="bbox 156 5141 1692 5216">
    <p class='ocr_par' dir='ltr' id='par_1_86' title="bbox 156 5141 1692 5216">
     <span class='ocr_line' id='line_1_87' title="bbox 156 5141 1692 5216; baseline -0.004 -15"><span class='ocrx_word' id='word_1_672' title='bbox 156 5149 332 5216; x_wconf 58' lang='lat' dir='ltr'><strong>tedam,</strong></span> <span class='ocrx_word' id='word_1_673' title='bbox 361 5149 446 5204; x_wconf 89' lang='lat' dir='ltr'><strong>cui</strong></span> <span class='ocrx_word' id='word_1_674' title='bbox 476 5141 797 5216; x_wconf 79' lang='lat' dir='ltr'><strong>desponsata</strong></span> <span class='ocrx_word' id='word_1_675' title='bbox 829 5144 924 5195; x_wconf 81' lang='lat' dir='ltr'><strong>fuit</strong></span> <span class='ocrx_word' id='word_1_676' title='bbox 953 5144 1231 5211; x_wconf 77' lang='lat' dir='ltr'><strong>Higunthis</strong></span> <span class='ocrx_word' id='word_1_677' title='bbox 1251 5142 1531 5209; x_wconf 73' lang='lat' dir='ltr'><strong>Cliilperici</strong></span> <span class='ocrx_word' id='word_1_678' title='bbox 1567 5141 1692 5216; x_wconf 79' lang='lat' dir='ltr'><strong>lilia.</strong></span> 
     </span>
    </p>
   </div>
   <div class='ocr_carea' id='block_1_87' title="bbox 161 5213 1695 5285">
    <p class='ocr_par' dir='ltr' id='par_1_87' title="bbox 161 5213 1695 5285">
     <span class='ocr_line' id='line_1_88' title="bbox 161 5213 1695 5285; baseline -0.007 -11"><span class='ocrx_word' id='word_1_679' title='bbox 161 5213 457 5274; x_wconf 59' lang='lat' dir='ltr'><strong>“occandus</strong></span> <span class='ocrx_word' id='word_1_680' title='bbox 482 5213 714 5285; x_wconf 73' lang='lat' dir='ltr'><strong>denique</strong></span> <span class='ocrx_word' id='word_1_681' title='bbox 740 5225 857 5281; x_wconf 81' lang='lat' dir='ltr'><strong>post</strong></span> <span class='ocrx_word' id='word_1_682' title='bbox 882 5217 1060 5267; x_wconf 77' lang='lat' dir='ltr'><strong>fratris</strong></span> <span class='ocrx_word' id='word_1_683' title='bbox 1086 5227 1271 5285; x_wconf 80' lang='lat' dir='ltr'><strong>necem</strong></span> <span class='ocrx_word' id='word_1_684' title='bbox 1303 5224 1357 5265; x_wconf 88' lang='lat' dir='ltr'><strong>et</strong></span> <span class='ocrx_word' id='word_1_685' title='bbox 1382 5223 1546 5285; x_wconf 76' lang='lat' dir='ltr'><strong>patris</strong></span> <span class='ocrx_word' id='word_1_686' title='bbox 1575 5214 1695 5265; x_wconf 86' lang='lat' dir='ltr'><strong>obi-</strong></span> 
     </span>
    </p>
   </div>
   <div class='ocr_carea' id='block_1_88' title="bbox 160 5282 1693 5359">
    <p class='ocr_par' dir='ltr' id='par_1_88' title="bbox 160 5282 1693 5359">
     <span class='ocr_line' id='line_1_89' title="bbox 160 5282 1693 5359; baseline -0.001 -24"><span class='ocrx_word' id='word_1_687' title='bbox 160 5296 262 5352; x_wconf 85' lang='lat' dir='ltr'><strong>tum,</strong></span> <span class='ocrx_word' id='word_1_688' title='bbox 289 5290 475 5359; x_wconf 81' lang='lat' dir='ltr'><strong>adepto</strong></span> <span class='ocrx_word' id='word_1_689' title='bbox 501 5282 685 5357; x_wconf 72' lang='lat' dir='ltr'><strong>regno,</strong></span> <span class='ocrx_word' id='word_1_690' title='bbox 730 5301 798 5339; x_wconf 81' lang='lat' dir='ltr'><strong>ex</strong></span> <span class='ocrx_word' id='word_1_691' title='bbox 847 5287 1044 5337; x_wconf 66' lang='lat' dir='ltr'><strong>Arianu</strong></span> <span class='ocrx_word' id='word_1_692' title='bbox 1070 5282 1361 5359; x_wconf 66' lang='lat' dir='ltr'><strong>catliolicus</strong></span> <span class='ocrx_word' id='word_1_693' title='bbox 1414 5282 1581 5335; x_wconf 90' lang='lat' dir='ltr'><strong>factus</strong></span> <span class='ocrx_word' id='word_1_694' title='bbox 1608 5293 1693 5359; x_wconf 81' lang='lat' dir='ltr'><strong>to_-</strong></span> 
     </span>
    </p>
   </div>
   <div class='ocr_carea' id='block_1_89' title="bbox 154 5353 1696 5429">
    <p class='ocr_par' dir='ltr' id='par_1_89' title="bbox 154 5353 1696 5429">
     <span class='ocr_line' id='line_1_90' title="bbox 154 5353 1696 5429; baseline -0.006 -17"><span class='ocrx_word' id='word_1_695' title='bbox 154 5366 243 5412; x_wconf 78' lang='lat' dir='ltr'><strong>tam</strong></span> <span class='ocrx_word' id='word_1_696' title='bbox 292 5353 726 5429; x_wconf 65' lang='lat' dir='ltr'><strong>Wisigottnbrutn</strong></span> <span class='ocrx_word' id='word_1_697' title='bbox 772 5363 982 5424; x_wconf 82' lang='lat' dir='ltr'><strong>gentem</strong></span> <span class='ocrx_word' id='word_1_698' title='bbox 1027 5354 1092 5406; x_wconf 90' lang='lat' dir='ltr'><strong>ad</strong></span> <span class='ocrx_word' id='word_1_699' title='bbox 1144 5354 1299 5405; x_wconf 86' lang='lat' dir='ltr'><strong>fidem</strong></span> <span class='ocrx_word' id='word_1_700' title='bbox 1351 5366 1544 5429; x_wconf 76' lang='lat' dir='ltr'><strong>reeiam</strong></span> <span class='ocrx_word' id='word_1_701' title='bbox 1602 5353 1696 5429; x_wconf 77' lang='lat' dir='ltr'><strong>ad-</strong></span> 
     </span>
    </p>
   </div>
   <div class='ocr_carea' id='block_1_90' title="bbox 147 5423 1700 5499">
    <p class='ocr_par' dir='ltr' id='par_1_90' title="bbox 147 5423 1700 5499">
     <span class='ocr_line' id='line_1_91' title="bbox 147 5423 1700 5499; baseline -0.006 -18"><span class='ocrx_word' id='word_1_702' title='bbox 147 5432 299 5485; x_wconf 76' lang='lat' dir='ltr'><strong>duxit.</strong></span> <span class='ocrx_word' id='word_1_703' title='bbox 329 5423 456 5499; x_wconf 63' lang='lat' dir='ltr'><strong>Quae</strong></span> <span class='ocrx_word' id='word_1_704' title='bbox 485 5430 665 5484; x_wconf 85' lang='lat' dir='ltr'><strong>omnia</strong></span> <span class='ocrx_word' id='word_1_705' title='bbox 688 5423 1173 5499; x_wconf 27' lang='lat' dir='ltr'><strong>observareLVisutn</strong></span> <span class='ocrx_word' id='word_1_706' title='bbox 1205 5435 1286 5499; x_wconf 73' lang='lat' dir='ltr'><strong>est</strong></span> <span class='ocrx_word' id='word_1_707' title='bbox 1317 5425 1381 5473; x_wconf 89' lang='lat' dir='ltr'><strong>ad</strong></span> <span class='ocrx_word' id='word_1_708' title='bbox 1416 5424 1578 5499; x_wconf 74' lang='lat' dir='ltr'><strong>totius</strong></span> <span class='ocrx_word' id='word_1_709' title='bbox 1603 5423 1700 5474; x_wconf 88' lang='lat' dir='ltr'><strong>hu-</strong></span> 
     </span>
    </p>
   </div>
   <div class='ocr_carea' id='block_1_91' title="bbox 142 5492 1698 5569">
    <p class='ocr_par' dir='ltr' id='par_1_91' title="bbox 142 5492 1698 5569">
     <span class='ocr_line' id='line_1_92' title="bbox 142 5492 1698 5569; baseline -0.007 -16"><span class='ocrx_word' id='word_1_710' title='bbox 142 5500 222 5569; x_wconf 84' lang='lat' dir='ltr'><strong>jus</strong></span> <span class='ocrx_word' id='word_1_711' title='bbox 246 5492 424 5567; x_wconf 59' lang='lat' dir='ltr'><strong>capitis</strong></span> <span class='ocrx_word' id='word_1_712' title='bbox 451 5515 503 5557; x_wconf 90' lang='lat' dir='ltr'><strong>et</strong></span> <span class='ocrx_word' id='word_1_713' title='bbox 525 5514 737 5561; x_wconf 88' lang='lat' dir='ltr'><strong>eorum,</strong></span> <span class='ocrx_word' id='word_1_714' title='bbox 768 5510 887 5569; x_wconf 63' lang='lat' dir='ltr'><strong>quae</strong></span> <span class='ocrx_word' id='word_1_715' title='bbox 915 5495 1218 5569; x_wconf 78' lang='lat' dir='ltr'><strong>inferiusea</strong></span> <span class='ocrx_word' id='word_1_716' title='bbox 1243 5493 1309 5544; x_wconf 88' lang='lat' dir='ltr'><strong>de</strong></span> <span class='ocrx_word' id='word_1_717' title='bbox 1334 5508 1391 5545; x_wconf 86' lang='lat' dir='ltr'><strong>re</strong></span> <span class='ocrx_word' id='word_1_718' title='bbox 1416 5492 1698 5569; x_wconf 84' lang='lat' dir='ltr'><strong>habentur,</strong></span> 
     </span>
    </p>
   </div>
   <div class='ocr_carea' id='block_1_92' title="bbox 143 5565 1704 5639">
    <p class='ocr_par' dir='ltr' id='par_1_92' title="bbox 143 5565 1704 5639">
     <span class='ocr_line' id='line_1_93' title="bbox 143 5565 1704 5639; baseline -0.007 -15"><span class='ocrx_word' id='word_1_719' title='bbox 143 5565 413 5627; x_wconf 54' lang='lat' dir='ltr'><strong>notionem.</strong></span> <span class='ocrx_word' id='word_1_720' title='bbox 447 5574 520 5626; x_wconf 86' lang='lat' dir='ltr'><strong>lle</strong></span> <span class='ocrx_word' id='word_1_721' title='bbox 571 5565 1230 5639; x_wconf 12' lang='lat' dir='ltr'><strong>persecmioueAverorlitc</strong></span> <span class='ocrx_word' id='word_1_722' title='bbox 1272 5567 1704 5639; x_wconf 62' lang='lat' dir='ltr'><strong>titettitirata,__vi-</strong></span> 
     </span>
    </p>
   </div>
   <div class='ocr_carea' id='block_1_93' title="bbox 141 5631 1647 5712">
    <p class='ocr_par' dir='ltr' id='par_1_93' title="bbox 141 5631 1647 5712">
     <span class='ocr_line' id='line_1_94' title="bbox 141 5631 1647 5712; baseline -0.01 -16"><span class='ocrx_word' id='word_1_723' title='bbox 141 5643 329 5696; x_wconf 72' lang='lat' dir='ltr'><strong>dendan</strong></span> <span class='ocrx_word' id='word_1_724' title='bbox 355 5631 828 5712; x_wconf 54' lang='lat' dir='ltr'><strong>quoque&#39;lsiderus</strong></span> <span class='ocrx_word' id='word_1_725' title='bbox 855 5638 913 5712; x_wconf 73' lang='lat' dir='ltr'><strong>in</strong></span> <span class='ocrx_word' id='word_1_726' title='bbox 934 5634 1201 5712; x_wconf 72' lang='lat' dir='ltr'><strong>Clirunicii</strong></span> <span class='ocrx_word' id='word_1_727' title='bbox 1232 5635 1300 5712; x_wconf 74' lang='lat' dir='ltr'><strong>aii</strong></span> <span class='ocrx_word' id='word_1_728' title='bbox 1325 5631 1647 5712; x_wconf 43' lang='lat' dir='ltr'><strong>IlttﬁallanOG.</strong></span> 
     </span>
    </p>
   </div>
   <div class='ocr_carea' id='block_1_94' title="bbox 205 5703 1703 5777">
    <p class='ocr_par' dir='ltr' id='par_1_94' title="bbox 205 5703 1703 5777">
     <span class='ocr_line' id='line_1_95' title="bbox 205 5703 1703 5777; baseline -0.006 -14"><span class='ocrx_word' id='word_1_729' title='bbox 205 5713 227 5750; x_wconf 78' lang='grc'><em>⁴</em></span> <span class='ocrx_word' id='word_1_730' title='bbox 249 5716 344 5770; x_wconf 73' lang='lat' dir='ltr'><strong>Alii</strong></span> <span class='ocrx_word' id='word_1_731' title='bbox 373 5703 575 5777; x_wconf 37' lang='lat' dir='ltr'><strong>Icotitlw</strong></span> <span class='ocrx_word' id='word_1_732' title='bbox 632 5707 1034 5777; x_wconf 67' lang='lat' dir='ltr'><strong>Athanagifdus,</strong></span> <span class='ocrx_word' id='word_1_733' title='bbox 1086 5703 1455 5777; x_wconf 59' lang='grc' dir='ltr'><strong>ΑειιιιιιειιίιιίβεΓ</strong></span> <span class='ocrx_word' id='word_1_734' title='bbox 1477 5774 1485 5777; x_wconf 19' lang='grc' dir='ltr'><strong>Δ</strong></span> <span class='ocrx_word' id='word_1_735' title='bbox 1509 5703 1625 5777; x_wconf 85' lang='lat' dir='ltr'><strong>Sic_</strong></span> <span class='ocrx_word' id='word_1_736' title='bbox 1650 5712 1703 5755; x_wconf 90' lang='lat' dir='ltr'><strong>et</strong></span> 
     </span>
    </p>
   </div>
   <div class='ocr_carea' id='block_1_95' title="bbox 143 5770 1700 5853">
    <p class='ocr_par' dir='ltr' id='par_1_95' title="bbox 143 5770 1700 5853">
     <span class='ocr_line' id='line_1_96' title="bbox 143 5770 1700 5853; baseline -0.01 -15"><span class='ocrx_word' id='word_1_737' title='bbox 143 5785 469 5853; x_wconf 73' lang='lat' dir='ltr'><strong>Lariqildttt,</strong></span> <span class='ocrx_word' id='word_1_738' title='bbox 498 5770 867 5843; x_wconf 59' lang='lat' dir='ltr'><strong>Léuvihitdus,</strong></span> <span class='ocrx_word' id='word_1_739' title='bbox 898 5774 1253 5839; x_wconf 77' lang='lat' dir='ltr'><strong>Leurtcluldis,</strong></span> <span class='ocrx_word' id='word_1_740' title='bbox 1285 5774 1568 5838; x_wconf 74' lang='lat' dir='ltr'><strong>chicldus,</strong></span> <span class='ocrx_word' id='word_1_741' title='bbox 1602 5770 1700 5824; x_wconf 85' lang='lat' dir='ltr'><strong>Le-</strong></span> 
     </span>
    </p>
   </div>
   <div class='ocr_carea' id='block_1_96' title="bbox 1802 3256 3372 3321">
    <p class='ocr_par' dir='ltr' id='par_1_96' title="bbox 1802 3256 3372 3321">
     <span class='ocr_line' id='line_1_97' title="bbox 1802 3256 3372 3321; baseline 0.008 -12"><span class='ocrx_word' id='word_1_742' title='bbox 1802 3256 2073 3311; x_wconf 89' lang='lat' dir='ltr'><strong>osculatus</strong></span> <span class='ocrx_word' id='word_1_743' title='bbox 2104 3267 2187 3312; x_wconf 86' lang='lat' dir='ltr'><strong>est</strong></span> <span class='ocrx_word' id='word_1_744' title='bbox 2215 3271 2359 3320; x_wconf 88' lang='lat' dir='ltr'><strong>eum,</strong></span> <span class='ocrx_word' id='word_1_745' title='bbox 2405 3267 2458 3312; x_wconf 89' lang='lat' dir='ltr'><strong>et</strong></span> <span class='ocrx_word' id='word_1_746' title='bbox 2485 3257 2695 3311; x_wconf 89' lang='lat' dir='ltr'><strong>blandis</strong></span> <span class='ocrx_word' id='word_1_747' title='bbox 2736 3261 3071 3314; x_wconf 88' lang='lat' dir='ltr'><strong>sermonibus</strong></span> <span class='ocrx_word' id='word_1_748' title='bbox 3097 3263 3372 3321; x_wconf 86' lang='lat' dir='ltr'><strong>deliuituut</strong></span> 
     </span>
    </p>
   </div>
   <div class='ocr_carea' id='block_1_97' title="bbox 1801 3349 3375 3426">
    <p class='ocr_par' dir='ltr' id='par_1_97' title="bbox 1801 3349 3375 3426">
     <span class='ocr_line' id='line_1_98' title="bbox 1801 3349 3375 3426; baseline 0.011 -25"><span class='ocrx_word' id='word_1_749' title='bbox 1801 3349 1956 3403; x_wconf 79' lang='lat' dir='ltr'><strong>duxit</strong></span> <span class='ocrx_word' id='word_1_750' title='bbox 1978 3351 2043 3403; x_wconf 90' lang='lat' dir='ltr'><strong>ad</strong></span> <span class='ocrx_word' id='word_1_751' title='bbox 2066 3361 2237 3405; x_wconf 89' lang='lat' dir='ltr'><strong>castra</strong></span> <span class='ocrx_word' id='word_1_752' title='bbox 2262 3368 2276 3417; x_wconf 91' lang='lat'>;</span> <span class='ocrx_word' id='word_1_753' title='bbox 2303 3350 2602 3419; x_wconf 83' lang='lat' dir='ltr'><strong>oblitusque</strong></span> <span class='ocrx_word' id='word_1_754' title='bbox 2625 3356 2943 3407; x_wconf 89' lang='lat' dir='ltr'><strong>sacramenti</strong></span> <span class='ocrx_word' id='word_1_755' title='bbox 2968 3354 3139 3410; x_wconf 88' lang='lat' dir='ltr'><strong>innuit</strong></span> <span class='ocrx_word' id='word_1_756' title='bbox 3165 3360 3295 3426; x_wconf 70' lang='lat' dir='ltr'><strong>suis,</strong></span> <span class='ocrx_word' id='word_1_757' title='bbox 3322 3371 3375 3418; x_wconf 89' lang='lat' dir='ltr'><strong>et</strong></span> 
     </span>
    </p>
   </div>
   <div class='ocr_carea' id='block_1_98' title="bbox 1799 3439 3375 3511">
    <p class='ocr_par' dir='ltr' id='par_1_98' title="bbox 1799 3439 3375 3511">
     <span class='ocr_line' id='line_1_99' title="bbox 1799 3439 3375 3511; baseline 0.008 -20"><span class='ocrx_word' id='word_1_758' title='bbox 1799 3439 2191 3507; x_wconf 85' lang='lat' dir='ltr'><strong>apprehensum</strong></span> <span class='ocrx_word' id='word_1_759' title='bbox 2223 3442 2474 3511; x_wconf 86' lang='lat' dir='ltr'><strong>spoliavit</strong></span> <span class='ocrx_word' id='word_1_760' title='bbox 2500 3457 2621 3497; x_wconf 89' lang='lat' dir='ltr'><strong>eum</strong></span> <span class='ocrx_word' id='word_1_761' title='bbox 2648 3443 2975 3499; x_wconf 90' lang='lat' dir='ltr'><strong>indumentis</strong></span> <span class='ocrx_word' id='word_1_762' title='bbox 3000 3448 3132 3506; x_wconf 85' lang='lat' dir='ltr'><strong>suis.</strong></span> <span class='ocrx_word' id='word_1_763' title='bbox 3176 3450 3375 3504; x_wconf 86' lang='lat' dir='ltr'><strong>induit-</strong></span> 
     </span>
    </p>
   </div>
   <div class='ocr_carea' id='block_1_99' title="bbox 1802 3531 3369 3610">
    <p class='ocr_par' dir='ltr' id='par_1_99' title="bbox 1802 3531 3369 3610">
     <span class='ocr_line' id='line_1_100' title="bbox 1802 3531 3369 3610; baseline 0.007 -26"><span class='ocrx_word' id='word_1_764' title='bbox 1802 3531 2066 3599; x_wconf 87' lang='lat' dir='ltr'><strong>queillum</strong></span> <span class='ocrx_word' id='word_1_765' title='bbox 2092 3542 2238 3587; x_wconf 88' lang='lat' dir='ltr'><strong>veste</strong></span> <span class='ocrx_word' id='word_1_766' title='bbox 2260 3535 2370 3600; x_wconf 91' lang='lat' dir='ltr'><strong>vili,</strong></span> <span class='ocrx_word' id='word_1_767' title='bbox 2398 3550 2780 3604; x_wconf 78' lang='lat' dir='ltr'><strong>regressusque</strong></span> <span class='ocrx_word' id='word_1_768' title='bbox 2801 3537 2867 3589; x_wconf 90' lang='lat' dir='ltr'><strong>ad</strong></span> <span class='ocrx_word' id='word_1_769' title='bbox 2893 3537 3073 3592; x_wconf 83' lang='lat' dir='ltr'><strong>urbem</strong></span> <span class='ocrx_word' id='word_1_770' title='bbox 3099 3539 3369 3610; x_wconf 86' lang='lat' dir='ltr'><strong>Toletum,</strong></span> 
     </span>
    </p>
   </div>
   <div class='ocr_carea' id='block_1_100' title="bbox 1798 3624 3366 3694">
    <p class='ocr_par' dir='ltr' id='par_1_100' title="bbox 1798 3624 3366 3694">
     <span class='ocr_line' id='line_1_101' title="bbox 1798 3624 3366 3694; baseline 0.009 -18"><span class='ocrx_word' id='word_1_771' title='bbox 1798 3624 1990 3679; x_wconf 88' lang='lat' dir='ltr'><strong>ablatis</strong></span> <span class='ocrx_word' id='word_1_772' title='bbox 2021 3626 2199 3692; x_wconf 87' lang='lat' dir='ltr'><strong>pueris</strong></span> <span class='ocrx_word' id='word_1_773' title='bbox 2221 3626 2359 3694; x_wconf 88' lang='lat' dir='ltr'><strong>ejus,</strong></span> <span class='ocrx_word' id='word_1_774' title='bbox 2387 3627 2531 3681; x_wconf 90' lang='lat' dir='ltr'><strong>misit</strong></span> <span class='ocrx_word' id='word_1_775' title='bbox 2552 3642 2674 3682; x_wconf 91' lang='lat' dir='ltr'><strong>eum</strong></span> <span class='ocrx_word' id='word_1_776' title='bbox 2701 3630 2750 3681; x_wconf 90' lang='lat' dir='ltr'><strong>in</strong></span> <span class='ocrx_word' id='word_1_777' title='bbox 2774 3630 3019 3684; x_wconf 82' lang='lat' dir='ltr'><strong>exsilium</strong></span> <span class='ocrx_word' id='word_1_778' title='bbox 3047 3634 3061 3682; x_wconf 71' lang='grc' dir='ltr'><strong><em>Ξ</em></strong></span> <span class='ocrx_word' id='word_1_779' title='bbox 3096 3647 3218 3688; x_wconf 91' lang='lat' dir='ltr'><strong>cum</strong></span> <span class='ocrx_word' id='word_1_780' title='bbox 3259 3652 3366 3690; x_wconf 91' lang='lat' dir='ltr'><strong>uno</strong></span> 
     </span>
    </p>
   </div>
   <div class='ocr_carea' id='block_1_101' title="bbox 1801 3719 2276 3785">
    <p class='ocr_par' dir='ltr' id='par_1_101' title="bbox 1801 3719 2276 3785">
     <span class='ocr_line' id='line_1_102' title="bbox 1801 3719 2276 3785; baseline 0.004 -16"><span class='ocrx_word' id='word_1_781' title='bbox 1801 3723 2005 3769; x_wconf 90' lang='lat' dir='ltr'><strong>tantum</strong></span> <span class='ocrx_word' id='word_1_782' title='bbox 2030 3719 2276 3785; x_wconf 88' lang='lat' dir='ltr'><strong>puerulo.</strong></span> 
     </span>
    </p>
   </div>
   <div class='ocr_carea' id='block_1_102' title="bbox 1798 3867 3375 3935">
    <p class='ocr_par' dir='ltr' id='par_1_102' title="bbox 1798 3867 3375 3935">
     <span class='ocr_line' id='line_1_103' title="bbox 1798 3867 3375 3935; baseline 0.007 -14"><span class='ocrx_word' id='word_1_783' title='bbox 1798 3867 2009 3922; x_wconf 81' lang='lat' dir='ltr'><strong>viheldis</strong></span> <span class='ocrx_word' id='word_1_784' title='bbox 2032 3883 2050 3919; x_wconf 92' lang='lat'><strong><em>:</em></strong></span> <span class='ocrx_word' id='word_1_785' title='bbox 2081 3883 2199 3935; x_wconf 58' lang='lat' dir='ltr'><strong>qua:</strong></span> <span class='ocrx_word' id='word_1_786' title='bbox 2228 3868 2483 3922; x_wconf 77' lang='lat' dir='ltr'><strong>lectiones</strong></span> <span class='ocrx_word' id='word_1_787' title='bbox 2512 3870 2670 3922; x_wconf 77' lang='lat' dir='ltr'><strong>varie</strong></span> <span class='ocrx_word' id='word_1_788' title='bbox 2717 3869 2769 3922; x_wconf 89' lang='lat' dir='ltr'><strong>in</strong></span> <span class='ocrx_word' id='word_1_789' title='bbox 2804 3872 2963 3925; x_wconf 87' lang='lat' dir='ltr'><strong>variis</strong></span> <span class='ocrx_word' id='word_1_790' title='bbox 2988 3873 3148 3929; x_wconf 89' lang='lat' dir='ltr'><strong>codd.</strong></span> <span class='ocrx_word' id='word_1_791' title='bbox 3184 3890 3375 3931; x_wconf 84' lang='lat' dir='ltr'><strong>occur-</strong></span> 
     </span>
    </p>
   </div>
   <div class='ocr_carea' id='block_1_103' title="bbox 1801 3938 3063 4007">
    <p class='ocr_par' dir='ltr' id='par_1_103' title="bbox 1801 3938 3063 4007">
     <span class='ocr_line' id='line_1_104' title="bbox 1801 3938 3063 4007; baseline 0.005 -15"><span class='ocrx_word' id='word_1_792' title='bbox 1801 3946 1946 3999; x_wconf 87' lang='lat' dir='ltr'><strong>runt,</strong></span> <span class='ocrx_word' id='word_1_793' title='bbox 1977 3939 2184 4005; x_wconf 88' lang='lat' dir='ltr'><strong>quoties</strong></span> <span class='ocrx_word' id='word_1_794' title='bbox 2216 3938 2323 3991; x_wconf 89' lang='lat' dir='ltr'><strong>fere</strong></span> <span class='ocrx_word' id='word_1_795' title='bbox 2356 3940 2466 3990; x_wconf 82' lang='lat' dir='ltr'><strong>haec</strong></span> <span class='ocrx_word' id='word_1_796' title='bbox 2493 3954 2703 3991; x_wconf 75' lang='lat' dir='ltr'><strong>nomina</strong></span> <span class='ocrx_word' id='word_1_797' title='bbox 2736 3950 3063 4007; x_wconf 82' lang='lat' dir='ltr'><strong>repetuntur.</strong></span> 
     </span>
    </p>
   </div>
   <div class='ocr_carea' id='block_1_104' title="bbox 1873 4008 2832 4073">
    <p class='ocr_par' dir='ltr' id='par_1_104' title="bbox 1873 4008 2832 4073">
     <span class='ocr_line' id='line_1_105' title="bbox 1873 4008 2832 4073; baseline 0 -12"><span class='ocrx_word' id='word_1_798' title='bbox 1873 4020 1897 4046; x_wconf 75' lang='grc' dir='ltr'><strong>ο</strong></span> <span class='ocrx_word' id='word_1_799' title='bbox 1918 4008 2121 4071; x_wconf 87' lang='lat' dir='ltr'><strong>Casitt.,</strong></span> <span class='ocrx_word' id='word_1_800' title='bbox 2153 4008 2241 4060; x_wconf 79' lang='lat' dir='ltr'><strong>sed</strong></span> <span class='ocrx_word' id='word_1_801' title='bbox 2269 4024 2381 4073; x_wconf 75' lang='lat' dir='ltr'><strong>qua:</strong></span> <span class='ocrx_word' id='word_1_802' title='bbox 2406 4009 2613 4060; x_wconf 76' lang='lat' dir='ltr'><strong>diversis</strong></span> <span class='ocrx_word' id='word_1_803' title='bbox 2644 4021 2832 4061; x_wconf 84' lang='lat' dir='ltr'><strong>notam.</strong></span> 
     </span>
    </p>
   </div>
   <div class='ocr_carea' id='block_1_105' title="bbox 1876 4078 3371 4153">
    <p class='ocr_par' dir='ltr' id='par_1_105' title="bbox 1876 4078 3371 4153">
     <span class='ocr_line' id='line_1_106' title="bbox 1876 4078 3371 4153; baseline 0.007 -22"><span class='ocrx_word' id='word_1_804' title='bbox 1876 4078 1893 4153; x_wconf 52' lang='grc' dir='ltr'>ζ</span> <span class='ocrx_word' id='word_1_805' title='bbox 1923 4079 2047 4140; x_wconf 86' lang='lat' dir='ltr'><strong>Hac,</strong></span> <span class='ocrx_word' id='word_1_806' title='bbox 2078 4081 2151 4130; x_wconf 86' lang='grc' dir='ltr'>ιιιὶ</span> <span class='ocrx_word' id='word_1_807' title='bbox 2177 4080 2401 4153; x_wconf 83' lang='lat' dir='ltr'><strong>videtur,</strong></span> <span class='ocrx_word' id='word_1_808' title='bbox 2434 4079 3081 4153; x_wconf 14' lang='lat' dir='ltr'><strong>oi&#39;casjonenLeuvigildus</strong></span> <span class='ocrx_word' id='word_1_809' title='bbox 3103 4086 3371 4153; x_wconf 88' lang='lat' dir='ltr'><strong>synodum</strong></span> 
     </span>
    </p>
   </div>
   <div class='ocr_carea' id='block_1_106' title="bbox 1799 4150 3364 4219">
    <p class='ocr_par' dir='ltr' id='par_1_106' title="bbox 1799 4150 3364 4219">
     <span class='ocr_line' id='line_1_107' title="bbox 1799 4150 3364 4219; baseline 0.005 -16"><span class='ocrx_word' id='word_1_810' title='bbox 1799 4150 2167 4216; x_wconf 75' lang='lat' dir='ltr'><strong>episcOporum</strong></span> <span class='ocrx_word' id='word_1_811' title='bbox 2221 4151 2536 4219; x_wconf 84' lang='lat' dir='ltr'><strong>Arianorum</strong></span> <span class='ocrx_word' id='word_1_812' title='bbox 2566 4150 2737 4203; x_wconf 82' lang='lat' dir='ltr'><strong>Toleli</strong></span> <span class='ocrx_word' id='word_1_813' title='bbox 2766 4151 2955 4219; x_wconf 69' lang='grc' dir='ltr'><strong>ροιιείι,</strong></span> <span class='ocrx_word' id='word_1_814' title='bbox 2990 4154 3076 4205; x_wconf 90' lang='lat' dir='ltr'><strong>ubi</strong></span> <span class='ocrx_word' id='word_1_815' title='bbox 3110 4150 3364 4211; x_wconf 81' lang='lat' dir='ltr'><strong>statutum</strong></span> 
     </span>
    </p>
   </div>
   <div class='ocr_carea' id='block_1_107' title="bbox 1800 4218 3371 4293">
    <p class='ocr_par' dir='ltr' id='par_1_107' title="bbox 1800 4218 3371 4293">
     <span class='ocr_line' id='line_1_108' title="bbox 1800 4218 3371 4293; baseline 0.007 -25"><span class='ocrx_word' id='word_1_816' title='bbox 1800 4233 1904 4283; x_wconf 82' lang='lat' dir='ltr'><strong>est,</strong></span> <span class='ocrx_word' id='word_1_817' title='bbox 1938 4233 1996 4273; x_wconf 88' lang='lat' dir='ltr'><strong>ut</strong></span> <span class='ocrx_word' id='word_1_818' title='bbox 2022 4236 2108 4288; x_wconf 84' lang='lat' dir='ltr'><strong>qui</strong></span> <span class='ocrx_word' id='word_1_819' title='bbox 2139 4222 2216 4293; x_wconf 86' lang='lat' dir='ltr'><strong>de</strong></span> <span class='ocrx_word' id='word_1_820' title='bbox 2238 4218 2471 4271; x_wconf 74' lang='lat' dir='ltr'><strong>Romana</strong></span> <span class='ocrx_word' id='word_1_821' title='bbox 2498 4220 2753 4293; x_wconf 76' lang='lat' dir='ltr'><strong>religione</strong></span> <span class='ocrx_word' id='word_1_822' title='bbox 2780 4222 2843 4272; x_wconf 88' lang='lat' dir='ltr'><strong>ad</strong></span> <span class='ocrx_word' id='word_1_823' title='bbox 2872 4218 3060 4275; x_wconf 80' lang='lat' dir='ltr'><strong>eorum</strong></span> <span class='ocrx_word' id='word_1_824' title='bbox 3087 4236 3259 4293; x_wconf 77' lang='lat' dir='ltr'><strong>partes</strong></span> <span class='ocrx_word' id='word_1_825' title='bbox 3282 4244 3371 4280; x_wconf 89' lang='lat' dir='ltr'><strong>ae-</strong></span> 
     </span>
    </p>
   </div>
   <div class='ocr_carea' id='block_1_108' title="bbox 1800 4289 3365 4361">
    <p class='ocr_par' dir='ltr' id='par_1_108' title="bbox 1800 4289 3365 4361">
     <span class='ocr_line' id='line_1_109' title="bbox 1800 4289 3365 4361; baseline 0.001 -16"><span class='ocrx_word' id='word_1_826' title='bbox 1800 4293 2034 4355; x_wconf 88' lang='lat' dir='ltr'><strong>cederet,</strong></span> <span class='ocrx_word' id='word_1_827' title='bbox 2058 4306 2161 4342; x_wconf 85' lang='lat' dir='ltr'><strong>non</strong></span> <span class='ocrx_word' id='word_1_828' title='bbox 2190 4291 2407 4344; x_wconf 63' lang='lat' dir='ltr'><strong>deberet</strong></span> <span class='ocrx_word' id='word_1_829' title='bbox 2434 4289 2769 4356; x_wconf 78' lang='lat' dir='ltr'><strong>rebaptizari.</strong></span> <span class='ocrx_word' id='word_1_830' title='bbox 2803 4292 2897 4344; x_wconf 88' lang='lat' dir='ltr'><strong>sed</strong></span> <span class='ocrx_word' id='word_1_831' title='bbox 2937 4289 3108 4346; x_wconf 80' lang='lat' dir='ltr'><strong>solum</strong></span> <span class='ocrx_word' id='word_1_832' title='bbox 3149 4296 3365 4361; x_wconf 84' lang='lat' dir='ltr'><strong>imposi-</strong></span> 
     </span>
    </p>
   </div>
   <div class='ocr_carea' id='block_1_109' title="bbox 1802 4361 3366 4433">
    <p class='ocr_par' dir='ltr' id='par_1_109' title="bbox 1802 4361 3366 4433">
     <span class='ocr_line' id='line_1_110' title="bbox 1802 4361 3366 4433; baseline 0.005 -20"><span class='ocrx_word' id='word_1_833' title='bbox 1802 4363 1945 4433; x_wconf 75' lang='lat' dir='ltr'><strong>tione</strong></span> <span class='ocrx_word' id='word_1_834' title='bbox 1992 4375 2199 4433; x_wconf 69' lang='lat' dir='ltr'><strong>&quot;latins,</strong></span> <span class='ocrx_word' id='word_1_835' title='bbox 2231 4364 2622 4433; x_wconf 79' lang='lat' dir='ltr'><strong>comuntnionis</strong></span> <span class='ocrx_word' id='word_1_836' title='bbox 2652 4361 3009 4433; x_wconf 77' lang='lat' dir='ltr'><strong>perceptione,</strong></span> <span class='ocrx_word' id='word_1_837' title='bbox 3042 4373 3097 4418; x_wconf 92' lang='lat' dir='ltr'><strong>et</strong></span> <span class='ocrx_word' id='word_1_838' title='bbox 3140 4366 3366 4433; x_wconf 83' lang='lat' dir='ltr'><strong>gloriam</strong></span> 
     </span>
    </p>
   </div>
   <div class='ocr_carea' id='block_1_110' title="bbox 1801 4430 3371 4506">
    <p class='ocr_par' dir='ltr' id='par_1_110' title="bbox 1801 4430 3371 4506">
     <span class='ocr_line' id='line_1_111' title="bbox 1801 4430 3371 4506; baseline 0.004 -21"><span class='ocrx_word' id='word_1_839' title='bbox 1801 4431 2069 4506; x_wconf 40' lang='lat' dir='ltr'><strong>Patriuper</strong></span> <span class='ocrx_word' id='word_1_840' title='bbox 2099 4431 2288 4506; x_wconf 74' lang='lat' dir='ltr'><strong>Filium</strong></span> <span class='ocrx_word' id='word_1_841' title='bbox 2313 4430 2584 4506; x_wconf 30' lang='lat' dir='ltr'><strong>inSp-iritu</strong></span> <span class='ocrx_word' id='word_1_842' title='bbox 2615 4442 2812 4506; x_wconf 74' lang='lat' dir='ltr'><strong>sancto</strong></span> <span class='ocrx_word' id='word_1_843' title='bbox 2828 4432 3025 4506; x_wconf 77' lang='lat' dir='ltr'><strong>dando,</strong></span> <span class='ocrx_word' id='word_1_844' title='bbox 3055 4430 3371 4506; x_wconf 66' lang='lat' dir='ltr'><strong>aggregare-</strong></span> 
     </span>
    </p>
   </div>
   <div class='ocr_carea' id='block_1_111' title="bbox 1802 4500 2918 4556">
    <p class='ocr_par' dir='ltr' id='par_1_111' title="bbox 1802 4500 2918 4556">
     <span class='ocr_line' id='line_1_112' title="bbox 1802 4500 2918 4556; baseline -0.001 -1"><span class='ocrx_word' id='word_1_845' title='bbox 1802 4500 1904 4555; x_wconf 86' lang='lat' dir='ltr'><strong>tur.</strong></span> <span class='ocrx_word' id='word_1_846' title='bbox 1938 4503 2061 4556; x_wconf 64' lang='lat' dir='ltr'><strong>Haec</strong></span> <span class='ocrx_word' id='word_1_847' title='bbox 2090 4517 2154 4555; x_wconf 84' lang='lat' dir='ltr'><strong>ex</strong></span> <span class='ocrx_word' id='word_1_848' title='bbox 2177 4501 2332 4555; x_wconf 81' lang='lat' dir='ltr'><strong>Joau.</strong></span> <span class='ocrx_word' id='word_1_849' title='bbox 2361 4501 2551 4555; x_wconf 69' lang='lat' dir='ltr'><strong>liiclar.</strong></span> <span class='ocrx_word' id='word_1_850' title='bbox 2586 4502 2651 4554; x_wconf 82' lang='lat' dir='ltr'><strong>ad</strong></span> <span class='ocrx_word' id='word_1_851' title='bbox 2683 4517 2771 4555; x_wconf 90' lang='lat' dir='ltr'><strong>an.</strong></span> <span class='ocrx_word' id='word_1_852' title='bbox 2798 4500 2918 4554; x_wconf 56' lang='lat'><strong>$81.</strong></span> 
     </span>
    </p>
   </div>
   <div class='ocr_carea' id='block_1_112' title="bbox 1873 4571 3372 4642">
    <p class='ocr_par' dir='ltr' id='par_1_112' title="bbox 1873 4571 3372 4642">
     <span class='ocr_line' id='line_1_113' title="bbox 1873 4571 3372 4642; baseline 0.008 -22"><span class='ocrx_word' id='word_1_853' title='bbox 1873 4582 1898 4620; x_wconf 77' lang='grc' dir='ltr'><em>ε</em></span> <span class='ocrx_word' id='word_1_854' title='bbox 1928 4573 2182 4641; x_wconf 84' lang='lat' dir='ltr'><strong>Hispalim</strong></span> <span class='ocrx_word' id='word_1_855' title='bbox 2238 4572 2463 4633; x_wconf 83' lang='lat' dir='ltr'><strong>scilicet,</strong></span> <span class='ocrx_word' id='word_1_856' title='bbox 2498 4573 2703 4626; x_wconf 59' lang='lat' dir='ltr'><strong>Baetica:</strong></span> <span class='ocrx_word' id='word_1_857' title='bbox 2743 4582 2923 4639; x_wconf 84' lang='lat' dir='ltr'><strong>caput,</strong></span> <span class='ocrx_word' id='word_1_858' title='bbox 2972 4571 3024 4625; x_wconf 89' lang='lat' dir='ltr'><strong>in</strong></span> <span class='ocrx_word' id='word_1_859' title='bbox 3065 4590 3167 4642; x_wconf 87' lang='lat' dir='ltr'><strong>qua</strong></span> <span class='ocrx_word' id='word_1_860' title='bbox 3191 4588 3372 4642; x_wconf 89' lang='lat' dir='ltr'><strong>postea</strong></span> 
     </span>
    </p>
   </div>
   <div class='ocr_carea' id='block_1_113' title="bbox 1799 4642 3374 4715">
    <p class='ocr_par' dir='ltr' id='par_1_113' title="bbox 1799 4642 3374 4715">
     <span class='ocr_line' id='line_1_114' title="bbox 1799 4642 3374 4715; baseline 0.005 -21"><span class='ocrx_word' id='word_1_861' title='bbox 1799 4658 1844 4715; x_wconf 84' lang='lat' dir='ltr'><strong>a_</strong></span> <span class='ocrx_word' id='word_1_862' title='bbox 1861 4653 2009 4711; x_wconf 91' lang='lat' dir='ltr'><strong>patre</strong></span> <span class='ocrx_word' id='word_1_863' title='bbox 2037 4648 2285 4715; x_wconf 79' lang='lat' dir='ltr'><strong>obsessus</strong></span> <span class='ocrx_word' id='word_1_864' title='bbox 2314 4652 2417 4715; x_wconf 51' lang='lat' dir='ltr'><strong>est.</strong></span> <span class='ocrx_word' id='word_1_865' title='bbox 2466 4642 2658 4711; x_wconf 79' lang='lat' dir='ltr'><strong>Captus</strong></span> <span class='ocrx_word' id='word_1_866' title='bbox 2696 4652 2779 4697; x_wconf 87' lang='lat' dir='ltr'><strong>est</strong></span> <span class='ocrx_word' id='word_1_867' title='bbox 2822 4642 3115 4715; x_wconf 54' lang='lat' dir='ltr'><strong>flor-dubus,</strong></span> <span class='ocrx_word' id='word_1_868' title='bbox 3148 4645 3374 4715; x_wconf 86' lang='lat' dir='ltr'><strong>indeque</strong></span> 
     </span>
    </p>
   </div>
   <div class='ocr_carea' id='block_1_114' title="bbox 1805 4712 3371 4781">
    <p class='ocr_par' dir='ltr' id='par_1_114' title="bbox 1805 4712 3371 4781">
     <span class='ocr_line' id='line_1_115' title="bbox 1805 4712 3371 4781; baseline 0.002 -15"><span class='ocrx_word' id='word_1_869' title='bbox 1805 4713 2097 4767; x_wconf 86' lang='lat' dir='ltr'><strong>Valentiam</strong></span> <span class='ocrx_word' id='word_1_870' title='bbox 2129 4713 2180 4764; x_wconf 90' lang='lat' dir='ltr'><strong>itt</strong></span> <span class='ocrx_word' id='word_1_871' title='bbox 2211 4713 2454 4765; x_wconf 82' lang='lat' dir='ltr'><strong>exsilium</strong></span> <span class='ocrx_word' id='word_1_872' title='bbox 2488 4730 2698 4775; x_wconf 83' lang='lat' dir='ltr'><strong>missus,</strong></span> <span class='ocrx_word' id='word_1_873' title='bbox 2724 4722 2776 4766; x_wconf 91' lang='lat' dir='ltr'><strong>et</strong></span> <span class='ocrx_word' id='word_1_874' title='bbox 2805 4712 3036 4781; x_wconf 88' lang='lat' dir='ltr'><strong>denique</strong></span> <span class='ocrx_word' id='word_1_875' title='bbox 3063 4712 3371 4771; x_wconf 77' lang='lat' dir='ltr'><strong>Tarracone</strong></span> 
     </span>
    </p>
   </div>
   <div class='ocr_carea' id='block_1_115' title="bbox 1798 4782 3373 4854">
    <p class='ocr_par' dir='ltr' id='par_1_115' title="bbox 1798 4782 3373 4854">
     <span class='ocr_line' id='line_1_116' title="bbox 1798 4782 3373 4854; baseline 0.004 -21"><span class='ocrx_word' id='word_1_876' title='bbox 1798 4784 2027 4854; x_wconf 74' lang='lat' dir='ltr'><strong>occisus,</strong></span> <span class='ocrx_word' id='word_1_877' title='bbox 2062 4792 2115 4835; x_wconf 90' lang='lat' dir='ltr'><strong>ut</strong></span> <span class='ocrx_word' id='word_1_878' title='bbox 2141 4784 2306 4836; x_wconf 80' lang='lat' dir='ltr'><strong>refert</strong></span> <span class='ocrx_word' id='word_1_879' title='bbox 2340 4782 2493 4835; x_wconf 81' lang='lat' dir='ltr'><strong>Joau.</strong></span> <span class='ocrx_word' id='word_1_880' title='bbox 2524 4784 2711 4836; x_wconf 87' lang='lat' dir='ltr'><strong>Biciar.</strong></span> <span class='ocrx_word' id='word_1_881' title='bbox 2744 4793 2834 4835; x_wconf 90' lang='lat' dir='ltr'><strong>aut</strong></span> <span class='ocrx_word' id='word_1_882' title='bbox 2875 4795 3021 4838; x_wconf 86' lang='lat' dir='ltr'><strong>certe</strong></span> <span class='ocrx_word' id='word_1_883' title='bbox 3059 4785 3282 4854; x_wconf 86' lang='lat' dir='ltr'><strong>Hispali,</strong></span> <span class='ocrx_word' id='word_1_884' title='bbox 3312 4796 3373 4839; x_wconf 71' lang='grc' dir='ltr'><strong>ιιι</strong></span> 
     </span>
    </p>
   </div>
   <div class='ocr_carea' id='block_1_116' title="bbox 1796 4852 3370 4924">
    <p class='ocr_par' dir='ltr' id='par_1_116' title="bbox 1796 4852 3370 4924">
     <span class='ocr_line' id='line_1_117' title="bbox 1796 4852 3370 4924; baseline 0 -18"><span class='ocrx_word' id='word_1_885' title='bbox 1796 4852 2066 4922; x_wconf 82' lang='lat' dir='ltr'><strong>plerisque</strong></span> <span class='ocrx_word' id='word_1_886' title='bbox 2112 4854 2421 4907; x_wconf 86' lang='lat' dir='ltr'><strong>auctoribus</strong></span> <span class='ocrx_word' id='word_1_887' title='bbox 2471 4855 2661 4922; x_wconf 87' lang='lat' dir='ltr'><strong>placet.</strong></span> <span class='ocrx_word' id='word_1_888' title='bbox 2697 4854 2772 4907; x_wconf 88' lang='lat' dir='ltr'><strong>De</strong></span> <span class='ocrx_word' id='word_1_889' title='bbox 2813 4853 3052 4908; x_wconf 80' lang='lat' dir='ltr'><strong>liisiufra</strong></span> <span class='ocrx_word' id='word_1_890' title='bbox 3082 4852 3370 4924; x_wconf 80' lang='lat' dir='ltr'><strong>Gregorius</strong></span> 
     </span>
    </p>
   </div>
   <div class='ocr_carea' id='block_1_117' title="bbox 1799 4924 3245 4991">
    <p class='ocr_par' dir='ltr' id='par_1_117' title="bbox 1799 4924 3245 4991">
     <span class='ocr_line' id='line_1_118' title="bbox 1799 4924 3245 4991; baseline 0.006 -19"><span class='ocrx_word' id='word_1_891' title='bbox 1799 4925 1997 4991; x_wconf 77' lang='lat' dir='ltr'><strong>passim</strong></span> <span class='ocrx_word' id='word_1_892' title='bbox 2030 4924 2282 4989; x_wconf 89' lang='lat' dir='ltr'><strong>loquitur.</strong></span> <span class='ocrx_word' id='word_1_893' title='bbox 3242 4943 3245 4947; x_wconf 70' lang='lat'><em>‘</em></span> 
     </span>
    </p>
   </div>
   <div class='ocr_carea' id='block_1_118' title="bbox 1868 4991 3370 5058">
    <p class='ocr_par' dir='ltr' id='par_1_118' title="bbox 1868 4991 3370 5058">
     <span class='ocr_line' id='line_1_119' title="bbox 1868 4991 3370 5058; baseline -0.001 -12"><span class='ocrx_word' id='word_1_894' title='bbox 1868 4994 1896 5028; x_wconf 73' lang='grc'><strong><em>⁸³</em></strong></span> <span class='ocrx_word' id='word_1_895' title='bbox 1922 4996 2011 5047; x_wconf 78' lang='lat' dir='ltr'><strong>Sic</strong></span> <span class='ocrx_word' id='word_1_896' title='bbox 2039 4995 2194 5046; x_wconf 66' lang='grc' dir='ltr'>(ξω-ιι.</span> <span class='ocrx_word' id='word_1_897' title='bbox 2230 5008 2281 5045; x_wconf 83' lang='lat' dir='ltr'><strong>et</strong></span> <span class='ocrx_word' id='word_1_898' title='bbox 2322 4992 2476 5046; x_wconf 83' lang='lat' dir='ltr'><strong>Joan.</strong></span> <span class='ocrx_word' id='word_1_899' title='bbox 2509 4993 2698 5047; x_wconf 82' lang='lat' dir='ltr'><strong>Birlar.</strong></span> <span class='ocrx_word' id='word_1_900' title='bbox 2751 4994 2876 5058; x_wconf 74' lang='lat' dir='ltr'><strong>Alii,</strong></span> <span class='ocrx_word' id='word_1_901' title='bbox 2914 4991 3370 5055; x_wconf 80' lang='lat' dir='ltr'><strong>Ilermenicltildt&#39;s,</strong></span> 
     </span>
    </p>
   </div>
   <div class='ocr_carea' id='block_1_119' title="bbox 1804 5061 3371 5132">
    <p class='ocr_par' dir='ltr' id='par_1_119' title="bbox 1804 5061 3371 5132">
     <span class='ocr_line' id='line_1_120' title="bbox 1804 5061 3371 5132; baseline 0 -17"><span class='ocrx_word' id='word_1_902' title='bbox 1804 5061 2237 5122; x_wconf 76' lang='lat' dir='ltr'><strong>Hermencltildis.</strong></span> <span class='ocrx_word' id='word_1_903' title='bbox 2286 5061 2649 5132; x_wconf 70' lang='lat' dir='ltr'><strong>Ermengildus</strong></span> <span class='ocrx_word' id='word_1_904' title='bbox 2676 5103 2689 5125; x_wconf 97' lang='lat'><strong>,</strong></span> <span class='ocrx_word' id='word_1_905' title='bbox 2725 5078 2830 5117; x_wconf 87' lang='lat' dir='ltr'><strong>etc.</strong></span> <span class='ocrx_word' id='word_1_906' title='bbox 2884 5063 2942 5117; x_wconf 92' lang='lat' dir='ltr'><strong>S.</strong></span> <span class='ocrx_word' id='word_1_907' title='bbox 2969 5063 3266 5115; x_wconf 84' lang='lat' dir='ltr'><strong>Leandrum</strong></span> <span class='ocrx_word' id='word_1_908' title='bbox 3308 5078 3371 5115; x_wconf 86' lang='lat' dir='ltr'><strong>ea</strong></span> 
     </span>
    </p>
   </div>
   <div class='ocr_carea' id='block_1_120' title="bbox 1804 5132 3374 5201">
    <p class='ocr_par' dir='ltr' id='par_1_120' title="bbox 1804 5132 3374 5201">
     <span class='ocr_line' id='line_1_121' title="bbox 1804 5132 3374 5201; baseline -0.001 -14"><span class='ocrx_word' id='word_1_909' title='bbox 1804 5137 2081 5188; x_wconf 84' lang='lat' dir='ltr'><strong>occasione</strong></span> <span class='ocrx_word' id='word_1_910' title='bbox 2141 5132 2659 5201; x_wconf 73' lang='lat' dir='ltr'><strong>Censtantmopolim</strong></span> <span class='ocrx_word' id='word_1_911' title='bbox 2721 5134 3029 5201; x_wconf 85' lang='lat' dir='ltr'><strong>profectum</strong></span> <span class='ocrx_word' id='word_1_912' title='bbox 3064 5132 3264 5195; x_wconf 87' lang='lat' dir='ltr'><strong>tuisse,</strong></span> <span class='ocrx_word' id='word_1_913' title='bbox 3319 5143 3374 5187; x_wconf 90' lang='lat' dir='ltr'><strong>ut</strong></span> 
     </span>
    </p>
   </div>
   <div class='ocr_carea' id='block_1_121' title="bbox 1803 5200 3374 5271">
    <p class='ocr_par' dir='ltr' id='par_1_121' title="bbox 1803 5200 3374 5271">
     <span class='ocr_line' id='line_1_122' title="bbox 1803 5200 3374 5271; baseline 0.001 -16"><span class='ocrx_word' id='word_1_914' title='bbox 1803 5204 2062 5256; x_wconf 73' lang='lat' dir='ltr'><strong>auxilium</strong></span> <span class='ocrx_word' id='word_1_915' title='bbox 2108 5219 2137 5257; x_wconf 90' lang='lat' dir='ltr'><strong>a</strong></span> <span class='ocrx_word' id='word_1_916' title='bbox 2186 5203 2399 5256; x_wconf 86' lang='lat' dir='ltr'><strong>Tiberio</strong></span> <span class='ocrx_word' id='word_1_917' title='bbox 2454 5200 2579 5271; x_wconf 89' lang='lat' dir='ltr'><strong>imp.</strong></span> <span class='ocrx_word' id='word_1_918' title='bbox 2627 5200 3257 5271; x_wconf 72' lang='lat' dir='ltr'><strong>sollicitaret,discimus</strong></span> <span class='ocrx_word' id='word_1_919' title='bbox 3307 5219 3374 5260; x_wconf 81' lang='lat' dir='ltr'><strong>ex</strong></span> 
     </span>
    </p>
   </div>
   <div class='ocr_carea' id='block_1_122' title="bbox 1804 5269 3226 5343">
    <p class='ocr_par' dir='ltr' id='par_1_122' title="bbox 1804 5269 3226 5343">
     <span class='ocr_line' id='line_1_123' title="bbox 1804 5269 3226 5343; baseline -0.002 -15"><span class='ocrx_word' id='word_1_920' title='bbox 1804 5274 1863 5328; x_wconf 89' lang='lat' dir='ltr'><strong>S.</strong></span> <span class='ocrx_word' id='word_1_921' title='bbox 1897 5273 2136 5343; x_wconf 86' lang='lat' dir='ltr'><strong>Gregorii</strong></span> <span class='ocrx_word' id='word_1_922' title='bbox 2168 5288 2317 5343; x_wconf 76' lang='lat' dir='ltr'><strong>papa:</strong></span> <span class='ocrx_word' id='word_1_923' title='bbox 2344 5273 2493 5341; x_wconf 73' lang='lat' dir='ltr'><strong>prmi.</strong></span> <span class='ocrx_word' id='word_1_924' title='bbox 2521 5269 2573 5324; x_wconf 80' lang='lat' dir='ltr'><strong>in</strong></span> <span class='ocrx_word' id='word_1_925' title='bbox 2602 5272 2783 5343; x_wconf 88' lang='lat' dir='ltr'><strong>libros_</strong></span> <span class='ocrx_word' id='word_1_926' title='bbox 2812 5270 2996 5323; x_wconf 74' lang='lat' dir='ltr'><strong>Murai.</strong></span> <span class='ocrx_word' id='word_1_927' title='bbox 3024 5273 3075 5324; x_wconf 90' lang='lat' dir='ltr'><strong>in</strong></span> <span class='ocrx_word' id='word_1_928' title='bbox 3105 5269 3226 5325; x_wconf 81' lang='lat' dir='ltr'><strong>Job.</strong></span> 
     </span>
    </p>
   </div>
   <div class='ocr_carea' id='block_1_123' title="bbox 1882 5340 2932 5407">
    <p class='ocr_par' dir='ltr' id='par_1_123' title="bbox 1882 5340 2932 5407">
     <span class='ocr_line' id='line_1_124' title="bbox 1882 5340 2932 5407; baseline -0.004 -10"><span class='ocrx_word' id='word_1_929' title='bbox 1882 5343 1898 5382; x_wconf 74' lang='grc' dir='ltr'>ί</span> <span class='ocrx_word' id='word_1_930' title='bbox 1936 5340 2315 5403; x_wconf 73' lang='lat' dir='ltr'><strong>lteccaredutn,</strong></span> <span class='ocrx_word' id='word_1_931' title='bbox 2346 5340 2402 5395; x_wconf 88' lang='lat' dir='ltr'><strong>ut</strong></span> <span class='ocrx_word' id='word_1_932' title='bbox 2424 5356 2580 5407; x_wconf 90' lang='lat' dir='ltr'><strong>supra</strong></span> <span class='ocrx_word' id='word_1_933' title='bbox 2610 5340 2932 5393; x_wconf 87' lang='lat' dir='ltr'><strong>notavimus.</strong></span> 
     </span>
    </p>
   </div>
   <div class='ocr_carea' id='block_1_124' title="bbox 1878 5410 3375 5483">
    <p class='ocr_par' dir='ltr' id='par_1_124' title="bbox 1878 5410 3375 5483">
     <span class='ocr_line' id='line_1_125' title="bbox 1878 5410 3375 5483; baseline 0.001 -18"><span class='ocrx_word' id='word_1_934' title='bbox 1878 5416 1893 5465; x_wconf 82' lang='lat' dir='ltr'><strong>l</strong></span> <span class='ocrx_word' id='word_1_935' title='bbox 1932 5419 1974 5467; x_wconf 84' lang='lat' dir='ltr'><strong>A</strong></span> <span class='ocrx_word' id='word_1_936' title='bbox 2008 5427 2155 5483; x_wconf 84' lang='lat' dir='ltr'><strong>patre</strong></span> <span class='ocrx_word' id='word_1_937' title='bbox 2181 5415 2357 5480; x_wconf 61' lang='lat' dir='ltr'><strong>jUaSUS</strong></span> <span class='ocrx_word' id='word_1_938' title='bbox 2385 5422 2465 5465; x_wconf 88' lang='lat' dir='ltr'><strong>est</strong></span> <span class='ocrx_word' id='word_1_939' title='bbox 2488 5410 2732 5483; x_wconf 83' lang='lat' dir='ltr'><strong>interfici,</strong></span> <span class='ocrx_word' id='word_1_940' title='bbox 2758 5412 2898 5480; x_wconf 91' lang='lat' dir='ltr'><strong>quod</strong></span> <span class='ocrx_word' id='word_1_941' title='bbox 2924 5410 3010 5463; x_wconf 90' lang='lat' dir='ltr'><strong>die</strong></span> <span class='ocrx_word' id='word_1_942' title='bbox 3038 5422 3223 5465; x_wconf 82' lang='lat' dir='ltr'><strong>sancto</strong></span> <span class='ocrx_word' id='word_1_943' title='bbox 3252 5413 3375 5467; x_wconf 62' lang='lat' dir='ltr'><strong>Raso</strong></span> 
     </span>
    </p>
   </div>
   <div class='ocr_carea' id='block_1_125' title="bbox 1802 5482 3376 5550">
    <p class='ocr_par' dir='ltr' id='par_1_125' title="bbox 1802 5482 3376 5550">
     <span class='ocr_line' id='line_1_126' title="bbox 1802 5482 3376 5550; baseline 0.001 -13"><span class='ocrx_word' id='word_1_944' title='bbox 1802 5483 1920 5538; x_wconf 78' lang='lat' dir='ltr'><strong>cita:</strong></span> <span class='ocrx_word' id='word_1_945' title='bbox 1937 5482 2363 5537; x_wconf 85' lang='lat' dir='ltr'><strong>communionem</strong></span> <span class='ocrx_word' id='word_1_946' title='bbox 2388 5484 2453 5536; x_wconf 89' lang='lat' dir='ltr'><strong>ab</strong></span> <span class='ocrx_word' id='word_1_947' title='bbox 2471 5482 2722 5550; x_wconf 84' lang='lat' dir='ltr'><strong>episcopo</strong></span> <span class='ocrx_word' id='word_1_948' title='bbox 2740 5488 2935 5535; x_wconf 81' lang='lat' dir='ltr'><strong>Ariauo</strong></span> <span class='ocrx_word' id='word_1_949' title='bbox 2957 5484 3053 5534; x_wconf 84' lang='lat' dir='ltr'><strong>sibi</strong></span> <span class='ocrx_word' id='word_1_950' title='bbox 3081 5497 3376 5550; x_wconf 83' lang='lat' dir='ltr'><strong>porrectaut</strong></span> 
     </span>
    </p>
   </div>
   <div class='ocr_carea' id='block_1_126' title="bbox 1807 5550 3375 5621">
    <p class='ocr_par' dir='ltr' id='par_1_126' title="bbox 1807 5550 3375 5621">
     <span class='ocr_line' id='line_1_127' title="bbox 1807 5550 3375 5621; baseline 0.001 -14"><span class='ocrx_word' id='word_1_951' title='bbox 1807 5570 2020 5608; x_wconf 79' lang='lat' dir='ltr'><strong>sumere</strong></span> <span class='ocrx_word' id='word_1_952' title='bbox 2054 5563 2377 5618; x_wconf 61' lang='lat' dir='ltr'><strong>reensasset,</strong></span> <span class='ocrx_word' id='word_1_953' title='bbox 2405 5564 2461 5606; x_wconf 92' lang='lat' dir='ltr'><strong>ut</strong></span> <span class='ocrx_word' id='word_1_954' title='bbox 2498 5550 2667 5607; x_wconf 80' lang='lat' dir='ltr'><strong>fusius</strong></span> <span class='ocrx_word' id='word_1_955' title='bbox 2699 5565 2877 5605; x_wconf 85' lang='lat' dir='ltr'><strong>narrat</strong></span> <span class='ocrx_word' id='word_1_956' title='bbox 2908 5553 2961 5606; x_wconf 81' lang='lat' dir='ltr'><strong>S.</strong></span> <span class='ocrx_word' id='word_1_957' title='bbox 2994 5551 3277 5621; x_wconf 87' lang='lat' dir='ltr'><strong>Gregorius</strong></span> <span class='ocrx_word' id='word_1_958' title='bbox 3308 5557 3375 5609; x_wconf 80' lang='grc' dir='ltr'>Μ.</span> 
     </span>
    </p>
   </div>
   <div class='ocr_carea' id='block_1_127' title="bbox 1805 5621 3376 5693">
    <p class='ocr_par' dir='ltr' id='par_1_127' title="bbox 1805 5621 3376 5693">
     <span class='ocr_line' id='line_1_128' title="bbox 1805 5621 3376 5693; baseline 0.001 -13"><span class='ocrx_word' id='word_1_959' title='bbox 1805 5629 1897 5681; x_wconf 73' lang='lat' dir='ltr'><strong>liii.</strong></span> <span class='ocrx_word' id='word_1_960' title='bbox 1931 5642 1983 5678; x_wconf 88' lang='lat' dir='ltr'><strong>Ill</strong></span> <span class='ocrx_word' id='word_1_961' title='bbox 2018 5627 2244 5693; x_wconf 82' lang='lat' dir='ltr'><strong>Dialug.,</strong></span> <span class='ocrx_word' id='word_1_962' title='bbox 2278 5639 2395 5693; x_wconf 90' lang='lat' dir='ltr'><strong>cap.</strong></span> <span class='ocrx_word' id='word_1_963' title='bbox 2429 5624 2517 5690; x_wconf 81' lang='grc'><strong>51,</strong></span> <span class='ocrx_word' id='word_1_964' title='bbox 2551 5636 2603 5677; x_wconf 90' lang='lat' dir='ltr'><strong>et</strong></span> <span class='ocrx_word' id='word_1_965' title='bbox 2634 5626 2825 5677; x_wconf 78' lang='lat' dir='ltr'><strong>l’aulus</strong></span> <span class='ocrx_word' id='word_1_966' title='bbox 2854 5621 2993 5677; x_wconf 88' lang='lat' dir='ltr'><strong>diae.</strong></span> <span class='ocrx_word' id='word_1_967' title='bbox 3027 5622 3118 5676; x_wconf 81' lang='lat' dir='ltr'><strong>lib.</strong></span> <span class='ocrx_word' id='word_1_968' title='bbox 3150 5639 3208 5677; x_wconf 92' lang='grc' dir='ltr'><strong>ιιι</strong></span> <span class='ocrx_word' id='word_1_969' title='bbox 3238 5624 3376 5681; x_wconf 76' lang='lat' dir='ltr'><strong>llist.</strong></span> 
     </span>
    </p>
   </div>
   <div class='ocr_carea' id='block_1_128' title="bbox 1808 5694 3375 5764">
    <p class='ocr_par' dir='ltr' id='par_1_128' title="bbox 1808 5694 3375 5764">
     <span class='ocr_line' id='line_1_129' title="bbox 1808 5694 3375 5764; baseline -0.003 -14"><span class='ocrx_word' id='word_1_970' title='bbox 1808 5699 2066 5764; x_wconf 81' lang='lat' dir='ltr'><strong>Langob..</strong></span> <span class='ocrx_word' id='word_1_971' title='bbox 2101 5714 2220 5763; x_wconf 84' lang='lat' dir='ltr'><strong>cap.</strong></span> <span class='ocrx_word' id='word_1_972' title='bbox 2250 5696 2311 5748; x_wconf 73' lang='lat' dir='ltr'><strong>2i</strong></span> <span class='ocrx_word' id='word_1_973' title='bbox 2342 5735 2358 5757; x_wconf 94' lang='lat'><strong>,</strong></span> <span class='ocrx_word' id='word_1_974' title='bbox 2390 5697 2530 5762; x_wconf 87' lang='lat' dir='ltr'><strong>quod</strong></span> <span class='ocrx_word' id='word_1_975' title='bbox 2559 5696 2779 5763; x_wconf 79' lang='lat' dir='ltr'><strong>contigit</strong></span> <span class='ocrx_word' id='word_1_976' title='bbox 2804 5694 3103 5748; x_wconf 76' lang='lat' dir='ltr'><strong>Tarracone</strong></span> <span class='ocrx_word' id='word_1_977' title='bbox 3130 5709 3216 5746; x_wconf 89' lang='lat' dir='ltr'><strong>an.</strong></span> <span class='ocrx_word' id='word_1_978' title='bbox 3251 5694 3375 5755; x_wconf 71' lang='lat'><strong>585,</strong></span> 
     </span>
    </p>
   </div>
   <div class='ocr_carea' id='block_1_129' title="bbox 1807 5765 3372 5834">
    <p class='ocr_par' dir='ltr' id='par_1_129' title="bbox 1807 5765 3372 5834">
     <span class='ocr_line' id='line_1_130' title="bbox 1807 5765 3372 5834; baseline -0.005 -10"><span class='ocrx_word' id='word_1_979' title='bbox 1807 5785 1871 5824; x_wconf 80' lang='lat' dir='ltr'><strong>ex</strong></span> <span class='ocrx_word' id='word_1_980' title='bbox 1902 5769 2056 5824; x_wconf 85' lang='lat' dir='ltr'><strong>Joun.</strong></span> <span class='ocrx_word' id='word_1_981' title='bbox 2089 5767 2280 5823; x_wconf 77' lang='lat' dir='ltr'><strong>Biclar.</strong></span> <span class='ocrx_word' id='word_1_982' title='bbox 2309 5767 2362 5822; x_wconf 88' lang='lat' dir='ltr'><strong>in</strong></span> <span class='ocrx_word' id='word_1_983' title='bbox 2388 5766 2677 5833; x_wconf 74' lang='lat' dir='ltr'><strong>Chronico,</strong></span> <span class='ocrx_word' id='word_1_984' title='bbox 2705 5766 2793 5822; x_wconf 87' lang='lat' dir='ltr'><strong>ubi</strong></span> <span class='ocrx_word' id='word_1_985' title='bbox 2820 5766 2932 5834; x_wconf 87' lang='lat' dir='ltr'><strong>ejus</strong></span> <span class='ocrx_word' id='word_1_986' title='bbox 2953 5765 3372 5831; x_wconf 85' lang='lat' dir='ltr'><strong>interfectorem,</strong></span> 
     </span>
    </p>
   </div>
  </div>
