3994 6194
591 294 697 351 355

1588 286 1641 340 S.
1685 278 2012 336 GREGORII
2053 273 2360 331 EPISCOPI
2402 267 2830 326 TURONENSIS

3753 262 3881 315 3'6

662 406 775 463 XL.
825 404 988 477 Igitur
1017 413 1042 442 ⁸
1076 414 1191 474 post
1222 413 1443 458 mortem
1477 400 1702 456 ﬁliorum
1732 398 2039 467 Chilperici,
2077 413 2167 449 rex
2200 399 2242 452 A
2274 389 2555 442 ερονειῖιιεο
2579 388 2695 453 Qu"
2718 383 3140 445 θάνθηῖθηῑθοθι
3164 378 3316 477 illis?
3339 375 3477 445 τρεῖς
3498 376 3886 477 θνητειιωευει

591 516 777 558 mense
793 499 1004 555 Octobri
1030 500 1080 550 in
1106 499 1252 551 Cotia
1281 498 1409 550 silva
1436 495 1622 563 plenus
1645 494 1785 547 luctu
1808 507 1926 545 cum
1952 489 2177 560 conjuge

592 590 879 647 residebat.
907 588 1054 643 Tunc
1083 586 1518 640 Cliloilovecli'iiin
1554 584 1715 637 ﬁlium
1759 598 1911 635 suum
1945 583 2178 633 Brennu-

593 697 737 747 cum,
768 680 996 735 faciente
1044 680 1250 748 regina.
1283 676 1606 737 transmisit,
1638 684 1694 727 ut
1741 674 1939 728 scilicet
1971 682 2025 727 et
2066 674 2177 741 ipse

594 774 662 826 ab
704 774 804 826 hoc
850 772 1064 825 interitu
1109 770 1393 835 dsperiret.
1452 768 1695 822 Graviter
1737 767 1803 819 ibi
1855 764 1936 819 his
1986 765 2176 820 diebus

592 865 811 917 morbus
842 863 952 928 ille,
986 863 1074 930 qui
1131 859 1324 913 fiatres
1378 858 1738 921 interfecerat,
1767 858 2055 922 swvicbat;
2086 856 2177 910 sed

592 956 726 1009 nihil
756 954 951 1009 ibidem
984 952 1307 1007 incommodi
1331 952 1492 1023 250
1514 952 1748 1020 pertulit.
1782 949 1897 1019 Ipse
1919 950 2060 1004 enim
2084 964 2177 1003 rex

593 1046 773 1100 Calain
800 1043 830 1084 δ
861 1044 1141 1099 Parisiacze
1171 1043 1398 1097 civitatis
1427 1042 1602 1094 villam
1632 1041 1869 1095 advenit.
1904 1040 2029 1094 Post
2056 1055 2181 1109 pau-

594 1149 687 1190 θος
718 1150 846 1189 vero
873 1134 987 1188 dies
1017 1132 1447 1187 Cliloilovechum
1495 1132 1559 1184 ad
1591 1146 1650 1185 se
1681 1132 1863 1185 venire
1895 1130 2137 1197 pra‘cepit
2165 1149 2179 1184 :

596 1228 680 1282 ciii
707 1229 880 1295 qualis
926 1227 1172 1278 inti-ritus
1224 1226 1398 1287 fuerit,
1423 1224 1603 1278 dicere
1634 1240 1735 1277 non
1769 1223 1985 1289 pigebit.
2019 1223 2183 1293 Igitur

597 1333 718 1373 cum
750 1318 802 1371 in
831 1319 1129 1385 supradicta
1162 1316 1279 1369 villa
1310 1315 1447 1384 apud
1481 1326 1683 1383 patrem
1712 1315 1994 1377 habitaret,
2021 1314 2182 1383 rmpit

602 1410 889 1464 immature
912 1410 1135 1476 jactare,
1157 1409 1238 1462 vel
1266 1408 1445 1462 dicere
1470 1425 1482 1461 :
1510 1407 1646 1462 Ecce
1672 1409 1896 1462 mortuis
1932 1407 2183 1461 fratribus

604 1504 739 1557 meis
779 1504 844 1556 ad
895 1516 980 1557 me
1011 1505 1205 1555 restitit
1247 1516 1405 1556 omne
1448 1517 1708 1572 regnum:
1741 1500 1869 1555 milii
1922 1502 2185 1555 universa:

602 1598 789 1650 tiallizn
846 1596 1234 1664 subjicientur,
1269 1595 1655 1663 imperiumque
1707 1596 2008 1649 universum
2056 1593 2182 1647 milii

601 1692 704 1745 fata
736 1692 915 1759 largiia
944 1700 1084 1745 sunt.
1144 1690 1279 1743 Ecce
1312 1691 1537 1744 inimicis
1566 1690 1615 1743 in
1649 1705 1809 1744 manu
1840 1690 2023 1759 positis
2052 1687 2187 1743 infe-

2280 480 2330 534 iu
2366 478 2587 531 manicis
2614 494 2639 528 a
2671 474 2945 530 Desiderio
2980 481 3003 508 ο
3032 482 3191 539 atque
3224 469 3440 522 Bobone
3484 468 3722 533 ducibus,
3764 483 3882 519 ιιυ-

2279 569 2435 622 datur
2477 567 2641 620 armis
2667 574 2723 621 et
2747 565 3006 628 vestibus,
3032 576 3096 615 ac
3125 560 3216 614 vili
3246 558 3562 613 indumento
3587 568 3885 611 contectus

2283 661 2443 731 251
2476 658 2677 726 reginae
2708 657 2914 710 vinctus
2947 652 2964 692 ί
2996 652 3298 707 adducitur.
3328 652 3399 704 At
3427 649 3513 703 illa
3546 650 3596 702 iii
3624 649 3883 702 costi-ilia

2280 765 2401 802 eum
2434 748 2647 802 retineii
2680 744 2960 813 pra-cepit,
2989 746 3186 799 elicere
3214 746 3282 796 ab
3310 758 3377 797 eo
3404 741 3644 810 cupiens,
3673 740 3715 793 si
3755 743 3888 793 lia-c

2284 841 2354 891 iia
2384 849 2440 893 ut
2470 839 2716 893 audierat
2740 846 2743 849 '
2764 852 2823 892 se
2879 837 3159 900 baberent,
3194 837 3273 889 vel
3304 837 3457 900 cujus
3489 834 3706 889 consilio
3734 850 3885 888 u~us

2291 928 2472 997 fuerit,
2502 943 2593 985 aut
2624 930 2774 999 cujus
2806 930 2917 983 hac
2947 928 3199 982 instinctu
3227 928 3465 991 fecisset,
3498 928 3577 982 vel
3606 942 3717 981 cum
3754 927 3889 996 qui-

2284 1022 2384 1076 bus
2414 1023 2645 1077 maxime
2670 1022 2934 1076 amicitias
2960 1021 3295 1090 colligasset.
3325 1024 3394 1075 At
3422 1020 3513 1075 ille
3544 1020 3743 1090 reliqua
3780 1022 3885 1074 de-

2286 1131 2486 1183 negans
2513 1158 2526 1179 ,
2556 1114 2818 1169 :imiriiias
2869 1114 3151 1167 nullorum
3202 1115 3422 1167 detexit.
3475 1112 3707 1175 Denique
3751 1125 3887 1179 post

2288 1208 2518 1262 triduum
2538 1250 2551 1273 ,
2584 1208 2767 1278 ri-giiia
2796 1207 3034 1260 vinctum
3063 1207 3221 1275 jussit
3250 1223 3373 1260 eum
3408 1208 3646 1260 transire
3680 1207 3885 1260 Matra-

2286 1314 2408 1352 nzim
2452 1299 2700 1361 ﬂuvium,
2733 1307 2788 1351 et
2838 1298 2888 1350 in
2932 1298 3056 1350 villa
3079 1339 3093 1363 ,
3122 1298 3209 1351 cui
3241 1297 3445 1351 Nuceto
3474 1306 3502 1344 8
3534 1313 3722 1353 nomen
3764 1308 3883 1361 est,

2287 1391 2565 1443 eustoiliri.
2601 1389 2655 1442 lii
2683 1405 2784 1458 qua
2814 1388 3055 1443 custodia
3082 1390 3257 1443 cultro
3304 1406 3615 1458 percussus,
3649 1391 3881 1453 inter-iii,

2286 1479 2507 1549 ipsoque
2555 1481 2606 1532 iu
2658 1480 2775 1533 loco
2820 1477 3062 1545 sepultus
3107 1487 3190 1533 est
3216 1475 3265 1531 δ.
3302 1480 3509 1533 Interea
3539 1481 3890 1536 advenerunt

2288 1572 2455 1624 nuntii
2509 1571 2573 1623 ad
2630 1585 2831 1638 regem,
2866 1573 2955 1640 qui
2996 1572 3277 1633 dicerent,
3307 1572 3444 1639 quod
3492 1573 3608 1639 ipse
3654 1588 3712 1625 se
3766 1574 3887 1627 ictu

2289 1664 2504 1731 proprio
2538 1662 2893 1731 perfodisset;
2923 1673 2979 1717 et
3005 1663 3179 1717 adhuc
3209 1663 3379 1732 ipsum
3408 1664 3642 1719 cultrum
3670 1665 3737 1720 de
3764 1681 3884 1732 quo

603 1798 717 1835 mm
765 1754 1095 1851 φξπωηψιθ
1137 1782 1412 1851 ριπρυεηι.
1465 1780 1570 1835 Sed
1614 1789 1668 1833 οι
1713 1781 1781 1835 de
1826 1754 2050 1834 limem,
2096 1794 2188 1834 sua
2220 1776 2264 1835 Β
2293 1768 2351 1807 se
2382 1754 2628 1822 perculit,
2656 1754 2707 1807 iu
2740 1755 3013 1809 Iocostare
3035 1755 3268 1810 vulneris
3292 1755 3652 1812 afﬁrmabant.
3676 1754 3888 1824 Quibus

603 1874 953 1943 Fredcgunde
1006 1874 1186 1941 regina
1262 1887 1364 1924 non
1429 1869 1777 1925 condecibilia
1834 1870 2186 1924 detrectabat.

602 1968 730 2034 Quae
758 1966 845 2020 illa
874 1967 1114 2029 audiens,
1150 1981 1339 2031 pavore
1372 1965 1535 2018 nimio
1567 1964 1882 2017 terrebatur.
1916 1963 2044 2018 Post
2073 1963 2191 2017 dies

602 2074 735 2114 vero
762 2060 982 2127 aliquot,
1008 2058 1298 2112 adveniens
1321 2057 1532 2122 quidam
1558 2056 1629 2110 ait
1657 2056 1851 2123 regium
1879 2074 1891 2108 :
1920 2054 1985 2110 Ut
2004 2054 2191 2108 orbata

603 2149 725 2204 filiis
750 2150 960 2212 sedeas,
983 2149 1137 2203 dolus
1168 2149 1217 2201 id
1251 2147 1617 2203 Cliludoveclii
1645 2157 1726 2201 est
1754 2157 2023 2214 operatus.
2060 2146 2189 2200 Nam

604 2242 719 2311 ipse
748 2242 1132 2311 concupiscens
1181 2241 1337 2292 unius
1388 2239 1705 2293 ancillarum
1749 2250 1956 2292 tuarum
2007 2237 2189 2304 filiam,

606 2333 881 2387 maleﬁciis
929 2343 1047 2386 tuos
1098 2348 1191 2400 per
1244 2340 1467 2384 matrcm
1525 2331 1640 2399 cjus
1698 2332 1832 2385 ﬁlios
1888 2330 2189 2385 interfecit:

608 2423 835 2489 ideoque
866 2436 1058 2476 moneo
1081 2437 1147 2475 ne
1171 2436 1358 2486 speres
1388 2422 1454 2474 de
1485 2430 1535 2476 te
1566 2421 1775 2486 melius,
1799 2438 1917 2475 cum
1946 2422 2037 2476 tibi
2070 2436 2194 2490 spes

610 2529 707 2583 per
734 2528 890 2581 quam
925 2528 1149 2579 regnare
1177 2512 1440 2565 debueras
1471 2513 1541 2564 sit
1584 2512 1781 2567 ablata.
1833 2512 1984 2565 Tunc
2012 2512 2193 2580 regina

610 2603 800 2657 timore
833 2603 1132 2671 perterrita,
1166 2610 1220 2655 et
1252 2601 1447 2655 furore.
1475 2616 1752 2665 succensa,
1784 2618 1915 2656 nova
1968 2603 2195 2657 orbitate

609 2705 954 2763 conipuiicta,
998 2695 1334 2763 apprehensa
1368 2694 1536 2763 puella
1579 2695 1629 2747 in
1660 2709 1816 2762 quam
1849 2694 2033 2747 oculos
2063 2693 2197 2762 inje-

610 2795 757 2840 cerat
796 2786 1203 2840 Clilodovecliiis
1230 2826 1245 2853 ,
1290 2792 1346 2840 et
1388 2786 1620 2854 graviter
1669 2785 1943 2838 verberata
1968 2824 1983 2847 ,
2033 2783 2195 2837 incidi

610 2893 819 2932 comam
848 2877 1037 2947 capitis
1062 2888 1083 2916 ι·
1111 2878 1228 2947 ejus
1251 2878 1429 2946 jussit,
1462 2891 1523 2929 ac
1552 2877 1733 2930 scissa:
1753 2876 1867 2929 sudi
1895 2875 2193 2944 impositam

611 2968 770 3037 deligi
816 2978 941 3022 ante
995 2975 1251 3022 metatum
1293 2966 1656 3021 Cblodovechi
1709 2968 1978 3035 pracepit.
2030 2966 2197 3021 Matre

613 3076 825 3129 quoque
870 3061 1062 3128 puella:
1091 3062 1348 3131 religata,
1379 3069 1434 3114 et
1477 3060 1757 3114 tormentis
1803 3060 1890 3113 diu
1936 3061 2191 3127 cruciata,

2294 1848 2477 1899 verbis
2507 1862 2597 1899 rex
2622 1846 2957 1915 Cliilpeiicus
2990 1846 3198 1916 illusus,
3228 1863 3325 1903 nec
3355 1848 3521 1917 flevit,
3550 1864 3709 1918 quem
3737 1850 3887 1918 ipse,

2294 1946 2351 1988 ut
2398 1938 2466 1989 ita
2517 1935 2711 2005 diciiii,
2762 1938 2921 1991 morti
2969 1938 3280 2002 tradiderat,
3334 1938 3619 2005 instigante
3667 1940 3888 2010 regina.

2295 2028 2605 2082 Servientcs
2633 2042 2846 2098 quoque
2894 2028 3035 2084 illius
3083 2044 3177 2099 per
3221 2030 3435 2085 diversa
3463 2029 3691 2100 dispersi
3730 2044 3885 2088 sunt.

2296 2120 2463 2175 Mater
2488 2128 2663 2173 autem
2688 2119 2805 2189 ejus
2826 2120 3029 2175 crudeli
3060 2131 3233 2176 morte
3257 2132 3445 2177 necata
3482 2121 3500 2160 ί
3524 2140 3540 2189 ς
3567 2138 3719 2179 soror
3740 2126 3891 2179 illius

2296 2210 2346 2265 in
2382 2214 2790 2276 monasterium,
2822 2213 3008 2267 delusa
3044 2212 3057 2263 i
3095 2230 3122 2266 a
3147 2214 3327 2283 pueris
3356 2216 3576 2286 reginae,
3605 2218 3887 2271 transmii-

2297 2304 2445 2369 titur,
2486 2307 2535 2358 iii
2578 2320 2685 2373 quo
2715 2320 2856 2358 nunc
2887 2316 3035 2360 veste
3091 2315 3292 2360 mutata
3336 2308 3620 2373 consistit;
3647 2322 3889 2379 Opesqiie

2296 2413 2480 2452 eorum
2511 2414 2699 2453 omnes
2727 2398 2927 2467 regina:
2952 2398 3143 2453 delata:
3173 2408 3317 2453 sunt.
3348 2398 3536 2454 Mulier
3562 2414 3681 2470 qua:
3721 2417 3887 2470 super

2302 2489 2742 2545 Clilodoveclium
2789 2490 2965 2544 locuta
3023 2491 3225 2558 fuerat,
3273 2489 3592 2560 dijudicatur
3633 2492 3890 2548 incendio

2298 2581 2653 2653 concremari.
2698 2581 2827 2647 Qure
2875 2595 2997 2635 cuiu
3046 2580 3360 2648 duceretur,
3391 2582 3677 2636 reclamare
3716 2596 3887 2651 C(Bpll

2298 2677 2513 2740 misera,
2547 2688 2605 2728 se
2633 2674 2909 2729 mendacia
2961 2673 3251 2744 protulisse
3277 2690 3289 2726 :
3314 2672 3411 2728 sed
3442 2672 3568 2726 nihil
3599 2673 3893 2742 proﬁcien-

2299 2768 2439 2822 tibus
2489 2766 2691 2834 verbis,
2745 2766 2906 2838 ligata
2959 2767 3026 2820 ad
3078 2765 3358 2832 stipitem,
3406 2768 3588 2821 vivens
3641 2767 3889 2821 exuritur

2299 2857 2550 2911 ﬂammis.
2575 2856 2965 2911 Thesaurarius
2988 2856 3350 2913 Clilodovecbi
3380 2873 3408 2909 a
3434 2858 3688 2925 Cuppaue
3716 2855 3743 2895 ¹ι
3772 2867 3886 2911 sta—

2299 2950 2406 3004 buli
2462 2949 2661 3004 comite
2711 2948 2778 3003 de
2830 2949 3063 3004 Biturico
3111 2959 3401 3017 retractus,
3436 2949 3645 3004 vinctus
3690 2950 3885 3020 rigiua:

2303 3043 2646 3098 transmiSsus
2666 3054 2772 3111 est,
2790 3044 3018 3097 diversis
3043 3041 3366 3097 cruciatibus
3393 3043 3740 3112 exponendus
3759 3060 3775 3107 ;
3795 3045 3885 3097 sed

613 3152 794 3205 elicuit
825 3152 893 3204 ab
920 3166 981 3204 ea
1015 3151 1426 3219 professionem,
1453 3165 1571 3217 qua!
1604 3151 1701 3203 bos
1739 3164 2015 3204 sermmies
2046 3164 2194 3203 veros

2307 3153 2424 3192 eum
2455 3139 2636 3208 regina
2664 3148 2719 3192 et
2747 3155 2774 3189 a
2805 3137 3106 3206 suppliciis,
3138 3149 3192 3191 et
3217 3137 3441 3190 vinculis
3463 3137 3625 3205 jussit
3649 3136 3884 3199 absolvi;

617 3257 737 3296 csse
768 3242 1022 3296 ﬁrmaret.
1054 3242 1183 3311 Regi
1210 3240 1234 3277 ά
1260 3241 1452 3296 exinde
1479 3242 1590 3295 hanc
1617 3253 1668 3296 et
1695 3242 1794 3293 alia
1829 3239 2193 3309 hujuscemodi

618 3334 918 3398 insinuans,
952 3333 1236 3387 vindictam
1266 3335 1332 3388 de
1360 3332 1736 3389 Clilodoveclio
1761 3333 2018 3402 poposcit.
2049 3331 2197 3387 Tunc

618 3440 713 3483 rex
746 3428 798 3478 in
829 3427 1162 3478 venationem
1194 3423 1456 3489 direcms,
1487 3438 1609 3478 eum
1658 3421 1909 3492 przecepit
1950 3422 2195 3477 arceSsiri

621 3577 924 3640 Sisbertum,
952 3578 1164 3633 biennio
1186 3588 1367 3645 postea
1398 3585 1570 3630 morte
1601 3576 1740 3645 turpi
1773 3577 2011 3643 punitum
2038 3574 2200 3630 fuisse

622 3650 825 3703 scribit.
880 3651 1265 3715 lleriiieiiegildi
1297 3649 1396 3719 sub
1427 3648 1678 3719 martyris
1710 3648 1871 3719 titulo,
1893 3647 2201 3719 festumrdie

622 3721 691 3774 15
742 3719 934 3785 Aprilis
976 3723 1299 3776 celebratur.
1354 3716 1604 3787 Iugundis
1654 3733 1785 3771 uxor
1825 3716 1963 3785 ejus,
1998 3718 2202 3785 fugiens

622 3792 1017 3859 iiiicrcept.i,in
1062 3790 1302 3845 Siciliam
1347 3792 1596 3857 perducta
1626 3799 1729 3855 εει,
1761 3789 1849 3841 ubi
1897 3789 2202 3859 exspirasse

621 3858 841 3915 dicitur.
890 3858 1027 3915 Infra
1078 3875 1251 3913 tamen
1299 3859 1586 3928 Gregorius
1634 3859 1724 3912 lib.
1778 3873 1890 3922 viii,
1944 3875 2062 3927 cap.
2094 3858 2200 3923 28,

624 3931 794 4000 ipsum
824 3935 874 3983 in
900 3932 1073 3985 Africa
1105 3931 1302 3984 obiisse
1325 3930 1529 3995 scribi,
1549 3946 1668 3983 cuni
1686 3930 2200 3997 Constantinopolim

624 4016 652 4053 a
694 4001 894 4055 Gl'ﬂ’CiS
949 4004 1346 4068 pcrduCeretur.
1408 4004 1597 4055 Ι·.οι·υιιι
1654 4001 1790 4054 filius
1823 4000 2203 4070 Atlianzigildus

622 4072 729 4126 ΕΡ.
765 4073 896 4124 vixit
924 4077 975 4125 in
1004 4073 1120 4125 aula
1152 4070 1387 4126 Mauricii
1419 4074 1545 4138 imp.
1597 4071 1815 4139 Aliquot
1857 4073 2109 4138 epistolas
2135 4071 2201 4124 ad

625 4142 823 4210 ipsum,
853 4155 941 4194 aut
969 4144 1085 4208 cjus
1107 4145 1385 4197 occasione
1408 4146 1470 4195 ad
1492 4144 1624 4195 alios
1643 4160 1668 4194 a
1687 4142 2029 4197 tiliildeberio
2054 4157 2201 4212 rege.

625 4220 682 4267 et
707 4226 735 4265 ε
765 4212 1106 4268 Brunicliilde
1138 4214 1317 4282 regina
1346 4215 1589 4282 scriptas,
1619 4214 1672 4267 iii
1720 4214 2024 4282 Appendice
2052 4212 2205 4266 dabi-

627 4296 767 4337 mus.

701 4361 729 4389 ι
761 4354 872 4408 Hoc
898 4364 1058 4424 caput
1078 4355 1129 4407 in
1156 4356 1339 4422 Itcgiii.
1369 4354 1485 4424 loco
1508 4368 1604 4406 suo
1628 4361 2039 4424 uictum,exstat
2059 4368 2203 4404 num.

627 4420 721 4476 42.
757 4424 830 4478 De
851 4420 999 4479 Coti'a
1028 4426 1182 4488 silva,
1214 4420 1372 4490 supra
1403 4423 1495 4477 lib.
1528 4438 1612 4484 iv,
1647 4438 1763 4489 i-ap.
1794 4420 1883 4473 22.

698 4492 727 4532 δ
758 4495 828 4549 lbi
857 4497 914 4550 S.
948 4494 1203 4549 Batliildis
1249 4494 1539 4548 Cliloduvei
1568 4492 1608 4545 ll
1644 4509 1781 4545 uxor
1822 4494 2202 4556 partlieiionem

2302 3232 2638 3302 liberumque
2660 3231 2815 3286 nobis
2837 3231 3201 3285 obtinentibus
3231 3231 3379 3284 abire
3409 3229 3674 3299 permisit.

2375 3322 2507 3378 XLI.
2542 3323 2668 3377 Post
2708 3323 2823 3378 batc
2855 3320 2868 3359 ¹
2911 3324 3109 3377 Elafius
3138 3324 3543 3377 Catalauiieiisis
3584 3324 3882 3392 episcopus,

2302 3426 2519 3485 propter
2550 3432 2737 3471 causas
2767 3420 2927 3490 252
2958 3418 3313 3472 Brunicliildis
3360 3433 3579 3487 regina),
3609 3419 3665 3473 in
3695 3420 3878 3489 llispa-

2303 3572 2523 3633 Noceto.
2547 3575 2706 3644 vulgo
2740 3572 2915 3637 Noisi,
2952 3573 3091 3629 haud
3142 3574 3325 3644 procul
3355 3589 3383 3627 a
3410 3573 3563 3640 Cala,
3595 3574 3691 3631 sed
3719 3574 3787 3630 ad
3816 3578 3885 3629 al-

2303 3654 2470 3699 teram
2503 3645 2756 3699 Matronie
2786 3645 2979 3710 ripam.

2379 3712 2409 3752 ιι
2443 3715 2570 3770 lude
2590 3730 2787 3784 carpus
2816 3716 2932 3785 ejus
2958 3732 3078 3771 cum
3107 3715 3330 3771 solemni
3357 3730 3546 3785 pompa
3575 3718 3886 3771 translatum

2304 3795 2388 3841 est
2414 3786 2663 3910 Parisiris0
2682 3787 2741 3842 in
2790 3787 3062 3842 basilicam
3092 3790 3262 3841 sancti
3300 3788 3579 3853 \‘iuceiitii,
3612 3789 3756 3842 infra
3797 3790 3884 3843 lib.

2304 3872 2419 3910 vni.
2447 3871 2569 3910 can.
2670 3896 2684 3910 .

2304 3872 2419 3926 vni.
2447 3871 2569 3926 cap.
2598 3871 2684 3910 w.

2382 3925 2400 3964 ί
2436 3925 2718 3983 Audovera
2743 3929 2984 3998 scilicet,
3016 3943 3175 3998 quam
3218 3927 3550 3996 Cliilpericus
3590 3928 3885 3993 dimiserat,

2304 3998 2446 4068 quod
2475 4013 2624 4052 suam
2655 3997 2820 4066 ipsius
2850 4000 3009 4054 ﬁliam
3038 3997 3070 4053 e
3099 4000 3243 4053 fonte
3280 4014 3433 4052 sacro
3475 4002 3826 4066 suscepisset,
3848 4003 3887 4054 si

2306 4071 2594 4140 credamus
2616 4069 2895 4139 Anonymo
2921 4072 3009 4137 qui
3033 4068 3191 4124 Gesta
3216 4070 3253 4124 F
3261 4085 3543 4124 raucorum
3569 4075 3813 4140 seripsit.
3837 4072 3884 4123 Id

2308 4141 2503 4261 quippe
2531 4139 2831 4194 fabulosum
2854 4155 2973 4195 esse
2994 4140 3273 4219 existimat
3297 4141 3535 4194 Cointius
3560 4140 3627 4193 ad
3652 4139 3743 4195 aii.
3767 4142 3883 4207 565,

2310 4227 2364 4261 n.
2433 4248 2449 4261 .
2497 4209 2666 4261 Soror
2708 4226 2837 4261 vero
2880 4213 3018 4261 eius.
3047 4211 3253 4261 scilicet
3299 4209 3625 4261 Clilodovei.
3664 4214 3883 4261 Basina.

2310 4209 2364 4265 η.
2394 4209 2449 4264 4.
2497 4209 2666 4265 Soror
2708 4226 2837 4265 vero
2880 4213 3018 4279 ejus,
3047 4211 3253 4265 scilicet
3299 4209 3626 4275 Cblodovei,
3664 4214 3887 4276 Basiua,

2308 4296 2427 4347 quin
2457 4281 2506 4333 in
2537 4282 2862 4336 monasterio
2889 4291 3085 4337 sanctis
3114 4281 3301 4337 Crucis
3342 4282 3672 4337 Pietaviensi
3714 4287 3891 4339 turbas

2312 4360 2495 4419 postea
2518 4352 2790 4405 excnavit.

2384 4419 2398 4470 i
2437 4421 2522 4475 Sic
2569 4422 2730 4475 Curb.
2763 4435 2816 4477 et
2846 4424 2995 4477 Colb.
3043 4423 3181 4477 Editi
3216 4438 3374 4484 vrro,
3403 4424 3603 4476 reclusa
3634 4424 3691 4476 in
3719 4442 3890 4478 mona-

2311 4493 2489 4546 sterio.
2528 4492 2655 4547 Mss.
2685 4494 2965 4547 lectionem
2996 4494 3154 4547 habet
3181 4493 3457 4548 Aiinoiiius
3492 4494 3584 4547 lib.
3610 4509 3695 4560 ni,
3726 4512 3776 4548 c.
3803 4497 3885 4550 43.

627 4538 1037 4619 celeberrimum
1068 4567 1367 4629 exstruxit,
1397 4564 1481 4618 ubi
1514 4579 1633 4617 eum
1675 4538 1980 4630 aliquandiu
2009 4571 2207 4616 saiicti-
2237 4538 2290 4598 Ῑ)
2385 4560 2411 4631 ιε
2450 4562 2615 4631 Hujus
2644 4562 2875 4618 facinora
2902 4572 3082 4618 narrat
3115 4566 3403 4631 Gregorius
3431 4563 3526 4617 lib.
3560 4582 3614 4619 x.
3648 4538 3699 4617 οἱ
3732 4564 3789 4621 5.

628 4637 877 4689 monialis
923 4636 1179 4698 vixisset,
1211 4636 1295 4703 pie
1342 4636 1489 4689 obiit.
1523 4634 1697 4688 Lucus
1749 4638 1981 4703 priscum
2015 4650 2205 4687 nomen

627 4705 843 4765 retinet.
866 4706 1030 4775 vulgo
1058 4704 1278 4770 Cheltes,
1301 4714 1529 4774 quatuor
1552 4706 1715 4775 leucis
1738 4708 1804 4758 ab
1827 4704 1957 4758 urbe
1984 4705 2205 4771 distans,

627 4775 695 4830 ad
739 4774 1029 4829 Miitronain
1077 4774 1317 4828 fluvium.
1371 4777 1443 4831 De
1492 4776 1595 4830 hoc
1640 4774 1779 4830 Beda
1811 4776 1903 4831 lib.
1932 4790 1996 4829 tu
2048 4775 2205 4840 Ilist.,

629 4848 844 4972 εἴηέέῇ
897 4915 1051 4982 Bad.;
1100 4922 1156 4968 at
1197 4914 1358 4969 Corb.
1389 4924 1443 4969 et
1487 4914 1708 4978 Chesn.,
1758 4917 2031 4972 abscissam
2072 4916 2209 4970 audi.

628 4985 807 5053 Colb.,
832 4988 1053 5041 abscisso
1078 4986 1223 5041 sude.
1259 4988 1405 5051 Bec.,
1434 4988 1591 5040 scissa
1620 4988 1759 5040 sudi.

666 5057 726 5140 ,ά
758 5059 967 5131 Regm.,
1009 5056 1241 5126 ﬁrmaret
1272 5057 1415 5128 Regi.
1451 5055 1595 5110 Tum:
1642 5057 1768 5126 Iter,
1796 5059 2007 5113 ca-teris
2045 5057 2212 5110 omis-

702 5208 729 5236 ε
760 5201 809 5256 ls
851 5199 1075 5271 estqui,
1104 5197 1375 5255 referente
1415 5196 1679 5271 Gregorio
1716 5199 1809 5253 lib.
1856 5214 1932 5263 ix,
1972 5194 2209 5271 cap.‘33,

628 5266 932 5325 Tetradiam
958 5266 995 5332 ,⁷
1016 5272 1208 5324 marito
1246 5272 1364 5338 eius
1413 5266 1622 5324 Eulalia
1665 5271 1838 5323 adhuc
1886 5268 2207 5337 superstite,

630 5352 849 5409 uxorein
879 5341 1051 5395 duxit.
1086 5341 1159 5395 De
1204 5358 1311 5409 quo
1340 5357 1443 5394 non
1474 5341 1640 5395 semel
1686 5341 1836 5402 alibi,
1872 5340 2207 5409 potissimum

631 5405 723 5485 lib.
760 5426 811 5485 x,
844 5425 963 5479 cap.
990 5414 1043 5485 ξ.
1075 5405 1430 5485 Βοιωέυιρειλ
1453 5413 1591 5466 filius
1616 5419 1733 5466 erat
1758 5405 2083 5464 Muii'imolini
2106 5408 2205 5462 du-

630 5479 729 5550 cis,
759 5479 830 5550 de
857 5494 962 5550 quo
994 5480 1085 5535 liti.
1109 5495 1179 5543 vr,
1211 5496 1329 5550 cap.
1365 5480 1452 5536 45.

708 5547 725 5584 ί
756 5549 812 5603 In
834 5547 995 5601 εστι».
1025 5550 1174 5602 deest
1203 5547 1414 5603 υἱηίσιυε.

700 5625 728 5668 lt
755 5620 843 5673 Sic
869 5619 1207 5672 scribendum
1234 5628 1419 5673 censet
1443 5620 1682 5673 Valesius
1711 5622 1759 5672 in
1789 5618 1982 5673 Notiiia
2010 5620 2205 5674 Gallia-

630 5704 779 5754 rum;
803 5687 1063 5744 consentit
1085 5689 1248 5743 Corb.
1273 5694 1341 5744 At
1362 5690 1508 5743 Colb.
1544 5691 1698 5745 liabet
1722 5690 1939 5755 Nocito;
1967 5691 2051 5745 alii
2082 5706 2207 5746 vero

2393 4630 2409 4669 ¹
2449 4630 2558 4687 lluc
2583 4644 2740 4701 caput
2760 4635 2913 4688 deest
2935 4638 2984 4688 in
3008 4636 3169 4689 Corb.
3187 4646 3239 4689 et
3258 4635 3411 4688 Colb.
3435 4635 3687 4704 Legimus
3710 4637 3891 4691 instru-

2316 4713 2555 4757 mentum
2587 4706 2725 4757 beati
2760 4706 2905 4758 blaﬁi
2948 4705 3171 4772 :piscupi
3215 4707 3282 4760 de
3320 4706 3486 4769 v-llis,
3513 4720 3645 4774 quas
3676 4706 3737 4760 S.
3772 4709 3892 4761 Sie-

2318 4775 2493 4844 pbauo
2514 4776 2790 4828 deditcnm
2816 4779 2976 4829 fratre
2999 4792 3095 4829 suo
3117 4776 3437 4831 Leudomiro
3457 4777 3708 4841 diacono,
3726 4788 3890 4829 actum

2314 4847 2369 4918 in
2395 4844 2662 4897 Catalauni
2689 4847 2983 4918 οὶιὶιαιεεὺι
3026 4847 3242 4900 ecclesia
3276 4846 3773 4918 prwfati_martyris,
3806 4865 3893 4918 pii-

2312 4916 2439 4988 frlice
2466 4920 2558 4968 sub
2590 4918 2673 4968 die
2709 4933 2737 4969 v
2768 4916 2855 4970 Id.
2886 4916 3061 4976 Junii.
3089 4934 3221 4969 anno
3266 4932 3448 4986 quarto
3480 4916 3893 4988 Sigebertor‘cge

2314 4983 2663 5051 Francorum,
2691 4990 2776 5040 cui
2810 4989 3161 5042 instrumento
3209 4983 3327 5051 post
3358 4983 3644 5040 douaio'res
3678 4983 3893 5056 Egiilius

2316 5056 2647 5109 lilieiiieiisis'
2688 5062 3126 5127 iiieirOpolitaniis
3146 5102 3159 5124 ,
3189 5072 3242 5111 et
3275 5058 3465 5111 Beatus
3485 5099 3500 5123 ,
3532 5060 3689 5125 cujus
3737 5072 3894 5113 senes

2314 5140 2420 5179 non
2468 5128 2805 5195 exprimitur,
2836 5130 3221 5195 subscripsere.
3257 5128 3475 5191 Beatus,
3508 5138 3564 5179 ut
3611 5130 3888 5190 existimo,

2315 5196 2501 5269 lsipse
2526 5206 2621 5269 est,
2634 5195 2829 5254 Beatus
2858 5198 3140 5269 episcopus
3187 5197 3583 5269 Ambiaiieusis,
3611 5198 3703 5267 qui
3750 5197 3891 5253 Con-

2311 5268 2438 5321 cilio
2467 5268 2743 5323 Aurelian.
2774 5285 2804 5321 v
2838 5266 3079 5323 inii-rl'uit
3104 5283 3192 5322 an.
3223 5266 3349 5323 549.
3380 5267 3498 5334 Quo
3526 5266 3682 5336 pacto
3703 5268 3766 5323 S.
3796 5271 3893 5325 Ho-

2314 5346 2552 5401 noratus,
2583 5354 2739 5407 queui
2768 5340 3011 5394 Cointius
3056 5339 3216 5393 Beato
3243 5338 3384 5392 circa
3414 5354 3506 5391 an.
3548 5338 3653 5392 551
3682 5354 3894 5395 succes-

2312 5409 2447 5462 sisse
2477 5410 2678 5473 scribit,
2699 5420 2821 5465 ante
2840 5427 2965 5465 anu.
2984 5410 3088 5464 565
3107 5408 3359 5476 Sigiberii
3389 5412 3526 5478 regis
3544 5408 3614 5461 ιγ
3642 5408 3893 5465 Ecclesia:

2314 5480 2657 5535 Ambiaiieusi
2702 5482 2978 5546 prirfectus
3009 5481 3174 5534 fuisse
3200 5478 3454 5533 dicendus
3484 5495 3589 5532 non
3630 5490 3733 5533 est.
3773 5482 3889 5536 Ela-

2316 5548 2438 5614 ﬁus,
2490 5550 2653 5603 Badio
2700 5550 2981 5620 Elaphius,
3012 5551 3251 5619 plerique
3294 5550 3383 5602 ed.
3431 5548 3670 5613 Ειυεὶιιε,
3700 5554 3892 5606 colitur

2317 5620 2585 5672 Catalauiii
2615 5621 2703 5675 die
2734 5637 2824 5674 xiv
2857 5623 2974 5674 Kal.
3005 5624 3149 5685 Sept.
3180 5628 3400 5674 Sacrum
3435 5635 3560 5673 vero
3593 5621 3735 5675 illius
3778 5638 3889 5677 coro

2318 5702 2413 5757 pus
2433 5704 2733 5747 asservaiur
2761 5694 2813 5747 in
2840 5690 3166 5749 monasterio
3189 5690 3245 5749 S.
3274 5688 3419 5746 Petri
3446 5691 3497 5745 iu
3519 5690 3708 5747 eadem
3737 5694 3886 5758 urbe,
