3994 6194
238 334 317 389 I557
1135 324 1454 382 HISTORIA
1494 318 1937 377 FRANCORUM.
1986 318 2185 373 LIBER
2226 319 2549 385 QUINTUS.

3361 324 3465 380 558

241 447 332 498 nias
353 446 399 495 in
428 420 752 511 legationem
781 438 1041 499 directus,
1067 446 1395 505 correptnsa
1421 434 1572 490 febre
1602 436 1787 498 nimia,
1822 440 1861 497 Α
1897 429 2033 481 turis
2072 427 2457 482 ecclesiasticis
2499 427 2653 484 valde
2689 428 3017 496 instructus,
3059 432 3128 485 ita
3176 441 3232 486 ut
3272 434 3468 489 seriem

242 536 455 604 spiritum
501 534 795 600 exhalavit,
826 543 882 585 et
929 529 1123 584 exinde
1169 530 1376 583 delatus
1407 536 1649 581 mortuus
1675 566 1691 592 ,
1722 529 1786 580 ad

244 628 477 681 civitatem
505 640 660 677 suam
692 623 935 691 sepultus
972 632 1075 676 est.
1124 621 1322 674 Ennius
1347 635 1555 689 quoque
1580 620 1788 687 episco-

245 735 503 788 pus,quem
529 720 765 787 legatum
796 717 1169 770 Britannorum
1194 730 1353 781 supra
1381 714 1718 767 meminimus
1740 723 1786 775 ι,

245 811 293 859 ad
319 810 574 861 civitatem
605 824 757 859 suam
801 805 1012 875 regredi
1047 822 1150 857 non
1180 804 1496 874 permissus,
1529 812 1587 857 ut
1614 804 1793 858 Ande-

244 904 364 970 gavis
407 910 719 968 paseerelur
764 899 832 952 de
881 898 1090 964 puhlico
1116 911 1144 947 a
1180 910 1302 964 rege
1336 907 1656 963 prmceptuni
1688 907 1789 950 est.

244 995 322 1056 Qui
364 993 590 1045 Parisios
640 991 951 1055 advenit-ns,
998 991 1123 1043 dum
1170 990 1257 1041 die
1298 988 1567 1041 Dutninica
1616 1003 1795 1041 sat-rn-

240 1096 396 1137 rancla
426 1086 683 1137 solemnia
716 1084 1030 1141 celebraret,
1056 1080 1248 1134 emissa
1275 1095 1396 1133 cum
1423 1081 1628 1132 hinnitu
1663 1094 1794 1133 voce

240 1184 377 1227 teme
403 1177 621 1226 corruit.
656 1173 981 1237 Erumpente
1004 1186 1131 1223 vero
1159 1169 1227 1221 ab
1248 1183 1342 1222 ore
1368 1169 1483 1236 ejus
1505 1180 1558 1222 et
1581 1170 1795 1221 naribus

238 1267 493 1333 sanguine,
519 1265 663 1318 inter
695 1280 880 1317 manus
912 1264 1225 1329 deportatus
1246 1270 1347 1327 est,
1378 1261 1473 1315 sed
1502 1261 1791 1315 convaluit.

238 1356 447 1407 Nimium
494 1355 636 1407 enim
688 1355 812 1405 vino
859 1353 1069 1405 deditus
1119 1361 1257 1410 erat,
1302 1359 1357 1403 et
1385 1351 1695 1419 plerumque
1725 1352 1794 1403 ita

238 1447 528 1501 deformiter
577 1446 972 1509 inebriabatur,
1008 1454 1065 1497 ut
1090 1458 1330 1513 gressum
1362 1442 1537 1497 facere
1564 1458 1667 1495 non
1698 1457 1794 1495 va-

236 1538 378 1590 Ierel.

302 1627 451 1680 XLII.
485 1627 647 1680 Mirus
669 1641 763 1679 rex
785 1625 1117 1679 Galliciensis
1141 1625 1343 1694 legatos
1360 1625 1425 1678 ad
1451 1624 1797 1680 Guntchram-

230 1735 352 1772 num
383 1734 551 1788 regem
581 1719 796 1772 direxit.
820 1719 1060 1784 Cumque
1090 1734 1182 1786 per
1212 1717 1484 1771 Pictavum
1510 1719 1793 1773 terminum

1892 521 2227 575 diversarum
2257 522 2659 593 generationum
2680 568 2694 591 ,
2723 540 2842 594 qua:
2874 529 2923 579 iti
2953 527 3098 581 lihris
3121 530 3315 586 veteris
3337 531 3467 585 Tes-

1896 618 2112 669 tamenti
2142 616 2484 682 describitur,
2512 618 2650 685 quod
2682 633 2710 670 a
2742 621 2921 673 multis
2946 620 3161 675 difﬁcile
3186 623 3463 694 retinetur,

1893 704 1979 759 hic
2006 709 2318 775 plerumque
2347 708 2605 761 memoria
2632 719 2957 765 recenseret.
2994 713 3113 767 Fuit
3141 717 3299 768 etiam
3328 728 3383 769 et
3414 718 3466 771 in

1890 798 2111 867 judiciis
2135 800 2311 867 justus
2330 840 2345 864 ,
2378 813 2442 852 ac
2469 797 2766 854 defendens
2796 816 3056 869 pauperes
3084 806 3328 860 ecclesia:
3358 824 3465 863 suae

1894 890 1964 943 de
1995 904 2153 943 manu
2196 893 2455 943 malorum
2494 889 2769 959 judicum,
2808 893 2961 961 juxta
3003 896 3131 949 illud
3161 896 3301 950 Job:
3337 897 3463 951 Con-

1895 983 2085 1033 servavi
2123 997 2335 1049 egenum
2372 982 2433 1032 de
2473 998 2627 1034 manu
2665 985 2919 1051 potentis;
2960 995 3005 1036 et
3053 986 3192 1055 inopi
3236 989 3317 1040 cui
3367 1006 3467 1041 nou

1894 1081 2007 1123 erat
2035 1071 2267 1141 adjutor,
2300 1072 2591 1125 auxiliatur:
2617 1088 2751 1126 sum.
2788 1074 2856 1126 Os
2887 1076 3054 1128 vidua:
3080 1079 3329 1132 benedixit
3360 1097 3470 1145 me,

1896 1175 2011 1210 cum
2050 1175 2209 1213 essem
2253 1163 2430 1213 oculus
2460 1177 2743 1228 eiecerunt,
2774 1179 2863 1231 pes
2891 1165 3226 1233 claudurum,
3256 1178 3302 1222 et
3327 1171 3472 1224 inva-

1898 1251 2119 1303 lidorum
2140 1260 2283 1321 pater
2311 1250 2466 1323 (Job.
2490 1268 2615 1306 xxix
2638 1296 2651 1319 ,
2684 1252 2845 1307 12-16
2861 1256 2905 1323 ).

1971 1345 2152 1398 XLIV.
2196 1346 2575 1400 Leuvichildus
2615 1361 2742 1399 vero
2782 1363 2875 1401 rex
2918 1350 3197 1417 Agilanem
3237 1352 3469 1424 legatum

1897 1436 1963 1489 ad
1995 1436 2355 1504 Chilpericum
2381 1437 2574 1499 mittit,
2605 1438 2777 1491 virum
2806 1441 3002 1494 nullius
3031 1442 3223 1513 ingenii
3248 1457 3337 1498 aut
3364 1446 3473 1498 dis-

1901 1528 2180 1595 positionis
2222 1530 2427 1581 ratione
2455 1530 2685 1596 peritum
2708 1571 2723 1595 ,
2757 1532 2850 1584 sed
2883 1542 3083 1587 tantum
3116 1536 3389 1590 voluntate
3419 1539 3474 1593 in

1900 1619 2161 1672 catholica
2204 1621 2320 1688 lege
2360 1635 2675 1689 perversum
2710 1639 2724 1672 :
2763 1637 2920 1690 quem
2961 1639 3081 1679 cum
3124 1642 3206 1679 via
3245 1627 3475 1684 Turonis

1900 1710 2212 1776 detulisset,
2257 1714 2510 1764 lacessire
2549 1726 2646 1765 nos
2674 1713 2741 1767 de
2780 1715 2917 1780 title,
2944 1726 2999 1769 et
3037 1719 3351 1788 impugnare
3379 1740 3471 1778 ec-

231 1813 554 1877 ρι-ωιει-ίτεηι
578 1853 593 1876 ν
649 1828 809 1879 quem
863 1821 987 1864 ιιιιιε
1033 1808 1370 1878 Chilpericus
1414 1828 1507 1866 rex
1556 1815 1793 1877 tenebat,
1832 1799 1872 1856 Β
1902 1803 2204 1857 clesiastica
2232 1805 2478 1871 dogmata
2509 1806 2692 1873 erepit.
2726 1804 2911 1875 Iniqua
2942 1808 3117 1876 enim,
3146 1811 3340 1880 inquit,
3375 1815 3473 1867 fuit

230 1903 461 1957 nuntiata
500 1914 625 1957 sunt
654 1904 727 1957 ei.
778 1906 844 1956 At
876 1905 966 1958 ille
992 1904 1090 1956 sub
1117 1905 1356 1958 custodia
1386 1905 1488 1959 sibi
1522 1922 1616 1962 eos
1641 1910 1800 1963 etilli.

226 1996 339 2050 beri
368 2002 633 2066 prateeplt,
663 2010 714 2051 et
736 1996 965 2051 Parisios
987 1998 1263 2051 custodiri.
1293 1999 1366 2052 Eo
1390 2008 1630 2069 tempore
1657 2003 1796 2070 apud

224 2090 587 2146 Pietavensem
634 2092 901 2145 civitatem
952 2092 1107 2158 lupus
1137 2107 1202 2145 ex
1234 2092 1379 2145 silvis
1423 2097 1663 2158 veniens,
1706 2111 1799 2164 per

220 2192 428 2252 portam
478 2188 748 2255 ingressus
776 2193 888 2251 est,
923 2184 1224 2253 clausisque
1252 2186 1419 2254 portis
1448 2174 1584 2241 infra
1616 2205 1798 2244 muros

216 2276 391 2344 ipsius
418 2278 561 2330 urbis
587 2292 895 2346 Oppressus,
924 2277 1132 2330 occisus
1170 2286 1271 2332 est.
1306 2279 1629 2334 Asserebant
1655 2281 1795 2335 enim

214 2369 436 2435 quidam
482 2378 537 2423 et
588 2372 783 2424 etelutn
832 2369 1026 2422 ardens
1056 2383 1113 2423 se
1148 2369 1367 2424 vidisse.
1421 2370 1577 2439 Liger
1607 2371 1798 2427 ﬂuvius

212 2463 397 2531 major
433 2463 500 2516 ab
548 2477 691 2515 anno
737 2461 1013 2529 superiore
1059 2460 1176 2528 fuit,
1227 2471 1504 2531 postquam
1554 2464 1603 2516 ei
1646 2464 1798 2520 Caris

211 2553 241 2591 δ
280 2564 493 2611 torrens
516 2573 575 2610 se
600 2556 864 2625 adjunxit.
900 2555 1102 2609 Ventus
1131 2563 1310 2608 auster
1341 2556 1559 2611 nimium
1592 2558 1799 2612 violen-

210 2655 299 2701 ter
329 2650 583 2709 eucurrit.
618 2649 691 2702 ita
736 2657 791 2701 ut
830 2648 991 2701 silvas
1018 2656 1400 2715 prosterneret,
1430 2647 1617 2703 domos
1644 2665 1798 2705 erue-

206 2751 321 2803 ret,
360 2757 511 2807 sepes
560 2741 806 2806 eﬂ'erret,
836 2742 1084 2810 ipsosque
1114 2741 1355 2796 homines
1382 2742 1448 2795 ad
1478 2742 1802 2797 internecio—

204 2850 342 2889 nem
396 2852 559 2906 usque
608 2838 887 2889 volutaret.
936 2835 1064 2888 Erat
1108 2835 1249 2890 enim
1301 2835 1527 2901 spatium
1576 2835 1692 2905 ejus
1746 2822 1818 2889 in.

202 2927 553 2983 latitudinem
593 2929 748 2997 quasi
789 2927 977 2997 jugera
1027 2937 1269 2994 septem;
1300 2927 1574 2996 longitudo
1623 2939 1797 2982 autem

202 3033 322 3070 non
377 3020 543 3083 potuit
590 3019 869 3072 mstimari.
916 3017 1046 3070 Nam
1076 3025 1130 3071 et
1159 3017 1281 3086 galli
1332 3018 1572 3086 plausum
1613 3033 1800 3072 cantus

201 3108 258 3161 in
298 3112 457 3163 initio
484 3108 657 3163 noctis
695 3123 840 3177 sarpe
867 3108 1146 3161 dederunt.
1198 3108 1342 3163 Luna
1369 3110 1794 3165 contenebricata

1897 1895 2236 1963 antiquarunt
2277 1898 2649 1965 episcoporum
2690 1900 2792 1952 lata
2821 1902 3081 1955 sententia
3105 1943 3119 1968 ,
3150 1921 3267 1973 qua:
3297 1921 3475 1976 mqua—

1901 1989 2006 2041 letn
2039 1994 2268 2045 asseruit
2295 1990 2485 2045 Filium
2519 1993 2683 2047 Patri.
2717 1993 2848 2048 Nam
2879 1997 3128 2064 qualiter,
3158 2002 3346 2069 inquit,
3382 2018 3475 2070 po-

1902 2082 2024 2135 terit
2061 2097 2183 2136 esse
2216 2085 2357 2137 Patri
2388 2085 2608 2153 aequalis
2637 2087 2689 2139 in
2723 2076 3019 2154 potestate,
3047 2091 3138 2158 qui
3167 2092 3279 2144 ait:
3316 2093 3475 2147 Pater

1901 2176 2071 2243 major
2109 2191 2187 2228 me
2216 2185 2289 2227 est
2324 2175 2513 2245 (Joan.
2550 2192 2660 2241 λιν,
2688 2177 2790 2247 28)
2817 2180 2834 2231 2
2860 2180 2976 2233 Non
3002 2190 3085 2234 est
3113 2197 3238 2251 ergo
3264 2199 3473 2254 tequutn

1905 2274 1965 2320 ut
2003 2267 2053 2320 ei
2092 2269 2280 2320 similis
2318 2269 2615 2323 restituetur
2651 2287 2758 2340 quo
2795 2287 2852 2326 se
2886 2275 3146 2329 minorem
3191 2277 3359 2345 dicit,
3387 2282 3474 2335 cui

1909 2355 2175 2409 tristitiam
2204 2359 2391 2411 mortis
2416 2361 2663 2429 ingemit,
2690 2363 2773 2415 cui
2807 2374 3075 2431 postremo
3102 2368 3336 2424 moriens
3364 2372 3475 2440 spi-

1902 2448 2101 2514 ritum,
2134 2453 2285 2518 quasi
2330 2453 2471 2505 nulla
2506 2456 2759 2523 praditus
2791 2469 3083 2525 Intestate,
3114 2465 3475 2520 commendat.

1902 2541 2055 2598 Unde
2083 2554 2226 2613 patet
2256 2561 2376 2600 eum
2403 2557 2456 2601 et
2485 2558 2640 2603 aetate
2666 2558 2721 2603 et
2749 2560 3013 2618 potestate
3050 2567 3270 2624 paterna
3301 2561 3475 2613 mino-

1904 2653 2037 2690 rem.
2064 2638 2144 2691 Ad
2171 2640 2281 2693 hac
2308 2656 2407 2710 ego
2431 2642 2721 2712 interrogo,
2748 2648 2791 2697 si
2832 2648 3076 2701 crederet
3113 2650 3293 2704 Jesnm
3318 2653 3471 2706 Cirris

1903 2740 2043 2783 stum
2069 2730 2260 2784 Filium
2290 2731 2377 2785 Dei
2392 2748 2530 2792 esse.
2548 2732 2592 2786 si
2618 2722 2971 2805 eumdetnque
2995 2752 3115 2792 esse
3141 2739 3235 2793 Dei
3262 2741 3473 2810 sapien-

1904 2820 2063 2881 tiam,
2104 2821 2151 2872 si
2192 2821 2400 2885 lumen,
2443 2822 2603 2892 254
2640 2824 2685 2877 si
2728 2824 3003 2879 veritatem
3033 2868 3050 2894 ,
3092 2828 3135 2881 si
3182 2830 3380 2895 vitam,
3422 2833 3469 2886 si

1898 2896 2162 2978 jn-Iitiam
2205 2915 2484 2967 fateretur.
2526 2914 2626 2981 Qui
2666 2917 2775 2969 ait:
2806 2916 2979 2971 Credo
3010 2920 3124 2974 hac
3150 2922 3325 2975 omnia
3358 2939 3478 2979 eSso

1905 3001 2096 3056 Filium
2140 3002 2255 3056 Dei.
2300 3004 2364 3057 Et
2390 3020 2529 3075 ego:
2575 3004 2667 3059 Dic
2708 3022 2836 3075 ergo
2875 3008 3036 3079 mihi,
3078 3012 3291 3081 quando
3321 3013 3479 3068 Pater

1905 3097 2023 3147 sine
2062 3096 2373 3163 sapientia?
2412 3098 2624 3165 quando
2662 3098 2780 3153 sine
2819 3100 3073 3157 lumine?
3111 3104 3323 3171 quando
3361 3107 3475 3162 sine

204 3214 324 3268 est,
361 3215 409 3257 et
438 3211 675 3257 cometes
702 3200 861 3272 253
892 3201 1038 3254 stella
1077 3201 1339 3268 apparuit.
1386 3201 1575 3257 Gravis
1622 3213 1797 3259 autem
1828 3182 1873 3243 C
1908 3188 2049 3240 vita?
2080 3188 2292 3254 quando
2322 3189 2440 3245 sine
2470 3192 2738 3246 veritate?
2766 3194 2978 3263 quando
3001 3196 3118 3252 sine
3141 3198 3342 3266 justitia
3369 3201 3474 3255 fue-

204 3295 338 3347 lues
367 3298 414 3348 in
446 3295 644 3363 populo
690 3294 974 3348 subsecuta
1006 3304 1106 3348 εει.
1142 3294 1321 3363 Legati
1364 3306 1539 3349 antem
1590 3298 1799 3352 Suevo-

209 3400 341 3439 rum
377 3398 398 3425 ο
430 3397 548 3456 post
573 3403 768 3440 annum
798 3384 1022 3452 dimissi,
1046 3386 1110 3440 ad
1156 3388 1364 3455 propria
1396 3389 1687 3444 redierunt.

293 3476 469 3533 XLIII.
498 3479 745 3532 Maurilio
772 3475 797 3514 ἀ
827 3476 1176 3532 Cadurcensis
1206 3480 1347 3532 urbis
1372 3482 1654 3549 episcopus
1681 3497 1799 3552 gra-

214 3569 367 3623 viter
386 3572 681 3639 aegrotabat
707 3569 774 3623 ab
805 3570 1027 3623 humore
1058 3571 1361 3639 podagrico,
1392 3572 1484 3624 Sed
1513 3587 1673 3641 super
1704 3574 1798 3627 hos

219 3660 475 3728 dolores,
525 3679 663 3732 quos
706 3663 820 3731 ipse
862 3663 1053 3715 humor
1094 3666 1417 3729 commovit,
1454 3681 1670 3734 magnos
1699 3668 1800 3720 sibi

223 3751 491 3805 cruciatus
535 3752 803 3815 addebat;
849 3768 968 3804 nam
1000 3766 1143 3820 smpe
1169 3753 1400 3808 candens
1430 3752 1626 3809 ferrum
1662 3758 1802 3810 tibiis

228 3855 291 3895 ac
315 3844 533 3912 pedibus
561 3843 857 3910 deﬁgebat,
884 3860 989 3907 quo
1020 3844 1224 3897 facilius
1248 3847 1538 3899 cruciatum
1566 3849 1664 3901 sibi
1690 3864 1800 3902 am-

234 3933 370 4001 plius
406 3936 646 3989 adderet.
691 3935 796 3989 Sed
833 3950 950 3989 cum
994 3934 1354 4004 episcopatum
1383 3938 1498 4004 ejus
1530 3939 1677 3991 inulti
1709 3954 1803 3992 ex-

237 4034 497 4091 peterent,
532 4028 631 4095 ipsi
662 4026 962 4081 Ursicinum
998 4038 1045 4089 ο,
1077 4029 1163 4094 qni
1195 4027 1463 4096 quondam
1496 4026 1803 4083 referenda-

238 4120 343 4172 riu-1
372 4119 723 4188 Ultrogotthze
756 4119 950 4187 regina:
994 4120 1202 4183 fuerat,
1247 4120 1424 4189 elegit.
1468 4121 1635 4187 Quem
1677 4123 1799 4175 dum

242 4214 400 4265 adhuc
441 4214 675 4276 viveret,
724 4211 968 4264 benedici
998 4213 1293 4278 deprecans
1314 4254 1327 4277 ,
1361 4213 1610 4281 migravit
1639 4231 1666 4265 a
1699 4230 1797 4268 sa:-

243 4305 371 4358 eulo.
404 4302 533 4357 Fuit
572 4310 751 4356 autem
801 4302 955 4356 valde
1000 4305 1492 4372 eleemosynarius,
1530 4306 1582 4357 in
1627 4306 1803 4374 Scrip-

242 4460 443 4513 Ordiuis
477 4458 533 4511 S.
565 4455 765 4509 Bened.
795 4452 1106 4522 sub.-Coug.
1140 4456 1196 4509 S.
1232 4456 1426 4509 Viloni.
1477 4455 1802 4511 Instrumen-

244 4540 343 4583 tum
371 4545 476 4596 quo
501 4530 707 4617 fila-lius.
735 4527 868 4617 hlona
896 4527 1136 4617 quaedam
1167 4526 1406 4617 ecclesia:
1428 4527 1493 4607 .S.
1520 4528 1797 4617 Stephani,
1833 4558 1880 4617 υ

244 4604 287 4655 id
310 4612 388 4655 est
413 4597 730 4659 t-athedrali,
759 4598 976 4664 legatit.
1011 4598 1251 4649 firmatur
1290 4604 1367 4649 ex'
1393 4598 1627 4666 ejusdem
1663 4599 1797 4664 Vita,

244 4688 350 4735 quae
393 4671 445 4723 in
482 4687 582 4719 ms.
630 4668 890 4720 breviat-io
936 4668 1160 4718 ahhatie
1209 4674 1443 4719 omnium
1496 4678 1801 4723 sanctorum

242 4740 528 4798 Catalauni.
561 4739 641 4791 sic
673 4738 828 4791 habet
852 4754 863 4788 :
890 4738 1017 4788 Cum
1045 4737 1217 4798 itaque
1237 4736 1624 4792 Calalaunensis
1648 4746 1804 4794 eccle-

246 4820 315 4867 ιω
359 4824 559 4875 pastore
602 4812 778 4860 orbata
820 4812 987 4872 foret,
1023 4808 1307 4875 Sigibertus
1354 4809 1603 4861 Chloturii
1644 4813 1801 4876 ﬁlius,

246 4884 403 4951 stagni
432 4879 711 4932 Chlodoeei
741 4895 911 4951 nepos,
931 4877 1152 4944 Eia/inm
1185 4877 1527 4951 Lemovicibus
1549 4893 1804 4935 ei-ocatum

247 4956 292 5007 in
318 4948 424 5005 eam
450 4957 619 5004 sedem
649 4948 954 5001 erelmidum
978 4951 1188 5000 curavit.
1219 4948 1381 5016 [Eg/re
1403 4954 1607 5002 tandem
1636 4969 1805 5005 susce-

249 5037 321 5094 pto
352 5022 624 5094 episcopali
665 5034 889 5094 masere,
924 5029 1086 5070 totum
1130 5035 1185 5071 se
1221 5023 1458 5094 roat'ertit
1505 5020 1705 5086 Elaﬁus
1736 5024 1804 5075 ad

252 5089 547 5158 Dominum,
599 5089 772 5160 largas
820 5092 1162 5159 elerntosynas
1219 5092 1451 5160 faciens,
1495 5095 1805 5146 orationibus

251 5168 445 5227 instans,
476 5162 606 5214 nihil
633 5161 1015 5232 prqtartiitteiis
1034 5162 1179 5232 quod
1220 5162 1288 5212 ad
1314 5162 1430 5213 boni
1459 5164 1675 5229 pastoris
1703 5164 1809 5232 o/Ii-

252 5240 367 5289 cium
398 5228 691 5299 pertineret.
722 5228 867 5282 Tanti
893 5231 1067 5297 fratris
1092 5247 1264 5284 amore
1286 5242 1330 5283 et
1354 5233 1604 5284 desiderio
1626 5228 1807 5286 ductus

254 5306 583 5368 Leoaemrrus,
615 5301 794 5353 relict'a
823 5303 991 5369 patria
1021 5301 1358 5353 Cato/aurium
1397 5313 1637 5370 perrexit.
1671 5302 1808 5356 Mul-

255 5390 345 5429 tum
393 5388 561 5427 autem
618 5387 796 5425 eorum
845 5375 1069 5440 fraterna
1119 5375 1389 5424 ronzordia
1447 5372 1811 5427 Catulaunensi

254 5450 451 5501 ecclesia:
480 5446 696 5511 profuit,
721 5441 804 5493 cui
827 5446 974 5493 etiam
1006 5442 1335 5494 luered.taria
1359 5444 1553 5510 prwdia
1578 5460 1671 5495 sua
1698 5447 1810 5498 urbi

256 5518 507 5571 Leniorij
552 5516 719 5582 vicina
748 5515 1025 5573 donarunt,
1055 5520 1157 5564 etc.
1210 5512 1281 5565 De
1308 5530 1374 5567 eo
1417 5514 1468 5566 in
1499 5514 1811 5582 Necrologio

256 5605 321 5641 xlv
350 5588 464 5641 Kal.
493 5585 642 5649 Sept.
667 5580 942 5635 Catelauni
982 5584 1166 5634 natalis
1198 5582 1548 5650 gloriosissimi
1576 5580 1811 5651 prwsulis

255 5658 431 5731 Elaphii
460 5658 641 5731 fratris
663 5651 1064 5731 Leudomiri.
1089 5654 1255 5731 Porro
1279 5655 1469 5706 Beatus
1493 5670 1577 5720 qui
1609 5655 1808 5709 instru-

255 5724 552 5786 meriturus.
582 5726 739 5780 Elatii
765 5724 1104 5791 conscripsit,
1134 5724 1418 5793 episcopus
1451 5740 1553 5778 non
1582 5737 1715 5787 erat,
1755 5736 1811 5780 ut

253 5816 303 5857 ιι
327 5803 431 5868 eius
455 5798 641 5857 verbis
669 5802 892 5864 apparet
920 5810 933 5847 :
960 5794 1073 5865 Ego
1096 5796 1326 5865 quamvis
1354 5796 1612 5866 indignus,
1643 5805 1809 5850 tamen

1909 3280 1975 3332 rit
2002 3282 2031 3336 Υ,
2053 3280 2202 3333 Sicut
2232 3282 2376 3334 enim
2414 3281 2569 3334 Pater
2597 3284 2713 3336 sine
2745 3285 2857 3338 istis
2885 3301 3004 3340 esse
3031 3303 3134 3341 non
3165 3292 3332 3357 putuit
3356 3332 3372 3356 ,
3406 3294 3481 3347 ita

1902 3379 1958 3425 et
1985 3374 2100 3424 sine
2128 3371 2267 3425 Filio
2297 3388 2418 3427 esse
2447 3390 2552 3426 non
2588 3377 2756 3440 potuit
2787 3394 2800 3428 :
2834 3394 2952 3447 qua:
2994 3380 3225 3436 maxime
3262 3384 3327 3436 ad
3375 3385 3478 3438 Do—

1905 3463 2087 3517 minici
2129 3464 2360 3519 nominis
2414 3464 2433 3504 ί
2489 3470 2798 3537 mysterium
2841 3480 3178 3537 coaptantur.
3230 3472 3336 3527 Sed
3383 3491 3485 3529 nec

1905 3554 2065 3610 Pater
2094 3567 2239 3610 esset
2267 3559 2453 3625 utique
2473 3599 2488 3621 ,
2520 3562 2563 3611 si
2592 3557 2780 3612 Filium
2814 3576 2916 3613 non
2946 3563 3182 3617 haberet.
3210 3564 3359 3631 Quod
3389 3581 3485 3619 au-

1907 3659 2010 3701 tem
2042 3664 2163 3701 eum
2190 3649 2392 3703 dixisse
2422 3651 2501 3702 ais
2525 3689 2542 3714 ,
2577 3651 2737 3703 Pater
2775 3654 2942 3721 major
2967 3670 3045 3706 me
3070 3666 3142 3708 est
3170 3656 3347 3723 (Joan.
3370 3675 3482 3722 XIV,

1903 3736 1973 3790 28
1996 3742 2012 3805 )
2035 3778 2050 3802 ,
2079 3741 2219 3793 scias
2245 3756 2365 3794 eum
2415 3747 2515 3796 hoc
2552 3758 2613 3796 ex
2657 3756 2942 3814 assumpta:
2964 3748 3140 3801 carnis
3179 3750 3480 3809 humilitate

1903 3831 2134 3896 dixi-se,
2167 3841 2225 3885 ut
2252 3847 2547 3900 cognoscas
2576 3849 2681 3887 non
2714 3846 3009 3903 potestate,
3041 3838 3134 3892 sed
3178 3839 3481 3900 humilitate

1905 3933 1956 3976 te
1990 3924 2153 3976 fuisse
2180 3926 2537 3991 redemptum.
2569 3925 2700 3979 Nam
2730 3938 2781 3979 tu
2807 3929 2895 3996 qui
2926 3929 3089 3991 dicis,
3128 3927 3284 3984 Pater
3314 3937 3481 4005 major

1905 4031 1981 4066 me
2004 4025 2107 4079 est,
2141 4023 2353 4080 oportet
2392 4027 2441 4068 te
2489 4016 2797 4071 meminisse
2824 4019 2964 4086 quod
2990 4020 3114 4075 :iltbi
3146 4022 3217 4075 ait
3244 4040 3256 4075 :
3293 4025 3403 4095 Ego
3433 4036 3482 4081 et

1905 4103 2061 4157 Pater
2090 4122 2246 4158 unum
2273 4123 2449 4158 sumus
2483 4105 2676 4175 (Joan.
2703 4124 2733 4160 ιι
2752 4149 2768 4174 ,
2801 4108 2868 4163 50
2896 4108 2936 4177 ).
2964 4109 3094 4162 Nam
3124 4122 3178 4166 et
3204 4116 3388 4170 tttortis
3420 4118 3482 4170 ti-

1904 4216 2041 4265 utor,
2073 4211 2127 4253 et
2154 4199 2552 4253 commendatio
2582 4201 2800 4269 spiritus
2839 4204 2909 4256 ad
2952 4202 3314 4259 inﬁrmitatem
3356 4222 3481 4262 eor-

1908 4296 2052 4361 poris
2092 4305 2174 4348 est
2208 4295 2486 4347 referenda
2506 4335 2520 4359 ,
2555 4303 2611 4347 ut
2639 4295 2775 4348 sicut
2807 4310 2965 4350 verus
2994 4296 3131 4351 Deus
3152 4337 3166 4363 ,
3200 4298 3271 4351 ita
3301 4312 3355 4354 et
3382 4316 3481 4356 ve-

1908 4454 2091 4508 Beatus
2124 4471 2287 4522 vocor,
2308 4455 2441 4506 hanc
2462 4458 2815 4509 auctoritatem
2833 4456 3043 4526 jubente
3070 4455 3243 4526 Elaﬁo
3271 4476 3482 4516 venera-

1908 4527 1994 4579 bili
2045 4544 2104 4594 ep
2125 4543 2277 4596 scopo
2325 4543 2429 4578 una
2470 4544 2582 4578 cum
2629 4543 2875 4580 consensu
2922 4525 3226 4582 Laudomeri
3272 4534 3479 4588 diaconi

1908 4600 2302 4674 conscripsi,_ad
2326 4599 2486 4674 rice»:
2528 4598 2743 4650 Ernoldi
2773 4600 2980 4674 notarii.
3018 4600 3164 4655 Unde
3204 4603 3309 4656 ruit
3338 4607 3479 4674 quod

1908 4670 1959 4720 in
1992 4672 2129 4720 uotis
2168 4669 2275 4720 dixi
2306 4668 2375 4722 de
2404 4669 2584 4737 Beato,
2617 4686 2771 4738 quem
2817 4670 3124 4738 episeopum
3154 4668 3481 4730 Ambiauen-

1907 4753 2017 4791 sein
2052 4740 2212 4792 fuisse
2239 4739 2565 4808 Suspicahar.

1979 4818 2002 4842 α
2037 4813 2207 4871 Supra
2256 4828 2370 4877 υειμ.
2404 4810 2471 4863 50
2496 4852 2511 4875 ,
2546 4810 2631 4862 ubi
2681 4810 2874 4865 dicitur
2913 4813 3114 4869 Eunius
3162 4813 3479 4872 Venetensis

1908 4879 2209 4946 epismipus.

1986 4956 2007 4983 υ
2038 4950 2223 5012 Corin,
2247 4957 2488 5003 estoreus.
2512 4950 2693 5015 Colb.,
2718 4954 2761 5005 ei
2788 4952 3066 5007 Duricarus
3090 4964 3307 5008 torrens.
3339 4955 3478 5009 Editi

1909 5034 2029 5072 cum
2067 5020 2212 5080 Βυκ..
2251 5019 2413 5092 Caris,
2460 5030 2550 5073 aut
2594 5023 2761 5078 Cares.
2806 5025 2939 5077 Coll.
2986 5025 3193 5091 Regum,
3226 5026 3391 5092 major
3415 5032 3480 5079 ab

1910 5105 2126 5143 αιηηε...
2158 5105 2319 5167 cares.
2353 5090 2468 5153 Il.c,
2493 5101 2548 5143 ut
2578 5108 2722 5159 puto,
2755 5090 3279 5167 designatnr’lluvius
3302 5090 3475 5167 Caris,

1913 5165 2074 5225 vulgo
2102 5163 2147 5211 le
2176 5160 2324 5219 Char,
2357 5176 2443 5223 qui
2477 5178 2527 5213 in
2557 5164 2781 5230 Ligerim
2811 5160 3095 5215 delabitur.

1985 5240 2006 5268 ι
2049 5231 2150 5301 Qui
2180 5244 2337 5295 supra
2372 5230 2573 5283 scilicet
2601 5248 2629 5283 a
2660 5233 2858 5286 Mirone
2881 5232 3068 5286 (Ill‘el'li
3094 5234 3365 5301 dicuntur,
3391 5236 3479 5292 hic

1910 5317 2099 5367 nempe
2129 5300 2318 5353 Snevis
2344 5317 2392 5351 III
2422 5303 2641 5354 Gallicis
2669 5305 2981 5369 degentibus
3008 5305 3317 5371 imperabat.
3349 5300 3480 5364 Ilinc

1911 5375 1961 5451 in
1999 5372 2168 5424 indice
2206 5371 2436 5438 capitum
2479 5376 2597 5424 cod.
2646 5368 2831 5440 Regni.
2862 5368 3111 5428 dicuntur
3139 5368 3291 5446 legali
3322 5376 3477 5433 Callio

1910 5458 2117 5494 menses.

1982 5513 2009 5547 α
2051 5511 2160 5593 Hoc
2199 5522 2365 5593 caput
2391 5512 2551 5593 deest.
2582 5512 2632 5565 in
2672 5511 2821 5591 Celb.
2864 5524 2924 5593 et_
2954 5514 3111 5593 Corh.
3150 5520 3281 5593 llud.
3318 5537 3479 5593 vero,

1914 5582 2219 5663 dimidius,
2260 5593 2315 5637 et
2352 5584 2404 5636 in
2446 5584 2618 5638 indice
2658 5590 2853 5652 cupit.,
2899 5586 2973 5639 De
3002 5585 3269 5649 Mamilio.
3313 5582 3477 5661 Dem:

1925 5652 1965 5703 II
2007 5653 2089 5703 rili
2161 5695 2173 5708 .

1916 5679 1930 5704 ι
1974 5670 2011 5761 ἶ
2055 5670 2257 5779 υέδιιοο
2284 5723 2438 5780 inl'ra.
2468 5725 3015 5791 SubscripsitConml.
3045 5730 3249 5787 Matisc.
3274 5746 3336 5789 ιι.

1988 5791 2008 5831 ί
2054 5794 2264 5866 Regum,
2298 5796 2577 5856 Dominicis
2607 5799 2801 5873 verbtsa
