3994 6194
655 273 760 331 3Ξ·9

1670 275 1727 331 S.
1770 274 2101 332 GREGOIHI
2143 276 2448 334 EI'ISCOPI
2492 279 2920 337 TURONENSIS
3791 291 3874 346 3ῦο

653 407 745 447 rus
761 392 920 447 homo
942 391 1209 448 credatur.
1229 392 1390 446 l‘tille
1416 411 1426 446 :
1452 393 1616 463 Cujus
1642 393 1758 460 quis
1783 393 1962 461 implet
1989 393 2229 445 volunt-t-
2257 395 2308 452 Α
2340 403 2422 447 est
2450 397 2536 464 qui
2563 396 2722 460 mitit,
2756 412 2858 450 non
2891 407 2975 450 est
2997 397 3137 451 Deus
3167 399 3255 469 qui
3286 399 3534 456 mittitur.
3558 402 3634 456 Ad
3663 402 3769 459 hinc
3796 421 3876 475 ego

652 493 784 552 tem,
807 498 878 539 eo
898 498 945 539 et
976 487 1151 539 minor
1164 499 1244 539 est
1264 495 1286 522 ι
1310 503 1325 551 ;
1344 500 1554 554 semper
1569 484 1732 538 Filius
1751 488 1920 539 minor
1935 496 2015 539 est
2036 486 2191 539 Patre
2210 526 2226 547 ,

655 574 780 642 quia
822 574 915 628 ille
953 573 1079 629 facit
1116 576 1442 630 voluntatem
1485 576 1688 641 Patris,
1744 591 1841 631 nec
1886 576 2045 630 Pater
2089 576 2229 630 illius

662 666 995 719 voluntatem
1037 666 1212 721 facere
1249 668 1648 736 comprobatur.
1694 668 1772 721 Ad
1813 669 1925 721 haec
1963 682 2102 737 ego:
2146 667 2231 721 ln-

659 756 840 825 tellige
869 759 989 826 quia
1023 757 1181 812 Pater
1210 760 1260 810 in
1292 759 1449 824 Filio,
1481 770 1533 813 et
1565 760 1727 814 Filius
1758 762 1809 814 in
1838 760 2016 825 Patre,
2042 761 2095 814 in
2127 776 2229 814 una

654 864 869 917 semper
906 849 1103 905 deitate
1142 851 1403 905 subsistit.
1441 851 1573 905 Nam
1609 862 1665 905 ut
1700 866 1994 921 cognoscas
2019 853 2230 909 Patrem

660 940 779 993 Filii
815 940 991 995 facere
1021 943 1377 1005 Voluntatcm,
1402 943 1444 994 si
1472 944 1521 995 in
1549 952 1599 995 te
1626 942 1757 996 iides
1778 944 2081 1012 evangelica
2112 959 2229 997 ma-

656 1040 784 1094 net,
814 1033 939 1086 audi
969 1033 1092 1102 quid
1127 1034 1241 1102 ipse
1271 1033 1426 1087 Jesus
1458 1033 1596 1086 Deus
1635 1044 1835 1098 noster,
1881 1050 2003 1087 cum
2045 1034 2108 1086 ad
2150 1048 2231 1088 re-

657 1127 1021 1181 suscitandum
1057 1127 1202 1181 venit
1231 1125 1524 1191 Lazarum,
1555 1125 1663 1179 ait:
1699 1124 1874 1192 Pater,
1906 1126 2099 1197 gratias
2135 1141 2232 1195 ago

659 1218 789 1284 tibi,
819 1234 1060 1287 quoniam
1086 1218 1274 1271 audisti
1301 1233 1380 1270 me
1402 1233 1421 1271 :
1446 1225 1492 1271 et
1522 1232 1613 1286 ego
1641 1217 1861 1271 sciebam
1885 1218 2008 1288 quia
2033 1233 2233 1283 semper

657 1326 739 1364 me
776 1312 950 1369 audis.
992 1309 1099 1366 Sed
1124 1320 1332 1378 propter
1352 1308 1550 1361 turbam
1589 1323 1703 1378 qua:
1727 1309 2052 1373 circumstat,
2081 1309 2229 1371 dixi,

657 1413 712 1459 ut
736 1405 945 1459 credant
974 1404 1094 1474 quia
1123 1413 1177 1457 tu
1206 1420 1283 1455 me
1308 1403 1489 1457 misisti
1519 1401 1710 1473 (Joan.
1739 1418 1794 1456 xt
1818 1440 1832 1456 .
1856 1402 1946 1467 41,
1973 1401 2094 1471 42).
2126 1401 2232 1456 Sed

656 1504 858 1550 etcum
892 1496 956 1549 ad
990 1495 1293 1564 passionem
1327 1495 1502 1559 venit,
1537 1495 1651 1550 ait:
1686 1494 1864 1561 Pater,
1896 1496 2126 1561 clari/ica
2153 1511 2233 1548 me

656 1588 889 1642 claritate
924 1605 1081 1657 quam
1121 1588 1277 1640 habui
1324 1588 1464 1655 apud
1518 1588 1837 1659 temetipsum
1869 1631 1884 1656 ,
1941 1590 2235 1657 priusquam

656 1682 878 1733 mundus
907 1682 1048 1748 ﬁeret
1076 1678 1257 1751 (Joan.
1283 1696 1389 1734 xvn
1407 1722 1421 1745 ,
1446 1680 1525 1748 5).
1556 1679 1650 1735 Cui
1683 1681 1839 1736 Pater
1864 1682 1927 1736 de
1954 1682 2091 1737 coelo
2122 1697 2233 1736 res-

2336 487 2629 554 interrogo,
2653 489 2696 541 si
2734 489 2977 545 crederet
3010 490 3305 547 doctrinam
3330 493 3474 549 Petri
3515 494 3761 565 Paulique
3778 511 3877 563 apo-

2331 577 2614 631 stolorum.
2633 578 3008 647 Respondente
3034 591 3211 637 autem
3239 598 3304 638 eo
3320 602 3333 639 :
3348 585 3546 652 Credo,
3561 586 3725 658 adjeci
3742 590 3876 644 :Cutn

2332 678 2579 738 argueret
2622 669 2813 723 Petrus
2851 672 3127 738 apostolus
3157 672 3419 728 Ananiam
3450 691 3547 745 pro
3577 676 3755 733 fraude
3779 678 3877 732 fun-

2330 760 2421 823 di,
2454 759 2575 814 vide
2605 760 2729 830 quid
2759 761 2938 817 dicat:
2975 764 3113 828 Quid
3144 764 3235 818 tibi
3262 767 3428 819 uisum
3456 776 3530 821 est
3561 770 3755 822 mentiri
3780 768 3877 839 Spi-

2331 857 2681 911 rituisancto?
2707 854 2828 910 Non
2858 874 2909 911 es
2924 860 3053 912 enim
3076 861 3312 914 mentitus
3338 860 3626 916 hominibus
3643 906 3659 929 ,
3686 866 3768 917 sed
3791 863 3878 917 Deo

2333 948 2471 1019 (Act.
2493 964 2546 1014 v,
2568 947 2623 1012 5,
2647 949 2726 1019 4).
2756 950 2817 1003 Ει
2848 950 3063 1017 Paulus,
3092 967 3212 1006 cum
3240 956 3531 1022 gratiarum
3561 956 3877 1023 spiritualium

2332 1039 2687 1109 distingueret
2723 1042 2960 1108 gradus:
3008 1041 3139 1095 Htec
3181 1045 3383 1111 omnia,
3434 1046 3636 1114 inquit,
3674 1058 3880 1117 operatur

2332 1146 2466 1184 unus
2501 1140 2653 1199 atque
2690 1131 2825 1184 idem
2864 1131 3095 1202 Spiritus
3117 1173 3134 1198 ,
3174 1134 3409 1189 dividens
3447 1137 3720 1207 unicuique
3756 1147 3879 1205 prout

2334 1223 2443 1275 uult
2468 1221 2488 1294 (
2516 1220 2543 1274 1
2576 1219 2700 1277 Cor.
2724 1238 2799 1276 xtt
2820 1264 2838 1289 ,
2864 1223 2922 1277 Η
2952 1222 2995 1292 ).
3023 1223 3126 1291 Qui
3155 1224 3298 1279 enim
3331 1226 3471 1295 quod
3500 1227 3729 1283 voluerit
3752 1227 3877 1290 facit,

2334 1313 2387 1369 in
2431 1314 2626 1369 nullius
2667 1315 2925 1385 redigitur
2966 1324 3308 1384 potestatem.
3350 1316 3482 1371 Nam
3512 1333 3642 1384 vos,
3673 1330 3729 1373 ut
3755 1333 3881 1387 supe~

2336 1407 2448 1461 rius
2473 1406 2617 1473 dixi,
2650 1406 2780 1462 nihil
2812 1415 2958 1463 recte
2985 1406 3346 1464 de'Trinitate
3375 1418 3561 1464 sancta
3592 1409 3813 1472 sentitis,
3841 1416 3883 1463 et

2334 1513 2491 1567 quam
2521 1498 2699 1567 iniqua
2722 1498 2882 1569 256
2901 1498 2969 1552 sit
2996 1498 3154 1567 hujus
3180 1509 3341 1555 secta:
3367 1500 3708 1569 perversitas,
3738 1501 3883 1570 ipsius

2335 1585 2570 1641 auctoris
2595 1589 2791 1652 vestri,
2824 1588 2875 1642 id
2911 1598 2994 1644 est
3031 1589 3178 1654 Arii,
3224 1591 3489 1659 expressit
3531 1590 3793 1645 interitus.
3822 1590 3885 1643 Ad

2336 1674 2455 1733 haec
2494 1677 2588 1732 ille
2626 1678 2945 1748 respondit:
2993 1678 3187 1750 Legem
3229 1695 3387 1749 quam
3428 1695 3533 1735 non
3574 1682 3736 1746 colis,
3765 1682 3886 1736 blas-

657 1773 882 1842 pondit:
917 1771 980 1824 Et
1009 1770 1286 1839 clariﬁcavi
1306 1816 1319 1838 ,
1346 1780 1393 1824 et
1414 1772 1597 1825 iterum
1619 1772 1911 1840 clariﬁcabo
1932 1771 2110 1841 (Joan.
2136 1790 2231 1841 xu,
2264 1779 2312 1840 Β
2340 1768 2591 1835 pltemal’e
2635 1770 2743 1824 noli
2767 1786 2782 1836 ;
2815 1786 2911 1825 nos
2940 1786 3068 1826 vero
3096 1786 3215 1842 quae
3244 1772 3464 1828 creditis
3483 1816 3497 1837 ,
3526 1775 3629 1829 etsi
3660 1790 3761 1827 nou
3790 1789 3886 1827 cre-

655 1865 772 1933 28).
806 1862 1057 1932 Equalis
1087 1871 1173 1917 est
1205 1877 1336 1933 ergo
1366 1862 1532 1918 Filius
1566 1864 1617 1916 in
1648 1863 1867 1929 deitate,
1898 1880 2003 1920 nou
2036 1864 2230 1932 minor,

661 1953 756 2011 sed
787 1969 963 2024 neque
989 1953 1189 2023 aliquid
1220 1954 1394 2008 minus
1427 1954 1648 2010 habens.
1681 1955 1811 2010 Nam
1837 1956 1879 2010 si
1912 1957 2074 2011 Deum
2102 1972 2233 2013 con-

658 2045 860 2109 ﬁteris,
892 2060 1116 2100 necesse
1144 2053 1229 2100 est
1255 2046 1518 2116 integrum
1548 2048 1795 2113 iatearis,
1821 2058 1876 2103 et
1905 2051 2035 2104 nihil
2069 2066 2234 2122 egen-

660 2148 801 2201 tem;
844 2138 885 2191 si
926 2152 1055 2191 vero
1094 2138 1356 2207 integrum
1396 2153 1518 2194 esse
1551 2155 1745 2210 negas,
1778 2141 1942 2195 Demn
1973 2156 2096 2196 esse
2126 2158 2232 2198 non

658 2231 856 2284 Credis.
881 2229 949 2283 Et
970 2229 1060 2283 ille
1086 2246 1099 2282 :
1132 2231 1205 2282 Ex
1229 2240 1503 2299 assumpto
1526 2231 1745 2288 homine
1766 2233 1930 2301 coepit
1954 2234 2048 2289 Dei
2071 2234 2234 2290 Filius

658 2321 918 2383 vocitari;
962 2333 1083 2372 nam
1125 2331 1237 2373 erat
1262 2323 1473 2388 quando
1505 2337 1607 2375 non
1640 2333 1772 2378 erat.
1818 2323 1885 2377 Et
1915 2340 2055 2395 ego:
2096 2328 2234 2384 Audi

662 2410 829 2464 David
873 2410 1140 2465 dicentem
1180 2427 1245 2466 ex
1288 2428 1511 2480 persona
1554 2414 1772 2470 Patris:
1816 2416 1898 2470 Ex
1936 2429 2081 2473 utero
2118 2431 2236 2476 ante

661 2503 935 2573 luciferum
962 2504 1115 2573 genui
1142 2514 1188 2557 te
1216 2502 1390 2574 (Psal.
1419 2519 1527 2570 cu,
1548 2503 1628 2576 5).
1661 2506 1726 2562 Et
1755 2508 1988 2563 Joannes
2014 2526 2236 2581 evitnge-

656 2598 774 2651 lista
801 2596 873 2650 ait
900 2616 912 2651 :
944 2595 1008 2650 In
1038 2599 1290 2667 principio
1318 2607 1425 2652 erat
1459 2598 1705 2665 Verbum,
1738 2613 1789 2655 et
1822 2600 2042 2656 Verbum
2073 2605 2234 2678 255

654 2700 764 2745 erat
788 2690 927 2761 apud
956 2689 1152 2755 Deum,
1183 2701 1231 2743 et
1264 2689 1401 2745 Deus
1425 2702 1537 2746 erat
1573 2691 1791 2746 Verbum
1822 2696 1840 2762 (
1865 2692 2021 2749 Joan.
2054 2712 2103 2762 ι,
2136 2697 2161 2749 1
2190 2699 2233 2765 ).

655 2782 767 2840 Hoc
791 2799 918 2852 ergo
948 2781 1167 2836 Verbum
1190 2799 1312 2836 caro
1335 2784 1524 2854 factum
1545 2797 1638 2852 est,
1664 2795 1710 2838 et
1732 2786 1970 2840 habitavit
1990 2788 2043 2840 in
2066 2787 2231 2855 nobis,

656 2890 742 2927 uer
768 2890 916 2943 quem
947 2874 1081 2943 facta
1108 2884 1227 2927 sunt
1253 2878 1429 2929 omnia
1454 2874 1635 2947 (Joan.
1663 2891 1713 2941 ι,
1743 2877 1823 2931 ιι.
1867 2875 1945 2946 5).
1976 2878 2107 2933 Nam
2138 2894 2235 2935 vos

656 2968 841 3021 ca'cati
884 2982 1092 3021 veneno
1133 2970 1535 3037 persuasionis,
1581 2969 1712 3023 nihil
1752 2969 1971 3039 dignum
2012 2970 2081 3025 de
2121 2970 2233 3026 Deo

659 3064 892 3119 sentitis.
922 3065 982 3119 Et
1011 3065 1102 3119 ille
1126 3082 1138 3117 :
1172 3064 1417 3134 Nunquid
1445 3076 1499 3120 et
1521 3065 1774 3134 Spiritum
1797 3078 2037 3121 sanetum
2065 3066 2229 3121 Deum

2337 1859 2543 1929 dimus,
2593 1876 2699 1916 non
2728 1870 2906 1918 tamen
2949 1862 3411 1933 blasphemamus,
3456 1863 3582 1934 quia
3613 1881 3716 1920 non
3745 1866 3888 1934 depu-

2338 1958 2481 2004 tatur
2506 1948 2739 2018 crimini,
2765 1954 2809 2006 si
2840 1963 2893 2007 et
2920 1953 3008 2007 illa
3032 1962 3087 2009 et
3116 1954 3204 2008 illa
3228 1956 3495 2010 colantur.
3524 1956 3615 2013 Sic
3638 1960 3775 2013 enim
3798 1958 3889 2010 vul-

2335 2050 2460 2108 gato
2500 2054 2749 2097 sermone
2791 2041 3063 2097 dicimus:
3104 2042 3218 2098 Non
3262 2059 3385 2100 esse
3427 2047 3647 2101 noxium
3687 2047 3732 2101 si
3774 2048 3889 2101 inter

2336 2133 2617 2202 gentilium
2647 2148 2770 2190 aras
2795 2147 2849 2190 et
2875 2135 2967 2191 Dei
2996 2136 3282 2192 ecclesiam
3309 2139 3428 2208 quis
3460 2141 3743 2205 transiens,
3769 2151 3891 2195 utra-

2337 2237 2441 2293 que
2469 2233 2752 2280 veneretur
2786 2235 2832 2280 ο.
2862 2226 3025 2296 Cujus
3051 2243 3151 2299 ego
3180 2229 3459 2286 stultitiam
3489 2247 3754 2300 cernens,
3781 2233 3885 2287 aio:

2339 2312 2410 2369 Ut
2439 2315 2624 2382 video,
2665 2326 2719 2372 et
2745 2318 3023 2386 gentilium
3055 2320 3423 2388 defensorem,
3456 2332 3513 2378 et
3540 2324 3888 2380 haereticorum

2336 2416 2659 2463 assertorem
2694 2420 2745 2463 te
2772 2424 2894 2465 esse
2934 2412 3284 2479 manifestas,
3315 2428 3436 2469 cum
3468 2426 3525 2471 et
3550 2417 3889 2473 ecclesiastica

2340 2500 2590 2569 dogmata
2622 2506 2880 2567 maculas,
2909 2512 2963 2559 et
2993 2520 3314 2575 paganorum
3343 2508 3628 2577 spurcitias
3657 2510 3891 2579 pradicas

2336 2593 2569 2648 adorari.
2601 2594 2776 2651 Satius
2802 2635 2820 2661 ,
2866 2597 3051 2666 inquio
3075 2640 3089 2663 ,
3122 2599 3326 2654 faceres
3350 2638 3367 2666 ,
3400 2601 3446 2655 si
3487 2615 3547 2655 ea
3586 2610 3641 2655 et
3678 2610 3891 2654 armaret

2338 2691 2503 2759 tides,
2555 2706 2713 2761 quam
2756 2691 3025 2747 Abraham
3070 2694 3135 2748 ad
3180 2694 3387 2760 ilicem,
3442 2694 3587 2749 Isaac
3626 2694 3678 2748 in
3705 2694 3891 2756 ariete,

2336 2784 2504 2840 Jacob
2528 2786 2581 2840 in
2614 2785 2822 2855 lapide,
2853 2786 3061 2858 Moyses
3092 2787 3223 2841 vidit
3250 2787 3303 2840 in
3333 2797 3521 2852 sente;
3551 2802 3707 2857 quam
3738 2790 3891 2839 Aaron

2336 2876 2570 2947 portavit
2594 2880 2648 2931 in
2680 2876 2823 2947 logio
2854 2875 2899 2941 ί,
2931 2878 3091 2931 David
3122 2878 3405 2932 exsultavit
3426 2878 3480 2932 in
3510 2888 3779 2949 tympano,
3802 2875 3889 2931 Sa-

2335 2968 2518 3023 lomon
2546 2967 2861 3037 prtedicavit
2888 2967 2943 3022 in
2972 2968 3274 3033 intellectu;
3299 2984 3457 3039 quam
3480 2984 3671 3025 omnes
3695 2968 3889 3033 patriar-

2334 3058 2483 3125 chae,
2514 3059 2793 3128 propheta:
2812 3102 2826 3127 ,
2865 3058 2981 3114 sive
3010 3059 3119 3113 Lex
3151 3059 3266 3128 ipsa
3296 3061 3380 3114 vel
3413 3061 3655 3115 oraculis
3677 3058 3885 3121 cecinit,

655 3156 863 3220 dicitis,
908 3165 999 3209 aut
1035 3156 1297 3223 aequalem
1332 3157 1471 3210 Patri
1509 3156 1749 3228 Filioque
1775 3157 2106 3212 decernitis?
2133 3158 2227 3212 Cui
2256 3156 2305 3219 C
2334 3152 2417 3205 Vel
2446 3151 2726 3205 sacriﬁCiiS
2754 3150 3000 3220 ﬁguravit
3024 3168 3040 3217 ἱ
3068 3166 3226 3220 quam
3255 3161 3309 3205 ει
3338 3165 3479 3206 nunc
3523 3166 3755 3221 Pmsens
3792 3151 3887 3203 δηί-

655 3260 788 3314 ego:
824 3245 936 3300 Una
968 3247 1019 3298 in
1054 3246 1222 3300 tribus
1251 3257 1333 3301 est
1365 3247 1636 3311 voluntas,
1675 3258 1931 3315 potestas,
1959 3249 2228 3317 operatio:

658 3350 794 3391 unus
837 3336 979 3391 Dens
1019 3337 1070 3390 in
1113 3338 1386 3400 trinitate.
1427 3349 1481 3393 et
1523 3341 1695 3393 trinus
1736 3341 1787 3393 in
1831 3341 2057 3394 unitate.
2099 3341 2233 3397 Tres

660 3441 939 3496 personae,
972 3430 1065 3481 sed
1099 3444 1262 3481 unmn
1294 3443 1515 3499 regnum
1535 3469 1550 3493 ,
1583 3443 1684 3483 una
1710 3428 1979 3498 maiestas,
2010 3445 2111 3485 una
2139 3445 2234 3499 po-

659 3520 822 3574 tentia
860 3521 1375 3591 omnipoteutiaque.
1420 3522 1485 3575 Et
1524 3521 1654 3577 ille:
1696 3522 1932 3591 Spiritus
1970 3533 2229 3592 sanctus,

659 3610 860 3681 inquit,
889 3626 1046 3681 quem
1077 3612 1341 3680 aequalem
1365 3613 1507 3667 Patri
1532 3615 1778 3683 profertis
1800 3630 1863 3671 ac
1886 3614 2043 3681 Filio,
2068 3617 2229 3671 utris-

656 3719 759 3772 que
788 3705 962 3758 miuor
989 3706 1268 3773 accipitur,
1298 3707 1422 3772 quia
1451 3716 1506 3761 et
1533 3722 1562 3759 a
1596 3706 1735 3763 Filio
1764 3708 2089 3778 promissus,
2118 3719 2171 3764 et
2199 3724 2230 3765 a

660 3798 814 3851 l’atre
841 3797 1033 3867 legitur
1056 3798 1271 3852 missus.
1296 3798 1465 3854 Nemo
1488 3800 1628 3855 enim
1656 3801 1934 3870 promittit,
1963 3801 2063 3856 nisi
2089 3802 2231 3872 quod

656 3906 766 3945 sine
792 3891 1142 3945 dominationi
1170 3892 1437 3959 subsistit;
1471 3904 1523 3946 et
1551 3909 1711 3950 nemo
1740 3895 1937 3962 mittit,
1970 3894 2072 3949 nisi
2100 3895 2234 3950 inl‘e-

659 3984 854 4039 riorem
888 4000 949 4039 se
970 4026 983 4046 ,
1010 3987 1151 4039 sicut
1181 3985 1294 4055 ipse
1317 3986 1392 4040 ait
1418 3987 1470 4041 in
1498 3986 1783 4057 Evangelio
1806 4004 1821 4042 :
1850 3986 1972 4042 Nisi
1992 4004 2082 4058 ego
2103 3989 2234 4041 abie-

655 4097 734 4143 ro,
770 4078 1069 4133 I’aruclctus
1102 4079 1191 4132 ille
1216 4095 1317 4133 non
1343 4080 1368 4118 δ
1400 4082 1561 4134 veniet
1585 4096 1602 4134 :
1630 4081 1673 4135 si
1700 4090 1869 4135 autent
1893 4081 2083 4147 abiero,
2116 4080 2231 4134 mit-

654 4183 759 4226 tam
790 4171 937 4224 illum
967 4172 1035 4224 ad
1066 4187 1151 4224 vos
1180 4170 1360 4241 (Joan.
1389 4186 1477 4225 xvr
1499 4215 1511 4235 ,
1538 4170 1615 4241 7).
1641 4171 1721 4226 Ad
1750 4172 1867 4225 haec
1891 4186 1988 4239 ego
2019 4184 2234 4239 respon-

654 4264 708 4318 di
731 4254 922 4318 :Bene
954 4263 1117 4316 Filius
1143 4274 1269 4317 ante
1299 4264 1600 4331 passionem
1630 4261 1737 4329 ait,
1767 4261 1889 4331 quia
1920 4261 2019 4315 nisi
2050 4260 2138 4316 ille
2164 4261 2231 4315 ad

659 4354 873 4409 Patrem
913 4357 1084 4410 vietor
1124 4356 1479 4421 remeaverit,
1510 4370 1572 4409 ac
1604 4356 1823 4424 proprio
1853 4354 2111 4422 sanguine
2141 4368 2229 4408 re-

662 4446 880 4513 dempto
910 4447 1139 4509 mundo,
1173 4445 1389 4516 dignum
1424 4446 1534 4500 Deo
1562 4463 1625 4499 ex
1659 4446 1874 4499 homine
1906 4456 2232 4514 praepararet

2337 3241 2574 3313 fragator
2603 3240 2869 3296 Martinus
2912 3255 3116 3306 noster,
3161 3242 3244 3296 vel
3286 3242 3527 3312 possedit
3567 3243 3621 3298 in
3663 3251 3885 3313 pectore.

2336 3335 2421 3388 vel
2449 3333 2687 3388 ostendit
2715 3334 2770 3388 in
2800 3346 2993 3401 opere,
3020 3341 3100 3405 ⁹ιιι
3133 3339 3191 3387 et
3230 3342 3286 3386 tu
3328 3347 3625 3389 conversus
3669 3333 3886 3387 crederes

2341 3423 2757 3495 inseparabilem
2786 3423 3102 3479 Trinitatem
3125 3466 3140 3490 ,
3171 3435 3225 3478 et
3250 3435 3469 3492 accepta
3497 3442 3530 3479 a
3565 3424 3716 3480 nobis
3744 3424 3887 3477 bene-

2334 3515 2594 3586 dictione,
2620 3526 2945 3587 purgatoque
2965 3532 2994 3570 a
3018 3517 3171 3570 malze
3192 3516 3532 3571 credulitatis
3564 3531 3762 3572 veneno
3786 3528 3889 3583 pec-

2334 3620 2483 3679 tore,
2505 3610 2810 3667 delerentur
2837 3610 3144 3679 iniquitates
3183 3619 3306 3664 tu'e.
3333 3610 3400 3662 At
3431 3609 3525 3663 ille
3558 3608 3733 3663 furore
3760 3621 3888 3661 com-

2334 3714 2549 3771 motus,
2579 3714 2635 3760 et
2659 3703 2840 3758 nescio
2868 3702 2994 3771 quid
3024 3703 3176 3771 quasi
3220 3703 3445 3756 insanus
3474 3701 3763 3768 frendens,
3791 3710 3889 3753 ait:

2334 3800 2475 3856 Ante
2520 3798 2696 3853 anima
2745 3798 2814 3852 ab
2859 3796 3017 3866 hujus
3068 3795 3313 3866 corporis
3360 3796 3591 3854 vinculis
3636 3797 3821 3854 emicet
3847 3803 3889 3857 ε,

2332 3905 2491 3960 quam
2550 3892 2619 3943 ab
2658 3890 2769 3943 ullo
2812 3887 3083 3956 religionis
3129 3900 3322 3941 vesme
3370 3889 3661 3945 sacerdote
3697 3887 3890 3944 benedi-

2332 3982 2565 4037 ctionem
2605 3979 2884 4049 accipiam.
2928 3980 2995 4033 Et
3029 3995 3176 4049 ego:
3219 3978 3330 4035 Nec
3366 3990 3613 4036 nostram
3654 3980 3889 4035 Dominus

2334 4075 2648 4143 religionem
2680 4074 2793 4128 sive
2820 4073 2976 4127 [idem
3018 4075 3086 4127 ita
3117 4086 3393 4144 tepescere
3424 4071 3452 4111 ιι
3476 4075 3684 4141 iaciat,
3714 4086 3765 4128 ut
3790 4073 3888 4127 dis-

2337 4168 2639 4221 tribuamus
2686 4166 2943 4221 Sanctum
2987 4166 3106 4236 ejus
3153 4166 3403 4231 canibus,
3451 4180 3514 4221 ac
3557 4169 3890 4236 pretiosarum

2335 4260 2744 4327 margaritarum
2777 4272 2926 4311 sacra
2952 4257 3129 4327 porcis
3156 4242 3525 4326 squalentibus
3560 4271 3893 4327 exponamus.

2334 4348 2416 4405 Ad
2458 4350 2575 4402 haec
2615 4348 2705 4401 ille
2749 4347 2934 4402 relicta
2974 4346 3327 4401 altercatione
3365 4350 3642 4415 surrexit,
3671 4355 3725 4402 et
3761 4345 3891 4397 abiit.

2331 4440 2438 4497 Sed
2466 4439 2705 4512 posthaec
2734 4455 2856 4494 cum
2898 4439 2951 4493 in
2993 4439 3273 4510 Hispanias
3299 4454 3553 4496 reversus
3583 4440 3801 4505 fuisset,
3830 4441 3895 4489 in~

657 4536 1041 4599 habitaculum,
1069 4553 1173 4590 non
1198 4546 1371 4606 potest
1395 4545 1610 4590 sanctus
1624 4534 1871 4603 Spiritus,
1897 4536 2034 4589 idem
2059 4535 2220 4602 Deus,
2252 4536 2302 4595 D
2332 4534 2582 4589 lirmitate
2605 4532 2942 4598 debilitatus,
2966 4532 3034 4587 ad
3062 4542 3298 4587 nostram
3328 4532 3646 4602 religionem
3677 4532 3896 4586 necessi-

655 4628 709 4681 in
735 4635 950 4696 pectore
975 4626 1208 4681 fanatico
1253 4635 1311 4682 et
1330 4628 1602 4697 originalis
1621 4626 1863 4682 criminis
1887 4627 2002 4681 labe
2031 4628 2228 4684 infecto

653 4716 999 4775 descendere.
1039 4716 1268 4787 Spiritus
1296 4719 1437 4772 enim
1464 4728 1701 4783 sanctus,
1735 4716 1807 4771 ait
1837 4716 2123 4784 Salomon,
2154 4720 2229 4789 ef-

655 4809 814 4881 fugiet
840 4818 861 4845 ο
893 4808 1068 4875 [ictum
1093 4808 1249 4878 (Sap.
1276 4824 1324 4873 ι,
1348 4808 1427 4878 5).
1450 4808 1531 4863 'l'u
1553 4820 1729 4863 autem
1755 4811 1799 4864 si
1822 4825 1971 4880 spem
1993 4812 2224 4880 aliquam

659 4900 1072 4962 resurrectionis
1113 4901 1310 4964 habes,
1354 4904 1461 4957 noli
1502 4904 1645 4972 loqui
1683 4906 1938 4959 adversus
1968 4903 2225 4973 Spiritum

656 5006 936 5061 sanctum,
977 4995 1136 5065 quia,
1170 4993 1333 5062 juxta
1372 4996 1693 5049 sententiam
1725 4994 1965 5061 Domini,
1997 4993 2064 5050 In
2106 4996 2226 5063 Spi-

653 5095 757 5144 ritu
788 5097 965 5144 sancto
985 5084 1011 5125 ἀ
1036 5085 1407 5156 blasphemanti
1427 5102 1531 5139 non
1554 5087 1853 5152 remittetur,
1878 5103 2036 5157 neque
2054 5088 2106 5140 in
2132 5088 2227 5139 hoc

654 5187 865 5250 ste-culo,
887 5200 1045 5254 neque
1064 5184 1117 5237 in
1142 5185 1320 5254 futuro
1342 5183 1558 5256 (Matth.
1582 5199 1655 5238 ιιι
1671 5223 1687 5249 ,
1709 5182 1824 5255 '52).
1852 5183 1918 5238 Et
1940 5183 2024 5237 ille
2043 5200 2057 5236 :
2084 5182 2227 5237 Deus

732 5328 757 5393 ξ·
789 5318 949 5393 garb.
972 5360 986 5385 ,
1018 5322 1143 5393 Dec.
1174 5331 1229 5375 et
1256 5322 1409 5375 Colb.
1442 5337 1526 5386 c.,
1556 5322 1670 5393 ejus
1698 5330 1745 5374 et
1764 5320 1953 5391 junior
1978 5331 2073 5374 est.

732 5388 760 5427 ιι
794 5389 1004 5456 Regm.,
1034 5391 1318 5445 Paraclitus
1344 5408 1465 5445 non.

734 5470 762 5540 ο,
792 5461 880 5540 Sic
904 5458 1089 5527 Corb.,
1118 5474 1170 5516 ct
1200 5462 1387 5531 Regni.
1422 5462 1556 5517 Editi
1584 5478 1703 5517 cum
1736 5464 1858 5517 Bec.
1888 5469 1945 5517 et
1972 5459 2122 5516 Colb.
2148 5475 2225 5527 c.,

654 5528 882 5681 [ῗῗεὲἱε
910 5596 1340 5681 (ὶρνιληιῖιςξειητε
1375 5602 1497 5681 Dec.
1530 5612 1583 5657 et
1610 5603 1764 5658 Colb.
1792 5619 1879 5681 c.,.
1899 5617 1995 5681 prq
2020 5603 2073 5653 in
2103 5601 2227 5681 Spf-

652 5673 806 5725 ritum
830 5680 1081 5723 sanctum.
1109 5672 1242 5724 [aditi
1261 5714 1277 5738 ,
1303 5671 1557 5739 Spiritum
1578 5682 1809 5725 sanctum
1832 5671 2221 5739 blasphemanti.

727 5753 750 5781 ο
788 5741 1192 5797 Observandum
1219 5758 1283 5798 ex
1314 5741 1414 5795 hoc
1445 5742 1563 5800 loco
1590 5743 1787 5799 nullam
1816 5743 2001 5798 haberi
2032 5755 2214 5797 veram

2334 4636 2445 4681 tate
2474 4636 2702 4696 cogente
2730 4637 3021 4679 conversus
3048 4632 3150 4678 est.

2405 4717 2564 4772 XLV.
2609 4718 2710 4772 Per
2746 4718 2885 4771 idem
2928 4726 3137 4785 tempus
3174 4716 3506 4786 Ctnilpericus
3551 4732 3647 4772 res
3686 4717 3895 4785 scripsit

2334 4810 2626 4864 indiculum
2654 4848 2667 4869 ,
2712 4819 2769 4861 ut
2809 4814 2995 4860 sancta
3038 4805 3272 4860 Trinitas
3314 4823 3416 4859 nun
3463 4809 3513 4859 in
3562 4820 3899 4874 personarum

2331 4900 2708 4966 distinctione,
2758 4900 2851 4955 sed
2893 4909 3095 4954 tantum
3137 4900 3275 4955 Deus
3315 4901 3727 4954 nominaretur:
3758 4911 3899 4950 asse-

2335 5009 2461 5049 rens
2490 4994 2771 5065 indignum
2803 5007 2958 5055 esse,
2991 5004 3046 5046 ut
3090 4992 3229 5046 Deus
3271 5006 3532 5061 persona,
3574 4992 3715 5045 sicut
3750 4988 3899 5043 homo

2332 5098 2591 5148 carneus,
2626 5082 3026 5143 nominaretur;
3049 5080 3210 5153 257
3232 5079 3509 5135 afﬁrmans
3533 5081 3702 5134 etiam
3734 5078 3898 5148 ipsum

2330 5189 2451 5229 esse
2506 5174 2716 5228 Patrem
2768 5172 2859 5242 qui
2903 5180 2989 5226 est
3032 5171 3232 5237 Filius;
3282 5170 3530 5241 idemque
3570 5171 3747 5242 ipsum
3790 5181 3899 5224 esse

2336 5315 2677 5385 religionem,
2698 5310 2927 5385 dimissa
2952 5310 3209 5385 Ecclesia:
3237 5309 3515 5364 catholica:
3558 5310 3702 5385 (ide,
3736 5319 3792 5363 ut
3814 5306 3899 5385 hic

2332 5382 2562 5442 Arianus
2582 5426 2597 5449 ,
2621 5383 2708 5451 qui
2732 5396 2919 5435 omnes
2950 5382 3115 5435 bonas
3142 5393 3435 5449 agnoscens
3453 5420 3468 5445 ,
3492 5382 3699 5435 nullam
3727 5394 3787 5434 se
3812 5383 3897 5430 tia-

2332 5459 2515 5513 buisse
2544 5452 2935 5508 manifestabat.

2409 5528 2425 5565 ί
2469 5526 2524 5580 Id
2550 5534 2634 5598 est
2663 5526 2714 5598 in
2746 5521 2989 5577 rationali
3016 5520 3341 5589 Pontiﬁcali,
3373 5521 3460 5577 ubi
3483 5522 3654 5598 λόγος,
3681 5534 3777 5576 seu
3810 5517 3896 5571 Dei

2330 5612 2522 5654 nomen
2548 5596 2835 5663 legebatur.

2406 5678 2430 5717 Β
2473 5667 2685 5733 “egon,
2714 5675 2993 5733 separetur.

2394 5737 2422 5776 ιι
2462 5739 2606 5794 Idem
2632 5746 2686 5793 et
2710 5734 2887 5800 Colb.,
2919 5736 3177 5790 tabescere.
