3994 6194
172 232 250 289 δίει
1085 238 1400 294 HISTORIA
1444 230 1889 293 rttANconuu.
1932 218 2131 291 LIBER
2170 234 2487 305 QUINTUS.

3306 242 3409 296 501

174 350 412 421 Spiritum
438 362 691 407 sanctum
713 391 727 415 ,
762 352 850 421 qui
884 353 1042 405 Pater
1069 362 1122 406 et
1151 353 1340 407 Filius.
1374 353 1462 409 Sic
1482 393 1499 418 ,
1529 352 1733 422 inquit,
1764 354 1819 412 Α
1842 351 1973 405 nulli
2008 351 2225 420 penitus
2264 364 2495 407 metricae
2533 354 2857 408 contteoiunt
2886 355 3080 409 rationi
3108 352 3158 409 ⁸.
3191 354 3409 410 Addidit

174 441 432 509 prophetis
468 457 535 495 ac
566 442 889 510 patriarchis
919 442 1201 509 apparuit,
1232 442 1310 496 sic
1336 456 1456 496 eum
1489 443 1599 509 ipsa
1629 432 1736 497 Lex

171 533 441 587 nuntiavit.
475 532 729 597 Cumque
760 532 874 587 haec
904 532 1036 586 mihi
1067 533 1276 587 recitari
1301 532 1549 601 iussisset
1574 573 1589 598 ,
1621 534 1734 588 ait:

164 622 280 691 Sic,
316 622 522 688 inquit,
556 623 683 676 volo
714 632 772 676 ut
803 632 857 676 tu
888 633 943 677 et
971 624 1161 692 reliqui
1195 624 1446 680 doctores
1476 624 1737 678 Ecclesia-

170 726 274 767 runt
303 712 561 766 credatis.
594 712 686 767 Cui
715 728 814 783 ego
844 716 1097 782 respondi
1130 728 1144 765 :
1174 714 1286 769 Hac
1312 715 1624 769 credulitate
1654 728 1738 768 re-

170 801 316 865 licta,
350 802 437 868 pie
466 816 583 864 rex,
616 802 717 856 hoc
745 812 800 856 te
828 813 1043 870 oportet
1072 804 1222 872 sequi
1249 805 1388 873 quod
1417 806 1588 869 nobis,
1619 815 1739 872 post

172 892 464 956 apostolos,
505 891 595 944 alii
633 892 888 947 doctores
920 894 1176 948 Ecclesiae
1205 895 1567 963 reliquerunt;
1599 894 1739 960 quod

172 977 394 1032 Hilarius
426 980 796 1051 Eusebiusque
823 992 848 1059 ’ξ
877 982 1211 1048 docuerunt,
1253 983 1396 1052 quod
1422 993 1478 1037 et
1509 982 1563 1036 itt
1607 984 1737 1049 bap-

174 1069 321 1121 tismo
348 1084 409 1123 es
436 1071 738 1125 confessus.
767 1071 917 1126 Tunc
942 1073 1108 1127 iratus
1134 1089 1228 1132 rex
1259 1076 1335 1127 ait
1361 1090 1375 1126 :
1406 1074 1736 1128 Manifestum

177 1171 250 1211 est
276 1159 401 1212 mihi
429 1161 483 1213 in
514 1160 615 1214 Irae
639 1176 800 1216 causa
829 1163 1086 1217 Hilarium
1116 1163 1508 1232 Eusebiumqtte
1538 1163 1741 1218 validos

181 1251 413 1305 inimicos
454 1252 663 1308 haberi.
714 1254 811 1309 Cui
859 1271 960 1326 ego
1005 1256 1296 1322 respondi:
1346 1252 1641 1312 Observare
1688 1270 1741 1313 te

183 1344 451 1408 convenit,
486 1360 660 1413 neque
694 1346 897 1412 Deum,
925 1362 1100 1415 neque
1141 1357 1354 1402 sanctos
1389 1348 1504 1416 ejus
1543 1347 1741 1403 habere

182 1433 423 1487 ollensos.
464 1434 595 1488 Nam
628 1437 805 1503 scias,
847 1438 969 1505 quia
1010 1438 1064 1491 in
1106 1448 1332 1504 persona
1371 1438 1526 1491 aliter
1564 1437 1737 1501 Pater,

182 1526 322 1578 aliter
346 1524 532 1591 Filius,
561 1526 719 1580 aliter
750 1525 778 1564 ι’
808 1527 1039 1596 Spiritus
1068 1535 1306 1581 sanctus.
1333 1527 1447 1581 Non
1474 1528 1629 1581 Pater
1656 1543 1741 1579 as-

181 1618 393 1683 sumpsit
411 1632 660 1682 caruem,
687 1632 859 1686 neque
886 1619 1116 1685 Spiritus
1143 1627 1379 1682 sanctus,
1410 1619 1505 1671 sed
1536 1618 1575 1670 F
1578 1617 1698 1670 ilius
1723 1634 1738 1682 ;

1844 440 2022 495 autem
2066 451 2121 495 et
2160 444 2362 497 litteras
2402 444 2590 497 litteris
2628 445 2860 508 nostris,
2915 446 2965 498 id
3008 456 3092 499 est
3139 466 3218 508 ω.
3271 447 3410 500 sicut

1842 530 2017 585 Graeci
2064 532 2299 599 habent,
2354 547 2450 595 ae,
2496 534 2616 598 the,
2651 548 2773 601 uut,
2819 550 3043 602 quarum
3072 535 3409 589 characteres

1840 620 2275 687 subscripsimus.
2318 622 2381 676 Hi
2422 631 2545 676 sunt
2572 633 2611 677 ω
2637 625 2676 695 ψ
2707 636 2741 679 z
2770 638 2805 679 A
2832 634 2879 677 ο.
2930 625 2993 679 Ει
3029 626 3176 680 misit
3213 628 3409 696 epistoa

1839 711 1921 764 las
1962 712 2016 765 in
2056 713 2330 768 universas
2368 714 2613 770 civitates
2652 718 2799 785 regni
2853 724 2933 771 sui
2960 758 2976 783 ,
3027 729 3088 772 ut
3134 720 3211 773 sic
3258 724 3407 788 pueri

1839 802 2181 867 docerentur,
2222 818 2283 856 ac
2325 804 2441 857 libri
2482 807 2774 875 antiquitus
2813 808 3031 875 scripti,
3074 810 3269 877 plauati
3313 828 3408 877 pu-

1840 889 1979 943 mice
2020 892 2462 947 rescriberentur.

1914 979 2090 1035 XLVI.
2118 986 2399 1051 Agrtecula
2428 983 2448 1022 ῐ
2477 993 2650 1040 autem
2692 985 3079 1044 Cabillonensls
3119 991 3404 1061 episcopus

1840 1068 1942 1123 hoc
1969 1070 2104 1125 obiit
2147 1074 2646 1145 tempore;l'uitqoe
2691 1086 2851 1132 homo
2896 1080 3051 1134 valde
3100 1094 3317 1150 etegans
3345 1099 3408 1136 ac

1840 1161 2094 1228 prudens,
2113 1178 2309 1230 genere
2335 1167 2623 1220 senatorio.
2650 1168 2808 1222 Multa
2834 1169 2884 1223 in
2912 1171 3130 1227 civitate
3160 1173 3245 1226 illa
3277 1174 3407 1227 mdi—

1818 1248 1957 1302 .Iicia
1996 1247 2141 1315 fecit,
2173 1252 2362 1307 domos
2409 1257 2727 1322 composuit,
2779 1258 3059 1312 ecclesiam
3111 1260 3408 1325 fabricavit,

1839 1353 1997 1407 quam
2029 1349 2054 1386 ε
2085 1341 2345 1397 columnis
2372 1344 2598 1411 fulcivit,
2629 1346 2853 1401 variavit
2884 1365 3170 1416 marmore,
3204 1355 3410 1408 musico

1840 1430 2097 1499 depinxit.
2136 1433 2337 1502 Magna:
2361 1446 2535 1489 autem
2568 1438 2905 1494 abstinentia:
2937 1442 3049 1509 fuit,
3099 1460 3217 1496 nam
3270 1461 3414 1499 nun-

1839 1536 1995 1588 quam
2023 1524 2242 1589 prandio
2266 1540 2394 1579 usus
2420 1535 2521 1592 est,
2554 1530 2653 1581 nisi
2686 1538 2888 1585 tantum
2933 1547 3085 1588 ccena
3114 1551 3128 1588 :
3154 1534 3219 1588 ad
3251 1551 3409 1602 quam

1839 1610 1918 1662 sic
1956 1612 2248 1678 tetnporive
2288 1614 2572 1680 residebat,
2605 1629 2660 1670 ut
2687 1624 2799 1672 sole
2830 1630 3004 1675 stante
3039 1634 3412 1692 consurgeret.

182 1714 234 1757 ut
254 1708 339 1775 qui
369 1718 482 1759 erat
512 1708 602 1760 Dei
635 1706 838 1772 Filius,
867 1709 983 1777 ipse
1017 1707 1082 1761 ad
1113 1709 1537 1776 redemptionem
1570 1709 1741 1760 ltotni-

1847 1697 2200 1754 Humanitatis
2213 1700 2285 1773 [Ι.
2301 1703 2541 1775 statum]
2556 1706 2778 1774 exiguis,
2795 1708 3055 1764 facundia:
3067 1726 3193 1765 vero
3207 1722 3413 1783 magna:

180 1795 257 1849 uis
283 1796 421 1850 tilius
462 1796 750 1852 haberetur
792 1809 848 1853 et
886 1799 1130 1867 virginis.
1170 1792 1285 1852 Non
1325 1798 1480 1853 Pater
1518 1813 1739 1867 passus,

182 1900 342 1953 neque
361 1888 608 1955 .Spiritus
632 1898 879 1955 sanctus,
914 1890 1005 1943 sed
1052 1886 1251 1952 Filius;
1295 1898 1354 1943 ιιι
1394 1890 1482 1955 qui
1524 1905 1739 1944 carnem

182 1988 530 2047 assontpserat
564 1980 617 2031 itt
659 1979 882 2043 mundo,
924 1980 1039 2045 ipse
1076 1979 1357 2033 olierretur
1387 1995 1481 2046 pro
1520 1980 1738 2033 toundo’.

182 2069 250 2124 De
286 2070 526 2138 personis
567 2077 699 2125 Vero
736 2070 881 2140 Quod
919 2071 1035 2135 ais,
1077 2087 1182 2125 non
1222 2072 1603 2139 corporaliter,
1647 2073 1741 2126 sed

182 2162 477 2228 apiriialiter
519 2163 859 2217 sentiendum
903 2172 1009 2218 est.
1055 2163 1109 2217 In
1157 2163 1239 2216 his
1266 2178 1394 2232 ergo
1424 2165 1590 2216 tribus
1619 2180 1739 2231 per-

182 2253 315 2305 sonis
351 2269 454 2307 una
492 2253 716 2323 gloria,
740 2269 843 2307 una
881 2255 1192 2318 aeternitas,
1232 2270 1335 2308 una
1376 2263 1630 2323 potestas.
1674 2260 1742 2310 At

184 2338 266 2393 ille
286 2352 585 2395 commotus
616 2322 730 2396 ait}
758 2341 1186 2410 Sapientioribus
1216 2354 1265 2396 te
1298 2322 1411 2397 haec
1438 2343 1662 2412 pandam
1690 2354 1737 2407 ε,

185 2432 267 2499 qui
290 2432 415 2487 mihi
436 2434 799 2488 consentiant.
830 2434 894 2488 Et
915 2448 1015 2504 ego
1036 2449 1054 2489 :
1078 2432 1356 2503 Nunquam
1377 2434 1478 2487 erit
1505 2432 1738 2502 sapiens,

186 2524 267 2578 sed
302 2525 526 2592 stultus,
569 2526 658 2594 qui
693 2527 806 2579 haec
842 2539 964 2594 qua:
1006 2527 1262 2594 proponis
1299 2525 1450 2592 sequi
1489 2525 1737 2579 voluerit.

186 2617 255 2670 Ad
282 2618 390 2671 hac
415 2619 507 2672 ille
536 2618 820 2682 frendens,
848 2618 1010 2689 258
1034 2618 1202 2673 siluit.
1243 2618 1360 2673 Non
1400 2627 1519 2687 post
1547 2618 1741 2672 multos

187 2720 298 2762 vero
326 2710 438 2765 dies
465 2710 785 2767 adveniente
813 2714 993 2768 Salvio
1019 2712 1289 2781 Albigensi
1319 2712 1592 2781 episcopo,
1627 2710 1742 2764 inec

184 2801 229 2854 ei
264 2805 519 2872 praecepit
556 2806 829 2861 recenseri
852 2846 869 2870 ,
909 2807 1203 2875 deprecans
1243 2815 1299 2859 ut
1326 2805 1425 2859 sibi
1463 2817 1743 2860 consenta-

184 2907 306 2947 neus
344 2894 521 2949 ﬂeret.
559 2895 711 2963 Quod
752 2896 843 2952 ille
879 2897 1141 2963 audiens,
1192 2897 1263 2950 ita
1315 2895 1551 2964 respuit,
1597 2906 1655 2948 ut
1697 2896 1741 2949 si

182 2983 443 3049 chartam,
478 2987 530 3038 ιη
574 3001 677 3051 qua
717 2986 831 3040 haec
872 2987 1071 3055 scripta
1110 2985 1447 3050 tenebantur,
1489 2984 1747 3051 potuisset

1844 1799 1978 1843 erat.
2021 1792 2164 1846 Obiit
2204 1802 2382 1848 autem
2430 1797 2769 1865 episcOpatus
2816 1814 2956 1855 anno
3006 1804 3412 1873 quadragesimo

1840 1891 2055 1948 octavo,
2086 1886 2185 1938 aevi
2227 1898 2405 1940 autem
2435 1888 2766 1956 octogesimo
2798 1893 2955 1946 tertio
2978 1889 3009 1929 ¹ι
3042 1911 3055 1945 :
3088 1897 3171 1949 cui
3201 1895 3413 1952 Flavius

1841 1975 2239 2031 referendarius
2268 1977 2653 2033 Guntchramni
2686 1982 2825 2049 regis
2850 1984 3128 2037 successit.

1913 2066 2119 2122 XLVII.
2145 2066 2257 2121 Εοί
2287 2078 2525 2137 tempore
2554 2080 2608 2125 et
2638 2071 2931 2127 Dalmatius
2961 2074 3124 2145 259
3152 2072 3412 2134 Rutbena‘.

1840 2160 2071 2212 civitatis
2102 2160 2405 2228 episcopus.
2430 2163 2674 2230 migravit
2717 2178 2749 2218 a
2797 2169 3015 2231 saeculo,
3048 2170 3128 2223 vir
3167 2172 3218 2224 in
3258 2174 3407 2227 omni

1840 2252 2123 2304 sanctitate
2152 2253 2435 2317 praecelsus
2472 2253 2747 2308 abstinens
2776 2255 2862 2311 vel
2892 2255 2964 2327 [Ι.
2988 2256 3062 2330 et]
3085 2274 3115 2313 a
3143 2261 3296 2328 cibis,
3323 2264 3407 2320 vel

1842 2354 1872 2391 a
1919 2340 2364 2409 concupiscentiis
2407 2345 2615 2408 carnis;
2646 2345 2803 2401 valde
2850 2349 3324 2423 eleetnosynarius,
3357 2356 3413 2412 et

1840 2436 2048 2488 cunctis
2078 2434 2359 2500 humanus,
2391 2437 2442 2490 in
2472 2439 2713 2494 oratione
2734 2455 2789 2495 et
2816 2442 3005 2510 vigiliis
3026 2446 3157 2499 satis
3180 2448 3408 2504 stabilis.

1842 2527 2137 2581 Ecclesium
2187 2529 2508 2597 construxit,
2557 2532 2651 2585 sed
2679 2530 2805 2588 dum
2837 2548 2954 2587 eam
2985 2536 3051 2589 ad
3083 2542 3413 2594 emendatio+

1844 2633 1965 2671 nem
1999 2623 2193 2685 smptus
2212 2618 2495 2685 destruxit,
2522 2622 2926 2690 incompositam
2956 2626 3257 2697 dereliquit.
3284 2630 3414 2687 Post

1844 2709 1997 2777 cujus
2041 2710 2242 2763 obitum
2294 2712 2467 2777 inulti,
2500 2723 2557 2765 ut
2602 2714 2679 2777 Iit,
2722 2715 3086 2785 episcopatum
3132 2733 3409 2788 expetunt.

1844 2798 2265 2853 Transobadusl
2302 2816 2429 2854 vero
2459 2801 2757 2872 presbyter,
2788 2805 2876 2873 qui
2922 2808 3187 2874 quondam
3233 2812 3411 2868 arehi‘

1846 2889 2101 2945 diacoous
2151 2892 2267 2959 ejus
2315 2891 2510 2955 fuerat,
2550 2895 2780 2948 maxime
2831 2896 2881 2948 in
2935 2898 3035 2952 hoc
3082 2901 3409 2970 intendebat,

1848 2982 1985 3034 Iidus
2010 2982 2149 3049 quod
2182 2981 2346 3034 ﬁlium
2384 2996 2537 3035 suum
2567 2999 2687 3037 cum
2718 2985 2956 3054 Gt-gone,
2988 2988 3080 3057 qui
3126 3000 3250 3046 tunc
3272 2994 3413 3063 regis

180 3076 463 3146 attingere,
502 3078 555 3130 in
587 3077 757 3132 frusta
796 3078 1147 3147 discerperet.
1189 3077 1254 3130 Et
1291 3076 1367 3129 sic
1404 3089 1496 3129 rex
1535 3072 1603 3128 ab
1640 3074 1740 3127 hac
1767 3104 1813 3167 L
1849 3082 1966 3125 erat
2016 3072 2286 3135 nutritius,
2335 3075 2819 3128 commendaverat.
2867 3075 3193 3135 Condiderat
3232 3092 3410 3137 autem

180 3164 466 3221 intentione
516 3168 744 3236 quievit.
794 3167 1016 3236 Scripsit
1059 3166 1192 3221 alios
1242 3166 1405 3219 libros
1451 3163 1591 3217 idem
1643 3177 1739 3215 rex

179 3258 415 3313 versibus
440 3300 455 3325 ,
488 3260 642 3327 quasi
670 3258 946 3315 Sedulium
975 3267 1191 3315 secutus
1216 3274 1231 3323 ;
1260 3258 1353 3312 sed
1384 3252 1634 3310 versiculi
1663 3253 1743 3309 illi

245 3422 268 3447 °
298 3411 515 3468 Scilicet
538 3412 893 3468 Vcrcellensis
932 3416 1231 3482 episcopus,
1268 3415 1355 3481 qui
1384 3428 1503 3466 cum
1535 3411 1736 3466 Hilario

180 3480 472 3536 Pictavensi
504 3487 715 3551 egregie
743 3495 924 3537 contra
952 3480 1228 3539 haereticos
1251 3480 1448 3537 sancta:
1470 3482 1744 3536 'I‘rinitatis

179 3551 571 3621 impugnatot'es
598 3553 913 3607 decertavit.
947 3555 1114 3609 Porro
1143 3553 1234 3607 hic
1276 3554 1608 3621 Chilpericus
1636 3555 1736 3606 Sa-

179 3620 479 3692 belliilalsa
511 3625 757 3692 dogmata
776 3626 1085 3678 renovabat.

245 3691 271 3729 δ
300 3694 387 3748 Sec
417 3691 605 3756 Corb.,
639 3693 786 3759 Bec.,
818 3691 970 3748 Colb.
994 3710 1043 3748 c.
1076 3704 1129 3747 et
1156 3704 1262 3747 vel.
1289 3692 1377 3747 ed.
1404 3693 1477 3745 Ita
1506 3703 1559 3745 et
1583 3691 1742 3745 Colb.

180 3772 228 3813 s.
255 3761 499 3829 habebat,
534 3765 625 3815 sed
662 3763 850 3830 aliquis
877 3764 1062 3816 subtus
1106 3763 1376 3817 illlel‘ﬂllli
1420 3766 1622 3828 apicem
1650 3777 1744 3828 ap-

186 3834 370 3895 posuit,
403 3843 460 3885 ut
486 3833 798 3893 conﬁceret,
829 3834 959 3886 alter
1009 3833 1185 3896 Pater,
1229 3834 1356 3884 alttr
1396 3831 1584 3897 Filius,
1615 3830 1744 3883 alter

184 3900 403 3973 Spiritus
432 3912 658 3954 sanctus.
684 3904 813 3968 Quae
842 3904 998 3973 lectio
1023 3915 1105 3957 est
1129 3905 1316 3973 ltegm.
1347 3912 1400 3956 et
1428 3900 1666 3955 Cnesnii.

252 3982 273 4039 ς
301 3972 509 4039 llegtu.,
538 3977 644 4024 licet:
673 3975 897 4039 pandere
926 3972 1134 4026 decrevi.

252 4038 275 4075 ά
304 4038 485 4105 Corb.,
520 4038 681 4093 nulla?
712 4042 904 4107 penitus
934 4045 1152 4094 metrica:
1192 4042 1496 4095 conveniunt
1524 4041 1740 4094 ratione.

193 4108 462 4180 Chilperici
507 4113 867 4177 eloquentiam
893 4124 947 4165 et
990 4117 1039 4163 in
1083 4114 1282 4166 litteras
1332 4112 1742 4180 propensionem

188 4177 357 4232 laudat
388 4181 482 4234 Fur
499 4191 715 4233 tnnatus
742 4183 924 4246 lib.tx,
956 4196 1123 4235 carm.
1148 4183 1195 4233 I.
1223 4177 1362 4235 Nihil
1392 4184 1459 4234 de
1487 4182 1601 4247 ejus
1617 4194 1745 4244 ope-

190 4250 326 4301 tibos
370 4261 637 4318 superest,
668 4262 862 4318 praeter
905 4251 1107 4317 aliquot
1151 4265 1339 4306 versus
1384 4252 1437 4305 in
1488 4253 1742 4303 honorem

191 4321 348 4372 sancti
376 4319 627 4374 Germani
667 4320 983 4374 Parisiensis
1021 4322 1280 4390 episcopi,
1308 4337 1443 4390 quos
1470 4319 1747 4373 Aimoinus

192 4394 363 4441 relert.
407 4390 515 4443 Eos
570 4400 745 4443 tamen
796 4405 824 4442 a
876 4391 1164 4443 Fortunato
1215 4392 1540 4458 compositos
1599 4400 1748 4456 putat

194 4460 507 4530 Drouverus,
536 4475 633 4514 nec
669 4460 758 4512 alii
803 4470 963 4512 tanta:
1004 4464 1336 4530 antiquitatis
1364 4476 1483 4513 esse
1535 4467 1741 4525 putant.

190 4529 426 4596 beduIius
465 4530 567 4583 sub
594 4530 898 4583 Theodosio
941 4529 1364 4593 Itotitteclaroit,
1392 4544 1547 4596 quem
1578 4538 1746 4595 poeta:

188 4594 461 4653 Christiani
518 4599 713 4651 imitari
761 4602 1096 4654 studuerunt.
1162 4601 1287 4654 Vide
1346 4594 1541 4654 Dedant
1580 4594 1747 4650 ilib.v

189 4667 340 4730 llist.,
359 4684 477 4737 cap.
508 4670 591 4723 l9.

254 4746 277 4773 ε
310 4736 814 4802 Ηοειοιιιιι-ιιοιθιεε,
859 4749 1015 4808 prout
1063 4740 1114 4793 in
1156 4740 1276 4793 rod.
1304 4736 1746 4808 Corb.,omnium

187 4808 553 4875 antiquissimo
597 4806 878 4873 habentur,
911 4811 1433 4877 repraesentavintus.
1483 4807 1536 4859 Itt
1565 4806 1742 4869 Colb.,

188 4901 223 4929 ω
249 4896 300 4931 υ.
323 4888 360 4929 Ψ
389 4894 470 4929 ae.
505 4894 559 4948 y,
579 4893 697 4944 quae
728 4894 818 4943 per
840 4882 1070 4932 medium
1104 4879 1298 4933 lineola
1328 4889 1631 4948 transversa
1659 4891 1746 4928 se-

186 4957 351 5008 catur,
381 4964 429 5000 s.
457 4945 625 5001 A'uut'.
657 4949 865 5015 Hegm.,
896 4963 930 5000 0
954 4966 1005 5002 ιι.
1048 4964 1080 5018 y
1102 4951 1206 5002 tlte.
1238 4964 1284 5001 z.
1323 4966 1353 5017 y
1389 4947 1500 5000 uiti.
1533 4945 1677 5018 Beia,
1705 4954 1747 5000 Θ

184 5033 285 5087 ccc.
315 5029 355 5070 tr
379 5033 455 5069 ae.
490 5034 519 5070 z
545 5019 647 5080 the,
679 5030 733 5070 et
761 5028 876 5083 post
907 5016 1109 5071 litteras
1135 5020 1428 5087 incognitas
1457 5017 1572 5087 _vui.
1606 5016 1745 5067 Idem

187 5085 427 5154 Gregorii
471 5098 627 5153 caput
676 5087 730 5139 in
763 5090 927 5141 veteri
968 5103 1231 5141 canonum
1260 5084 1312 5141 et
1354 5084 1747 5155 professionum

182 5158 305 5209 ﬁdei
334 5156 670 5223 collectione,
704 5171 772 5208 ex
806 5159 924 5210 cod.
953 5158 1259 5211 Colbertino
1297 5154 1364 5211 ab
1394 5157 1547 5209 annis
1593 5154 1750 5207 circi-

183 5236 263 5278 ter
307 5228 411 5281 800
448 5230 667 5291 scripto,
699 5227 942 5292 habetur,
978 5228 1065 5280 tibi
1111 5229 1311 5281 eaedem
1343 5229 1529 5280 littera:
1557 5224 1745 5278 eodem

182 5293 296 5349 fere
322 5297 481 5350 modo
503 5311 564 5349 ac
590 5299 644 5349 io
669 5296 791 5348 cod.
832 5294 993 5349 Corb.
1023 5307 1256 5350 exarata:
1299 5306 1443 5363 sunt,
1478 5293 1578 5347 nisi
1606 5294 1749 5361 quod

182 5366 364 5418 ultima
411 5367 585 5418 littera
627 5365 700 5418 sit
742 5366 947 5430 a,ttiui.
984 5366 1088 5419 Hos
1127 5368 1467 5421 characteres
1512 5364 1750 5431 plerique

180 5434 313 5487 editi
340 5450 434 5503 per
458 5436 659 5489 litteras
687 5449 892 5502 grtecas
913 5445 1343 5505 expresseruntw
1361 5476 1373 5497 ,
1398 5450 1491 5489 seu
1507 5445 1547 5488 0
1572 5444 1615 5485 Ψ
1632 5442 1748 5505 zn.

163 5505 238 5578 ‘lu
259 5506 661 5578 _Aimoini_edit.
693 5508 747 5557 in
780 5506 853 5578 lib
883 5521 965 5578 in,
982 5504 1099 5575 cap.
1131 5506 1279 5578 41,χ
1304 5506 1391 5560 ch.
1410 5505 1544 5578 G‘tll‘.
1576 5526 1607 5575 φ
1636 5504 1747 5578 p_l_l_..j

184 5575 273 5627 ubi
311 5576 481 5630 codex
505 5575 562 5629 S.
604 5572 856 5627 Germani
885 5591 914 5627 a
938 5570 1108 5633 Pratis
1138 5570 1214 5632 ab
1237 5570 1382 5630 '5"...
1410 5570 1620 5628 circiter
1640 5570 1752 5625 ⁷400

182 5644 416 5713 scriptus
445 5645 610 5700 habet
628 5654 673 5697 τιν
702 5658 781 5696 ae.
805 5644 848 5697 Τ
871 5644 978 5697 the.
1008 5662 1092 5703 am
1111 5665 1163 5702 ιι.
1181 5648 1446 5704 Caeterum
1458 5642 1750 5701 Itarlitterte

456 5739 739 5797 Ριτιιοι..
786 5734 1012 5797 LXXI.

1772 4453 2081 4558 υίιυιειξξε

1847 3162 2129 3230 cpiscopus
2166 3170 2561 3229 testamentum,
2592 3164 2643 3217 in
2675 3180 2779 3235 quo
2810 3169 2949 3236 regis
2976 3170 3223 3226 exenium
3247 3169 3299 3238 ι,
3322 3169 3408 3243 qui

1846 3263 1965 3321 post
1991 3254 2107 3322 ejus
2145 3252 2346 3307 obitum
2397 3257 2678 3323 acciperet,
2710 3258 2992 3326 indicabat,
3024 3261 3275 3331 adiurans
3304 3275 3410 3321 tera

1846 3407 2084 3484 eamdem
2108 3407 2628 3484 fo_rtunarn_expert;e
2658 3423 2800 3484 sunt,
2827 3421 2985 3481 atque
3007 3414 3260 3484 illae,qu.e
3280 3417 3409 3473 olim

1844 3494 1873 3530 a
1906 3478 2125 3530 Claudio
2157 3481 2283 3545 imp.
2327 3477 2626 3533 adiuventte
2657 3480 2879 3542 fuerant,
2901 3477 2966 3537 'id
2997 3492 3074 3537 est
3103 3477 3261 3540 simul
3289 3504 3411 3545 cum

1845 3562 1943 3617 suo
1974 3558 2192 3600 attulere
2225 3559 2514 3617 perierunt.

1924 3614 1943 3653 ί
1979 3617 2088 3669 Hoc
2118 3614 2277 3683 caput
2304 3614 2454 3671 deest
2480 3619 2530 3671 in
2558 3616 2718 3671 Corb.
2744 3628 2799 3673 et
2821 3620 2973 3674 Colb.

1919 3695 1944 3764 is
1974 3687 2180 3766 llegtn.,
2212 3702 2366 3766 quam
2392 3689 2530 3739 varia
2560 3699 2741 3741 ornatu
2782 3690 3056 3766 decorauit.
3079 3685 3184 3746 llic
3215 3705 3415 3766 mang

1847 3757 1945 3824 fuit
1976 3758 2315 3829 abstinerttitc,
2346 3758 2423 3809 ita
2453 3769 2504 3808 ut
2548 3772 2807 3825 nunquam
2838 3763 2890 3812 in
2936 3763 3020 3813 die
3070 3768 3253 3829 ederet,
3299 3757 3415 3820 'm'si

1845 3826 2017 3901 semel,
2051 3836 2097 3877 et
2123 3825 2217 3877 Itoc
2236 3842 2384 3901 gena
2412 3829 2703 3891 vocabatur,
2729 3830 2784 3901 in
2805 3845 2906 3895 qua
2934 3832 3009 3882 sic
3038 3825 3259 3901 tempore
3286 3838 3415 3890 veris

1846 3896 2069 3959 sedebat,
2096 3904 2198 3947 etc.
2236 3894 2393 3967 Forte
2421 3894 2826 3967 protentporive,
2857 3894 3148 3967 legendom'
3175 3911 3259 3956 est
3285 3914 3416 3958 tem-

1848 3966 2043 4035 porius,
2087 3972 2143 4016 ut
2179 3965 2373 4035 habent
2400 3964 2558 4017 codd.
2602 3967 2786 4034 scripti
2834 3969 2884 4018 in
2911 3964 3124 4035 'Iiegnla
3158 3973 3213 4025 St
3247 3973 3416 4029 Bene.

1847 4034 1995 4108 dicti,
2029 4048 2146 4108 cap.
2180 4035 2266 4086 11.
2290 4033 2543 4085 Musivutn
2573 4033 2769 4108 autem,
2797 4038 2864 4090 de
2887 4050 2990 4103 quo
3011 4033 3105 4092 hic
3128 4050 3184 4093 et
3215 4044 3412 4108 passim

1848 4103 2158 4171 Gregorius,
2191 4112 2274 4156 est
2296 4118 2427 4169 trp-:8
2453 4104 2677 4157 tessellis
2708 4104 2776 4156 ita
2802 4118 3132 4171 contextum,
3160 4103 3417 4169 ut‘varias

1849 4177 2043 4251 ligonis
2089 4182 2466 4251 reprwsentet,
2493 4175 2631 4251 quod
2678 4175 2819 4241 apud
2873 4188 3080 4251 veteres
3127 4179 3179 4230 itt
3224 4196 3417 4251 magno

1850 4242 1946 4313 fuit
1971 4244 2159 4310 pretio,
2191 4244 2385 4295 nostris
2415 4243 2607 4295 dicitur
2636 4259 2853 4313 ouvrage
2880 4246 2913 4298 ὰ
2947 4248 2999 4299 ια
3026 4242 3414 4312 ιιιοδαίιμιθῘυθ

1850 4312 1933 4364 his
1953 4313 2223 4381 egregium
2244 4316 2487 4365 volumen
2516 4314 2696 4365 Ilotnte
2716 4312 2880 4368 edidit
2899 4320 2977 4369 vir
2999 4316 3165 4370 illust.
3180 4318 3414 4376 Joannes

1850 4384 2177 4463 Ciatnpinus.
2214 4381 2344 4437 Vide
2366 4392 2420 4437 et
2441 4384 2746 4453 Dergerium
2776 4384 2869 4438 lib.
2901 4387 3028 4441 nde
3053 4386 3160 4442 Viis
3188 4393 3418 4458 publicis

1983 4525 2110 4593 Eius
2135 4525 2324 4593 Iestum
2345 4521 2581 4577 celebrat
2603 4525 2877 4593 martyrol.
2900 4524 3052 4579 Rom.
3085 4526 3171 4583 die
3194 4522 3258 4584 I7
3278 4530 3416 4586 Mar-

1857 4592 1937 4646 tii.
1984 4592 2227 4647 Interfuit
2264 4594 2454 4647 concil.
2486 4592 2768 4663 iAurelian.
2815 4610 2892 4657 nt,
2934 4611 2985 4649 tv
3024 4605 3078 4649 et
3122 4614 3174 4663 v,
3221 4605 3419 4655 Arver-

1858 4663 2007 4731 nensi
2041 4675 2099 4725 tt,
2129 4663 2297 4731 Paris.
2323 4678 2359 4715 tt
2387 4674 2440 4716 et
2480 4662 2718 4731 Lugdun.
2752 4678 2830 4719 ιιι.
2870 4665 2998 4720 Vide
3036 4666 3130 4720 lib.
3161 4662 3242 4725 de
3269 4669 3418 4727 Glor.

1857 4730 2008 4815 Cotti.
2042 4729 2351 4815 (ξιμβξίει
2389 4733 2478 4815 $6,
2514 4729 2836 4815 et'ltolland.
2862 4736 2953 4789 ad.
2981 4735 3231 4815 “Aidan.
3262 4743 3421 4815 Agna

1857 4802 2042 4888 colam)
2072 4801 2254 4888 laudat
2285 4802 2561 4888 lforttmat.
2594 4804 2684 4882 lib.
2713 4818 2793 4885 ut,
2822 4819 3000 4887 earm._
3036 4804 3150 4888 22,“
3172 4801 3422 4888 quodvta-

1859 4885 1980 4993 pileo
2012 4870 2079 4923 de
2097 4872 2341 4940 Agricola
2366 4871 2677 4927 Nivernensi
2707 4875 2956 4945 episcopo
2986 4870 3238 4946 intelligit
3260 4878 3420 4932 Cuius

1906 4954 1983 4991 us.

1927 5006 1946 5045 ί
1983 5007 2257 5045 "non-anni
2273 5010 2418 5045 Annal
2446 5012 2496 5045 in
2543 5011 2684 5045 (Tm-tt
2724 5024 2772 5045 nl
2804 5013 2936 5045 ΓηΙῆ
2983 5013 3203 5045 natm“:

1927 5007 1946 5045 ί
1982 5007 2419 5076 Hoccaputdeest
2446 5012 2497 5064 in
2543 5011 2701 5065 Corb.
2724 5024 2777 5067 et
2804 5013 2954 5066 Colb.
2983 5013 3272 5070 Dalmatius
3290 5016 3423 5071 sub-

1851 5081 2065 5161 scripsit
2102 5080 2296 5161 c0nc‘il.
2317 5085 2544 5161 itrve-ru.
2572 5082 2897 5161 an._5§3_,_et
2925 5083 3196 5161 Aurelian.
3224 5099 3294 5161 tv,
3320 5099 3407 5161 an.

1854 5148 1949 5225 Ml
1965 5158 2320 5225 ,‘rnemoratur
2338 5150 2389 5201 in
2418 5152 2688 5225 Martyrol.
2709 5152 2982 5225 Gallicana
2997 5153 3061 5204 15
3073 5151 3115 5204 Ν
3122 5155 3410 5225 ovetnbris.

1929 5219 1942 5267 i
1984 5220 2171 5287 Ιὶιιίςιιιζ
2200 5228 2253 5270 et
2289 5220 2433 5284 Bec.,
2467 5219 2895 5272 Transobaldus..
2922 5221 3088 5286 ﬁxum.
3135 5237 3252 5276 cant
3283 5224 3418 5279 (ἐστι

1854 5304 2005 5357 gone.
2040 5285 2112 5340 De
2135 5285 2352 5355 Gogone
2377 5292 2497 5343 vide
2518 5289 2609 5342 lib.
2642 5304 2715 5354 Vl,
2744 5304 2860 5357 cap.
2897 5291 2948 5343 Ι.

1929 5356 2073 5394 ιιςιρ
2124 5357 2280 5394 tinam
2327 5359 2460 5394 ,ιηιιιι
2531 5372 2650 5394 manu
2710 5360 2812 5394 ιιοιι
2888 5368 2940 5394 ..ι
2987 5360 3073 5394 ..ης

1929 5359 1957 5394 κ
1985 5359 2076 5412 Sic
2123 5359 2281 5410 iidem
2327 5359 2484 5411 codd.
2531 5372 2673 5412 cum.
2707 5360 2859 5425 Bad.,
2888 5368 2945 5413 et
2987 5360 3198 5427 quidem
3245 5371 3420 5430 recte:

1857 5431 2036 5505 caueri
2066 5442 2190 5505 _v_e_ro
2207 5428 2313 5499 regi
2337 5427 2767 5505 Sexenitttn._Non
2793 5429 2935 5483 enirn
2957 5432 3239 5505 episcopus
3258 5436 3426 5489 Sese:

1860 5500 2006 5578 nium
2036 5497 2138 5551 sibi
2173 5497 2863 5578 successoretudelegerat,
2890 5497 3263 5578 sed’indicavit
3289 5518 3423 5557 cons

1858 5568 2111 5633 ditiones,
2143 5568 2331 5636 quibus
2361 5570 2448 5623 ille
2478 5568 2835 5639 episcopatus,
2865 5586 3021 5637 quem
3050 5575 3300 5639 exenterat,
3330 5579 3425 5631 sell

1858 5637 2062 5693 senium
2090 5640 2218 5695 regis
2247 5640 2498 5695 appellat.
2523 5639 2755 5695 conferri
2786 5642 3031 5695 deberet.

1858 5652 2062 5693 tantum
2090 5653 2218 5707 regis
2247 5652 2498 5710 appellat,
2523 5652 2755 5696 contem
2786 5652 3031 5695 deberet.

2962 5732 3037 5794 12
