3994 6194
579 232 683 284 565

1569 224 1624 280 8.
1666 214 1988 277 GREGORII
2029 212 2325 268 EPISCOPI
2368 218 2795 277 TURONENSIS

3752 224 3882 282 363

578 343 823 399 [ignibus
844 343 1218 407 sam-amomis,
1253 352 1309 393 ιη
1336 340 1385 394 in
1417 337 1642 393 ecclesia
1675 338 1765 390 illa
1809 350 1913 389 non
1935 333 2148 389 οιιιιιηε-
2176 334 2224 386 Α
2255 334 2572 385 auctoritate
2591 336 2825 396 valeret,
2858 334 2924 387 ad
2965 334 3316 388 Marcovefam
3370 338 3627 405 reginam,
3674 352 3875 407 quam

576 439 723 486 retur
748 442 1061 497 extraneus,
1095 446 1197 483 non
1223 428 1469 498 cupidus,
1497 441 1603 482 non
1634 424 1903 494 coniugali
1935 422 2149 476 vinculo

579 535 769 587 nexus,
800 520 895 574 sed
939 520 1008 574 ab
1054 522 1138 573 his
1184 520 1433 574 omnibus
1480 518 1784 586 expeditus,
1816 516 1907 584 qui
1939 517 1990 567 in
2022 514 2150 566 solis

579 620 783 664 tantum
819 609 1100 679 dominicis
1148 609 1392 663 laudibus
1432 606 1690 678 degebat,
1714 605 2147 669 substitueretur.

579 700 959 756 Trausobadus
996 710 1171 754 autem
1205 702 1482 768 presbyter
1513 699 1730 765 epulum
1773 697 1825 749 in
1872 696 1984 763 ipsa
2019 694 2151 747 urbe

577 791 788 848 clericis
840 798 1123 860 praeparat.
1179 789 1549 844 Residentibus
1597 796 1775 841 autem
1827 785 1954 850 illis,
2013 800 2149 837 unus

578 882 1013 953 presbyterorum
1043 881 1204 948 cmpit
1224 880 1517 934 antistitem
1551 886 1905 933 memoratum
1930 875 2151 942 impudi-

578 973 656 1027 cis
711 971 1080 1039 blaspliemare
1109 979 1135 1006 ⁸
1170 969 1547 1031 sermonibus;
1602 976 1656 1021 et
1712 981 1880 1036 usque
1925 967 1990 1019 ad
2049 966 2150 1021 hoc

579 1062 774 1129 erupit,
798 1071 858 1115 ut
876 1075 999 1115 eum
1024 1061 1252 1115 delirum
1281 1068 1337 1114 et
1357 1059 1557 1113 fatuum
1590 1059 1911 1113 nominaret.
1936 1058 2063 1111 [late
2083 1072 2148 1111 eo

579 1151 813 1214 dicente,
844 1151 1095 1219 pincerna
1121 1151 1369 1219 poculum
1393 1150 1671 1204 oblaturus
1698 1149 1934 1202 advenit.
1967 1148 2036 1201 At
2062 1147 2149 1201 ille

581 1250 857 1308 acceptum
897 1241 1021 1295 dum
1052 1244 1131 1295 ori
1161 1240 1443 1309 proximat,
1476 1249 1708 1295 tremere
1734 1238 1918 1307 erepit,
1946 1237 2151 1291 laxato-

577 1347 685 1403 que
713 1332 780 1386 de
804 1346 962 1385 manu
990 1331 1178 1399 calice,
1204 1345 1365 1398 super
1388 1331 1535 1386 illum
1563 1330 1673 1403 [ΑΙ.
1702 1328 1907 1400 alium],
1930 1329 2018 1397 qui
2048 1327 2148 1382 sibi

578 1432 695 1479 erat
742 1425 1037 1493 proximus,
1071 1432 1230 1491 caput
1276 1423 1563 1489 reclinans,
1596 1422 1834 1477 reddidit
1873 1421 2147 1491 spiritum,

577 1514 888 1585 ablatusque
916 1515 985 1568 ab
1011 1515 1169 1584 epulo
1198 1514 1263 1568 ad
1303 1514 1605 1584 sepulcrum
1626 1554 1641 1580 ,
1672 1514 1833 1567 humo
1873 1521 2149 1565 contectus

577 1614 681 1659 est.
714 1603 957 1658 Posthac
986 1596 1184 1657 relécto
1209 1610 1527 1657 testamento
1552 1601 1807 1656 antistitis
1828 1600 1883 1653 in
1912 1614 2149 1669 praesen-

2253 416 2599 474 Cltaribertus
2625 435 2721 474 rex
2750 421 2970 475 nimium
2997 422 3220 493 diligens
3248 423 3300 477 in
3333 424 3452 478 loco
3482 427 3683 480 sororis
3717 435 3874 481 toro

2253 510 2536 574 asciverat,
2564 511 2712 579 fugit.
2741 512 2872 579 Quae
2910 513 3140 567 libenter
3168 528 3289 568 eum
3332 516 3610 585 colligens,
3637 534 3872 587 provo-

2252 608 2338 650 cat
2369 597 2412 664 ί,
2433 614 2800 672 equorumque
2824 604 3106 659 meliorum
3134 604 3354 675 deputat
3374 622 3496 662 esse
3525 610 3865 665 custodem.

2252 688 2388 743 Hine
2411 690 2521 759 jam
2550 693 2803 748 obsessus
2828 694 3080 762 vanitate,
3108 710 3172 751 ac
3190 699 3455 765 superbia:
3477 698 3717 764 deditus,
3756 716 3869 755 co-

2251 779 2495 834 mitatum
2522 783 2690 837 ambit
2728 783 3058 839 stabulorum
3096 784 3142 839 i.
3170 785 3287 852 Quo
3316 796 3557 856 accepto,
3605 800 3866 845 cunctos

2253 867 2482 939 despicit
2511 886 2574 927 ac
2594 876 2907 943 postponit;
2939 876 3151 930 inﬂatur
3194 878 3356 947 261
3390 880 3644 945 vanitate,
3680 880 3866 934 luxu-

2251 957 2329 1011 ria
2370 960 2703 1026 dissolvitur,
2728 958 3018 1034 cupiditate
3055 967 3418 1049 succenditur,
3451 977 3505 1021 et
3552 969 3605 1021 in
3653 970 3870 1023 causis

2251 1056 2487 1114 patrone
2523 1051 2770 1107 alumnus
2826 1055 3069 1123 proprius
3125 1054 3228 1109 huc
3283 1056 3516 1126 illucque
3564 1058 3861 1113 defertur.

2254 1136 2420 1206 Cujus
2450 1149 2571 1209 post
2598 1143 2799 1199 obitum
2822 1145 3053 1201 refertus
3075 1149 3291 1216 prtedis,
3309 1148 3484 1203 locum
3506 1150 3684 1219 ipsum
3712 1167 3865 1208 cum

2251 1243 2377 1298 rege
2430 1229 2745 1289 Chariberto
2792 1236 2990 1290 oblatis
3037 1238 3349 1292 muneribus
3400 1248 3583 1295 tenere
3643 1245 3861 1312 coepit.

2252 1318 2519 1387 l’osthaac,
2554 1324 2784 1389 peccatis
2815 1325 2994 1393 populi
3016 1326 3415 1395 ingruentibus,
3446 1341 3630 1384 comes
3660 1330 3862 1385 Turo-

2256 1409 2341 1462 nis
2391 1411 2707 1477 destinatur,
2749 1413 2931 1483 ibique
2976 1430 3034 1470 se
3082 1418 3312 1485 amplius
3361 1420 3583 1475 honoris
3611 1422 3862 1490 gloriosi

2253 1501 2543 1569 supercilio
2586 1503 2783 1570 jactat;
2820 1505 2890 1559 ibi
2940 1519 2998 1560 se
3046 1506 3266 1562 exhibet
3317 1524 3565 1578 rapacem
3613 1512 3856 1580 praedis,

2256 1593 2519 1662 turgidum
2552 1594 2704 1660 rixis,
2723 1595 3004 1651 adulteriis
3021 1598 3342 1654 lutulentum
3363 1618 3375 1652 :
3393 1601 3479 1655 ubi
3507 1603 3858 1659 seminando

578 1696 653 1749 tia
674 1682 999 1750 Childveberti
1026 1695 1164 1763 regis
1184 1709 1249 1748 ae
1278 1708 1558 1763 procerum
1580 1694 1718 1761 ejus,
1738 1691 2074 1747 Theodosius
2096 1690 2146 1753 ι’,
2178 1689 2226 1749 Β
2254 1682 2571 1749 discordias:
2628 1694 2683 1738 οι
2736 1684 3014 1740 inferendo
3067 1689 3388 1758 calumnias,
3436 1707 3541 1746 non
3591 1695 3860 1750 modicos

577 1782 667 1854 qui
694 1794 821 1839 tunc
866 1783 1294 1838 archidiaconatu
1324 1784 1473 1839 urbis
1514 1783 1656 1838 illius
1688 1782 2007 1852 potiebatur,
2035 1782 2145 1852 epi-

576 1887 772 1937 scopus
792 1874 1070 1928 ordinatus
1099 1884 1200 1929 est.

646 1964 878 2021 XLVIII.
904 1966 1143 2021 Audiens
1172 1976 1195 2005 ε
1225 1974 1400 2020 autem
1430 1965 1766 2035 Cliilpericus
1792 1965 1969 2020 omnia
2008 1964 2145 2018 mala

576 2072 698 2127 qua:
730 2057 958 2112 iaciebat
988 2057 1276 2113 Leudastes
1304 2058 1548 2113 ecclesiis
1582 2057 1885 2123 Turonicis,
1920 2064 1975 2113 et
2002 2057 2146 2112 omni

577 2146 739 2216 260
788 2147 1003 2214 populo,
1044 2146 1410 2201 Ansoualdum
1441 2146 1469 2182 ά
1513 2146 1637 2200 illuc
1676 2146 1895 2216 dirigit:
1924 2148 2011 2215 qui
2053 2160 2146 2199 ve-

577 2236 729 2289 niens
767 2235 834 2289 ad
876 2233 1214 2299 festivitatem
1262 2236 1429 2290 sancti
1471 2236 1704 2303 Martini,
1734 2235 1860 2290 data
1910 2235 2065 2290 nobis
2092 2245 2148 2289 et

578 2324 773 2393 populo
818 2326 1055 2393 optione,
1101 2325 1393 2381 Eunomius
1443 2327 1496 2379 in
1542 2327 1850 2381 comitatum
1900 2327 2141 2395 erigitur.

578 2412 816 2483 Denique
846 2414 1136 2468 Leudastes
1175 2430 1400 2469 cernens
1430 2430 1489 2470 se
1514 2425 1799 2481 remotum,
1831 2416 1898 2471 ad
1937 2415 2155 2485 Chilpe-.

578 2500 745 2567 ricum
793 2503 996 2571 dirigit,
1030 2502 1213 2559 dicens
1246 2522 1258 2557 :
1290 2503 1471 2574 Usque
1508 2521 1670 2572 nunc,
1695 2521 1728 2561 o
1751 2506 1985 2576 piissime
2026 2521 2144 2569 rce,

577 2590 839 2645 custodivi
880 2590 1148 2645 civitatem
1188 2591 1541 2660 Turonicam;
1575 2610 1716 2649 nunc
1744 2604 1920 2650 autem
1967 2610 2051 2649 me
2080 2595 2147 2649 ab

577 2680 790 2735 actione
818 2691 1047 2747 remoto,
1087 2683 1207 2738 vide
1244 2684 1469 2751 qualiter
1498 2685 1850 2742 custodiatur.
1882 2686 2013 2740 Nam
2045 2701 2143 2739 no-

584 2772 728 2826 veris
755 2773 878 2842 quia
929 2770 1213 2843 Gregorius
1256 2776 1536 2843 episcopus
1575 2791 1692 2830 eam
1720 2776 1787 2829 ad
1816 2776 1979 2830 ﬁlium
2010 2776 2144 2844 Sigi-

577 2861 714 2917 berti
754 2862 964 2917 tradere
1008 2863 1257 2919 destinat.
1291 2865 1441 2931 Quod
1485 2865 1705 2920 audiens
1745 2881 1863 2931 rex,
1897 2864 1969 2919 ait
1999 2884 2011 2919 :
2043 2866 2147 2921 Ne-

576 2966 864 3022 quaquam,
896 2952 989 3008 sed
1022 2954 1143 3022 quia
1188 2964 1427 3009 remotus
1474 2969 1553 3018 es,
1584 2955 1705 3011 ideo
1738 2956 1852 3011 haec
1899 2957 2143 3026 apponis.

2252 1771 2530 1827 thesauros
2576 1775 2902 1844 aggregavit.
2937 1775 3064 1830 Post
3107 1780 3307 1832 obitum
3359 1794 3488 1836 vero
3527 1782 3857 1840 Chariberti

2247 1877 2370 1917 cum
2402 1864 2455 1917 in
2487 1864 2735 1933 Sigiberti
2767 1874 2966 1921 sortem
2997 1868 3186 1922 civitas
3231 1870 3316 1923 illa
3350 1873 3605 1937 venisset,
3649 1884 3858 1930 trans-

2254 1966 2415 2008 et-tte
2440 1968 2505 2008 eo
2533 1955 2599 2008 ad
2631 1955 3009 2025 Chilpericum,
3040 1958 3220 2012 omnia
3251 1975 3370 2029 qua:
3411 1962 3594 2031 inique
3644 1979 3856 2035 aggre-

2248 2057 2532 2117 gaverat,a
2552 2049 2796 2105 ﬁdelibus
2818 2052 3075 2107 nominati
3108 2038 3249 2119 regis
3278 2056 3482 2125 direpta
3511 2068 3661 2115 sunt.
3698 2061 3851 2117 Per-

2251 2139 2479 2194 vadente
2531 2141 2691 2208 igitur
2737 2141 3037 2211 Chilperico
3083 2146 3210 2213 rege
3260 2159 3353 2213 per
3397 2146 3850 2207 Theodobertum

2250 2229 2414 2284 litium
2445 2230 2632 2285 urbem
2675 2231 3018 2301 'I‘uronicam,
3049 2248 3172 2288 cum
3196 2236 3307 2304 jam
3336 2252 3436 2307 ego
3467 2239 3708 2295 Turonis
3741 2244 3849 2297 ad-

2252 2322 2542 2391 venissem,
2575 2322 2702 2377 mihi
2749 2339 2779 2376 a
2818 2324 3191 2383 Theodoberto
3218 2338 3434 2385 strenue
3480 2335 3847 2389 commenda-

2250 2424 2355 2482 tur,
2382 2424 2439 2469 ut
2462 2416 2673 2471 scilicet
2693 2419 2949 2471 comitatu
2981 2434 3137 2488 quem
3170 2422 3316 2489 prius
3340 2422 3597 2478 habuerat
3630 2426 3846 2493 pot-ire-

2250 2516 2354 2560 tur.
2384 2506 2603 2560 IiIultum
2648 2522 2708 2562 se
2737 2509 2889 2562 nobis
2922 2512 3173 2565 humilem
3214 2496 3587 2583 subditumque
3633 2517 3845 2573 redde-

2250 2598 2354 2662 bat,
2382 2597 2569 2665 jurans
2597 2599 2792 2667 saepius
2823 2614 2985 2669 super
3010 2603 3315 2670 sepulcrum
3350 2606 3518 2660 sancti
3541 2608 3842 2674 antistitis,

2249 2704 2514 2758 nunquam
2540 2704 2599 2743 se
2625 2700 2807 2745 contra
2835 2691 3060 2747 rationis
3089 2693 3332 2748 ordinem
3359 2710 3479 2750 esse
3510 2708 3841 2765 venturum,

2248 2798 2411 2851 seque
2434 2784 2586 2844 mihi.
2620 2793 2723 2840 tam
2745 2786 2797 2839 in
2819 2786 2993 2841 causis
3020 2787 3270 2856 propriis,
3301 2802 3460 2857 quam
3485 2791 3537 2841 in
3569 2790 3844 2846 Ecclesia!

2256 2875 2687 2940 necessitatibus,
2742 2877 2793 2929 in
2842 2877 3090 2932 omnibus
3137 2892 3257 2933 esse
3302 2879 3533 2933 lidelem.
3578 2880 3843 2939 Timebat

2259 2966 2583 3034 enim,quod
2612 2976 2795 3037 postea
2818 2957 3015 3033 evehit,
3040 2983 3108 3022 ne
3126 2969 3309 3023 urbem
3339 2971 3479 3023 illum
3510 2971 3703 3024 iterrtu
3739 2988 3842 3029 rex

580 3041 648 3095 Et
691 3042 824 3096 ille:
868 3041 1086 3109 Majora,
1120 3044 1309 3113 inquit.
1353 3046 1418 3100 de
1464 3057 1514 3100 te
1557 3047 1631 3100 ait
1675 3046 1973 3114 episcopus.
2014 3049 2148 3102 Dicit
2174 3042 2225 3108 C
2255 3058 2553 3127 Sigibertus
2601 3060 2652 3112 in
2695 3074 2848 3113 suum
2895 3060 3536 3135 dominium‘revocarct.
3567 3060 3688 3127 Quo
3735 3063 3842 3117 de.

583 3132 719 3188 rnim
752 3133 988 3202 reginam
1021 3143 1161 3187 tuam
1194 3136 1245 3188 in
1274 3138 1536 3192 adulterio
1564 3152 1685 3192 cum
1709 3140 1959 3208 episcopo
1990 3141 2142 3194 Bert-

575 3225 833 3279 chramno
860 3225 1095 3281 misceri.
1128 3226 1277 3281 Tune
1307 3228 1471 3282 iratus
1505 3244 1619 3295 rex,
1643 3244 1840 3285 cazsum
1873 3231 2060 3301 pugnis
2090 3244 2142 3287 ct

575 3312 829 3382 calcibus,
869 3324 1146 3369 oneratum
1184 3314 1325 3371 ferro
1373 3318 1571 3373 recludi
1603 3321 1856 3389 praecepit
1906 3322 1958 3375 in
2012 3338 2139 3376 car-

580 3419 725 3461 cere.

649 3497 836 3552 XLIX.
867 3498 1147 3569 Sed°quia
1174 3500 1309 3555 liber
1340 3501 1495 3556 linem
1520 3502 1765 3571 postulat,
1799 3518 2014 3558 narrare
2044 3504 2140 3558 ali-

577 3604 679 3657 qua
707 3590 774 3644 de
799 3590 916 3659 ejus
944 3592 1240 3648 actionibus
1266 3595 1425 3660 libet;
1453 3595 1544 3648 sed
1576 3595 1724 3662 prius
1746 3594 1952 3650 videtur
1970 3611 2139 3664 genus

575 3693 636 3733 ac
679 3681 925 3747 patriam,
957 3696 1237 3752 moresque
1282 3684 1471 3737 ordiri.
1499 3683 1733 3739 Cracina
1767 3685 1786 3723 ι
1815 3686 2139 3741 Pictavensis

576 3766 747 3822 insula
780 3771 1056 3836 vocitatur,
1086 3771 1138 3824 in
1186 3787 1287 3841 qua
1324 3787 1353 3825 a
1396 3774 1593 3828 liscalis
1633 3775 1874 3830 vinitoris
1907 3787 1931 3823 ϐ
1958 3791 2136 3845 servo,

579 3859 842 3915 Leocadio
882 3862 1114 3928 nomine,
1141 3865 1397 3918 nascitur.
1423 3864 1628 3921 Exinde
1656 3868 1721 3920 ad
1759 3869 2030 3923 servitium
2053 3885 2141 3922 ar-

577 3950 825 4018 cessitus,
855 3953 1045 4007 culinae
1092 3956 1250 4023 regia:
1295 3956 1601 4020 deputatur.
1649 3958 1751 4013 Sed
1804 3962 1923 4028 quia
1981 3960 2139 4027 lippis

579 4050 695 4096 erat
731 4042 785 4095 in
832 4042 1187 4098 adolescentia
1237 4046 1427 4115 oculis,
1462 4048 1653 4116 quibus
1697 4048 1825 4103 fumi
1874 4053 2138 4106 acerbitas

580 4146 686 4187 non
714 4135 1059 4201 congruebat,
1084 4144 1291 4191 amotus
1311 4152 1340 4191 a
1369 4138 1567 4203 pistillo
1588 4151 1925 4207 promovetur
1950 4143 2015 4196 ad
2046 4159 2137 4198 co-

585 4220 803 4290 phinum
831 4221 880 4276 h.
912 4222 1015 4277 Sed
1047 4225 1170 4277 dum
1202 4227 1338 4279 inter
1369 4227 1711 4281 fermentatas
1739 4244 1941 4283 massas
1970 4246 2028 4285 se
2046 4233 2137 4287 de-

577 4313 758 4367 lectari
803 4314 1143 4379 consimulat,
1174 4317 1446 4370 servitium
1499 4320 1669 4385 fugam
1724 4318 1894 4373 iniens
1942 4319 2137 4375 dereli-

2245 3147 2447 3214 fuucto,
2481 3150 2801 3202 succedente
2826 3150 3013 3203 iterum
3046 3149 3352 3217 Chilperico
3375 3149 3424 3201 in
3449 3163 3695 3217 regnum,
3730 3152 3840 3206 iste

2243 3241 2299 3294 in
2348 3243 2654 3295 comitatum
2706 3243 2934 3296 accedit.
2969 3242 3300 3297 Adveniente
3353 3251 3530 3295 autem
3585 3242 3839 3298 Turonis

2248 3330 2592 3395 Merovecho,
2622 3346 2809 3386 omnes
2856 3347 2940 3387 res
2984 3333 3099 3402 ejus
3147 3347 3526 3401 usquequaque
3575 3331 3835 3400 diripuit.

2241 3421 2347 3474 Sed
2378 3421 2500 3474 dum
2523 3421 2818 3490 Sigibcrtns
2850 3422 2982 3475 duos
2999 3436 3167 3475 annos
3190 3421 3419 3475 Turonis
3444 3419 3633 3485 tenuit,
3666 3421 3834 3477 hicin

2244 3512 2531 3566 Britanniis
2559 3513 2731 3566 latuit.
2749 3512 2848 3578 Qui
2875 3521 3170 3582 assumpto,
3188 3523 3242 3566 ut
3268 3512 3516 3567 diximus.
3536 3513 3832 3579 comitatu,

2243 3602 2294 3656 in
2323 3604 2411 3656 tali
2444 3603 2656 3658 levitate
2701 3606 2871 3658 elatus
2899 3613 3003 3670 est,
3034 3615 3089 3658 ut
3119 3607 3169 3658 in
3201 3604 3361 3658 domo
3406 3604 3651 3659 ecclesia:
3692 3619 3832 3660 cum

2246 3693 2551 3747 thoracibus
2581 3703 2740 3763 atque
2767 3696 2968 3760 loricis,
2997 3696 3316 3764 praecinctus
3340 3696 3587 3764 pharetra
3610 3704 3667 3750 et
3690 3713 3834 3753 con-

2244 3790 2355 3836 tum
2400 3799 2555 3837 manu
2605 3800 2817 3853 gerens,
2852 3786 3026 3851 capite
3073 3787 3281 3853 galeato
3324 3785 3725 3854 ingrederetur,
3761 3788 3832 3841 de

2243 3876 2389 3930 nullo
2416 3892 2660 3941 securus,
2689 3878 2810 3944 quia
2839 3878 3087 3930 omnibus
3114 3885 3231 3931 erat
3259 3876 3514 3930 adversus
3542 3874 3592 3928 ι.
3625 3876 3750 3931 Jam
3779 3879 3829 3933 si

2243 3968 2295 4019 in
2327 3966 2529 4036 judicio
2559 3981 2677 4020 cum
2707 3967 3026 4029 senioribus,
3057 3966 3137 4019 vel
3174 3965 3343 4027 laicis,
3380 3965 3463 4018 vel
3492 3965 3707 4019 clericis
3740 3981 3826 4022 re-

2241 4059 2484 4121 sedisset,
2512 4066 2565 4110 et
2612 4056 2837 4111 vidisset
2876 4056 3143 4110 hominem
3190 4056 3451 4123 justitiam
3483 4068 3829 4123 prosequeu‘

2244 4158 2370 4215 tem,
2406 4149 2641 4217 protinus
2669 4150 2923 4218 agebatur
2955 4150 3008 4203 in
3040 4147 3227 4214 furias,
3276 4147 3526 4202 ructabat
3569 4150 3821 4205 convivia

2242 4238 2294 4290 in
2318 4236 2494 4299 cives;
2524 4238 2864 4307 presbyteros
2910 4238 3134 4292 manicis
3159 4237 3381 4306 jubebat
3409 4236 3640 4300 extrahi,
3676 4238 3823 4293 mili-

2243 4339 2322 4383 tes
2346 4328 2568 4382 fustibus
2598 4329 2864 4382 verberari
2884 4345 2899 4393 ;
2918 4337 3167 4397 tantaque
3194 4329 3434 4382 utebatur
3463 4327 3815 4394 crudelitate,

573 4402 709 4470 quit.
736 4406 984 4473 Cumque
1015 4405 1097 4458 bis
1140 4414 1232 4460 aut
1276 4408 1435 4461 tertio
1480 4411 1728 4462 reductus
1753 4425 1780 4463 a
1813 4411 1946 4480 fugm
1987 4414 2134 4481 lapsu
2168 4396 2218 4455 D
2247 4430 2300 4472 ut
2343 4421 2425 4473 vix
2456 4420 2641 4475 referri
2670 4418 2687 4457 1
2734 4421 2923 4487 possit.
2960 4396 3276 4474 Discedente
3304 4420 3464 4488 262
3492 4429 3671 4473 autem
3702 4420 3819 4475 Me-

578 4492 745 4545 teneri
795 4506 900 4545 non
948 4504 1155 4561 posset,
1184 4497 1326 4550 auris
1358 4498 1513 4551 unius
1543 4498 1797 4554 incisione
1826 4504 2132 4562 mulctatur.

575 4581 777 4636 Dehinc
817 4597 937 4637 cum
986 4594 1165 4639 notam
1198 4587 1451 4643 inﬂictam
1480 4590 1689 4658 corpori
1723 4592 1964 4647 occulere
1994 4598 2134 4649 nulla

643 4750 669 4777 η
689 4739 822 4796 Hinc
847 4748 966 4818 nata
995 4754 1098 4795 vox
1129 4745 1306 4818 nostra
1332 4743 1532 4818 Gallica
1563 4746 1769 4818 lildmer,
1795 4765 1911 4818 quae
1944 4751 2028 4807 hic
2051 4767 2131 4808 e51

572 4822 800 4891 etsaepe
844 4811 997 4875 alias,
1030 4812 1167 4879 apud
1195 4811 1532 4882 Gregorium,
1574 4816 1727 4885 hujus
1758 4811 1901 4874 vocis
1928 4822 2131 4890 signiti-

570 4890 1191 5030 fgoliegmnl‘heodua.
1222 4949 1300 5005 De
1338 4951 1438 5006 hoc
1466 4959 1520 5007 et
1548 4954 1665 5008 aliis
1697 4955 1779 5010 hic
1822 4963 2131 5017 memoratis

568 5019 661 5073 lib.
696 5034 765 5083 vt,
790 5034 889 5087 cap
915 5019 1006 5073 38.

644 5098 666 5157 ε
703 5088 861 5144 Deest
884 5089 983 5143 hoc
1007 5098 1163 5157 caput
1191 5089 1244 5144 in
1269 5089 1425 5144 Corb.

644 5153 668 5193 δ
701 5157 912 5225 Regm.,
942 5153 1277 5213 Ansoeldum.

647 5234 670 5262 ε
702 5227 1010 5306 Ileecaput,
1028 5230 1168 5306 quod
1200 5230 1254 5282 in
1275 5228 1548 5306 _ple_risque
1573 5233 1729 5306 codd.
1746 5251 1773 5288 a
1796 5240 2128 5306 praccedenle

569 5307 677 5365 non
701 5294 1064 5365 distinguitur,
1097 5300 1247 5353 deest
1275 5294 1325 5352 in
1348 5294 1507 5355 Corb.
1541 5313 1594 5356 et
1620 5302 1771 5358 Colb.

644 5362 894 5447 inegit“:
930 5375 992 5447 et
1034 5366 1188 5447 Bai,
1233 5367 1475 5447 Gracinq.
1523 5374 1790 5447 Altcserra
1844 5379 2121 5447 legendum

568 5442 895 5512 essecenset
921 5432 1170 5512 ῌταξξηα,
1184 5453 1288 5507 quo
1305 5441 1520 5512 nomine
1536 5443 1868 5512 designaretu
1877 5432 2122 5505 insidia;

567 5500 759 5582 insula,
783 5500 891 5582 [διε
916 5504 978 5582 de
1008 5504 1099 5582 lle.
1139 5500 1215 5559 ut'
1239 5510 1452 5582 scripsit
1484 5500 1723 5582 Papirius
1755 5500 2122 5575 Massonusuin

566 5571 1226 5638 descriptionelluviorum.
1251 5571 1383 5631 Hinc
1404 5571 1640 5634 Valesius
1668 5584 1844 5638 mallet
1876 5589 1973 5657 legi
1999 5571 2121 5642 Cra:

2243 4509 2495 4574 rovecho,
2523 4511 2610 4577 qui
2649 4525 2733 4562 res
2764 4509 2879 4578 ejus
2917 4509 3230 4575 diripuerat,
3262 4508 3415 4561 nobis
3457 4508 3819 4563 calumniator

2241 4604 2438 4665 existit,
2458 4615 2702 4655 asserens
2730 4598 2988 4654 fallaciter
3017 4600 3393 4655 Merovechum
3419 4610 3600 4655 nostro
3645 4615 3808 4655 usum

2239 4760 2345 4810 tina
2381 4765 2470 4809 aut
2508 4756 2713 4810 Rarina.
2746 4756 2879 4810 Olim
2910 4756 3186 4811 dicebatur
3217 4756 3385 4811 Herus
3411 4771 3505 4812 seu
3539 4755 3703 4811 Herio
3732 4758 3811 4813 in-

2239 4829 2375 4891 sula,
2410 4841 2525 4895 qua:
2553 4842 2662 4879 orm
2692 4826 2984 4896 Pictavensi
3018 4827 3244 4896 adjzicet.

2311 4906 2335 4940 κ
2364 4897 2519 4960 Bad.,
2550 4912 2582 4948 a
2610 4895 2796 4964 ﬁscalt’s
2826 4895 3094 4949 mulieris.
3133 4896 3345 4964 Regm.,
3391 4895 3585 4964 ﬁscalt’s
3638 4897 3806 4951 uincto

2235 4981 2394 5018 εενυο.

2313 5032 2335 5103 ξι
2367 5034 2419 5086 Id
2447 5045 2551 5100 est,
2574 5050 2605 5090 e
2628 5048 2799 5103 coquo
2831 5033 2883 5086 lit
2906 5032 3092 5102 pistor.

2314 5101 2327 5139 ¹
2364 5102 2417 5155 Id
2447 5115 2549 5169 est,
2569 5101 2936 5171 promovet,nt
2956 5116 3018 5156 ex
3047 5102 3161 5155 aliis
3185 5101 3427 5171 Gregorii
3461 5101 3594 5157 locis
3625 5113 3800 5170 patet.

2311 5172 2325 5221 ἱ
2367 5173 2557 5228 Comes
2602 5172 2791 5226 stabuli
2820 5186 3075 5239 equorum
3108 5173 3359 5239 principis
3405 5184 3590 5225 curam
3642 5174 3809 5227 habe.

2236 5242 2346 5308 bat,
2377 5257 2494 5311 qtth
2524 5242 2753 5311 dignitas
2782 5238 2961 5311 postea
2996 5238 3236 5311 militaris
3264 5238 3423 5305 facta,
3451 5242 3678 5311 multum
3720 5257 3809 5296 ac-

2235 5310 2552 5383 crevitEjus
2568 5310 2745 5364 munia
2761 5319 2821 5383 _et
2845 5310 3167 5383 incrementa
3197 5310 3311 5383 fuse
3331 5311 3551 5380 exponit
3571 5310 3809 5383 Cangius

2236 5382 2286 5435 in
2321 5379 2608 5453 Gloss'ario,
2641 5379 2778 5449 quod
2816 5382 3098 5434 consulere
3126 5379 3661 5451 neminemunquam
3693 5379 3810 5453 pa:-

2235 5451 2440 5505 ltileliil.

2307 5518 2327 5554 εί
2374 5519 2589 5587 chm,
2632 5523 2932 5573 contrar’us.
2968 5518 3123 5573 Num.

2310 5589 2325 5625 ¹
2370 5591 2509 5643 Ideni
2537 5590 2721 5654 codex,
2752 5593 2835 5642 vix
2860 5594 2991 5657 [errr
3017 5590 3193 5656 possit.
