3994 6194
569 201 672 263 367

1562 200 1620 256 5.
1665 196 2001 256 GREGORII
2045 196 2347 254 EPISCOPI
2386 197 2822 258 TURONENSIS

3730 199 3837 259 568

572 316 782 374 Martini
813 314 1053 386 praesulis
1081 329 1143 369 ac
1176 313 1409 369 Medardi
1450 312 1846 367 absolveretur.
1891 312 2006 365 Mox
2036 312 2143 365 dis-
2175 314 2225 371 Α
2256 316 2494 380 expetiit.
2530 316 2635 372 Sed
2678 332 2798 371 cum
2826 316 3060 371 audisset
3101 315 3334 371 edictum
3362 317 3533 386 regis,
3578 327 3635 373 ut
3662 320 3712 373 iu
3736 334 3841 375 suo

570 409 739 477 ruptis
765 405 1009 469 vinculis,
1041 404 1313 458 confracta
1343 406 1533 472 cippo,
1566 413 1802 458 reseran
1833 404 1991 468 ostio,
2023 417 2152 456 san-

574 499 644 552 cti
673 496 904 553 Medardi
934 495 1206 549 basilicam
1239 504 1395 550 nocte
1424 494 1576 549 nobis
1604 494 1943 563 vigilantibus
1967 492 2157 548 introi-

576 593 649 644 vit
676 600 721 643 ⁸.
748 588 1063 658 Congregati
1094 588 1252 656 igitur
1278 586 1420 655 apud
1468 589 1801 641 Brennacum
1830 586 2012 641 villam
2042 586 2158 655 cpi-

573 679 759 749 scopi,
806 680 861 734 in
902 694 1062 733 unam
1091 678 1309 732 domum
1340 676 1576 733 residere
1600 677 1737 747 jussi
1768 685 1913 732 sunt.
1950 677 2155 733 Dehinc

576 770 891 825 adveniente
931 784 1076 837 rege,
1106 767 1228 821 data
1269 766 1520 823 omnibus
1540 768 1880 835 salutatione,
1900 782 1964 823 ac
1990 767 2156 822 bene-

573 862 802 916 dictione
823 870 1059 927 accepta,
1092 858 1310 913 resedit.
1340 858 1490 913 Tunc
1519 859 1938 912 Bertehramnus
1966 858 2161 913 Burde-

573 948 804 1020 galensis
830 949 1059 1002 civitatis
1088 948 1401 1016 episcopus,
1442 947 1525 1000 cui
1552 947 1652 1001 hoc
1690 962 1810 1001 cum
1844 951 2030 1016 regina
2053 949 2158 1002 cri-

578 1055 699 1094 tnen
728 1039 1012 1107 impactum
1038 1037 1231 1105 fuerat,
1254 1051 1469 1091 causam
1494 1038 1765 1106 proponit,
1785 1053 1972 1105 meque
1994 1038 2160 1092 inter-

578 1111 760 1199 pellat,
777 1127 958 1183 dicens
980 1142 1008 1180 a
1025 1143 1110 1181 me
1125 1127 1223 1181 sibi
1241 1141 1302 1182 ac
1314 1127 1511 1195 regina:
1531 1128 1733 1181 crimen
1746 1127 2036 1195 objectum.
2056 1128 2160 1184 Ne-

578 1222 697 1291 gavi
718 1236 816 1293 ego
833 1220 887 1276 in
904 1221 1127 1275 veritate
1144 1234 1229 1274 me
1246 1220 1359 1273 Ita'c
1373 1219 1636 1284 locutum;
1658 1220 2160 1288 etaudissequidem

580 1318 697 1372 hate
734 1318 890 1382 alios,
934 1330 1017 1370 me
1065 1330 1170 1369 non
1201 1314 1554 1383 excogitasse.
1588 1314 1717 1368 Nam
1757 1324 1911 1369 extra
1944 1315 2161 1368 domum

576 1428 761 1468 rumor
798 1412 850 1468 in
882 1410 1074 1481 popqu
1101 1424 1322 1478 magnus
1349 1417 1502 1474 erat,
1531 1408 1818 1461 dicentium
1857 1425 1869 1460 :
1900 1407 2007 1461 Cur
2028 1408 2161 1484 ,ἣτιδο

573 1518 735 1570 super
755 1501 1088 1557 sacerdotem
1114 1499 1207 1553 Dei
1232 1498 1600 1566 objiciuntur?
1619 1513 1715 1552 cur
1737 1499 1860 1551 talia
1892 1512 1981 1553 rex
2002 1499 2162 1569 235

578 1593 946 1663 prosequitur?
974 1590 1206 1660 nunquid
1234 1590 1404 1659 potuit
1429 1591 1709 1659 episcopus
1732 1589 1852 1642 talia
1876 1589 2055 1645 dicere
2077 1592 2161 1645 vel

2257 420 2424 474 regno
2454 421 2483 459 a
2520 407 2666 460 nullo
2698 406 3069 476 colligeretur;
3104 416 3158 460 ct
3189 409 3481 476 prmsertim
3532 410 3671 478 quod
3696 406 3842 466 illius

2258 503 2400 572 ejus,
2433 518 2590 570 quem
2635 505 2775 557 domi
2826 505 3146 571 reliquerat,
3180 504 3401 558 obiisset
3426 548 3440 573 ,
3488 504 3715 561 Turonis
3740 525 3845 563 oc-

2260 596 2401 647 culte
2430 592 2591 663 266
2630 595 2850 648 veniens
2872 635 2886 657 ,
2915 608 3032 661 qua:
3062 595 3263 661 Optima
3296 595 3481 649 habuit
3528 598 3581 651 in
3614 597 3847 653 Βίωτίρο

2260 683 2609 750 transposuit.
2653 682 3106 751 Prosequenlibus
3144 698 3270 737 vero
3321 685 3588 751 regalibus
3625 689 3802 754 pueris
3829 730 3845 755 ,

2260 774 2376 842 ipse
2420 788 2513 841 per
2539 772 2716 842 fugam
2761 773 2977 828 labitur.
3018 774 3182 841 Capta
3226 789 3439 843 quoque
3477 790 3621 831 uxor
3647 777 3759 848 ejus
3792 782 3844 835 in

2261 878 2451 933 pagum
2481 864 2873 918 Tornacensem
2915 864 3104 919 exsilio
3134 865 3449 920 retruditur.
3500 870 3570 921 At
3611 868 3848 924 Riculfus

2259 958 2487 1013 clericus
2513 957 2578 1011 ad
2621 957 3046 1013 interficiendum
3076 958 3389 1026 deputatur,
3437 970 3534 1028 pro
3562 960 3707 1029 cujus
3736 962 3846 1015 vita

2263 1047 2351 1101 vix
2380 1049 2585 1104 obtinui
2608 1065 2624 1103 :
2654 1059 2829 1103 tamen
2859 1048 2927 1103 de
2954 1050 3235 1103 tormentis
3262 1064 3521 1104 excusare
3545 1066 3648 1103 non
3674 1054 3844 1122 potui.

2261 1141 2391 1197 Nam
2424 1142 2564 1196 nulla
2588 1158 2694 1206 res,
2724 1142 2922 1196 nullum
2955 1143 3227 1197 metallum
3258 1154 3399 1197 tanta
3430 1146 3651 1199 verbera
3679 1148 3848 1213 potuit

2264 1236 2544 1297 sustinere,
2577 1235 2715 1289 sicut
2745 1233 2831 1290 hic
2862 1234 3215 1289 miserrimus.
3250 1236 3331 1290 Ab
3361 1235 3492 1290 liora
3523 1238 3675 1291 tertia
3716 1238 3845 1302 diei,

2267 1327 2513 1381 revinetis
2545 1336 2662 1394 post
2700 1337 2904 1395 tergum
2939 1328 3185 1382 manibus
3210 1368 3224 1391 ,
3278 1343 3572 1397 suspensus
3602 1330 3666 1383 ad
3692 1332 3848 1385 arbo-

2264 1433 2375 1471 rem
2407 1418 2775 1487 dependebat;
2819 1417 2886 1472 ad
2915 1419 3099 1472 horam
3149 1435 3275 1474 vero
3306 1437 3498 1475 nonam
3542 1421 3848 1491 depositus,

2265 1517 2515 1561 extensus
2549 1510 2615 1562 ad
2645 1509 2871 1563 trocleas
2898 1508 3205 1564 caedebatur
3250 1510 3474 1564 fustibus
3495 1553 3508 1575 ,
3561 1513 3754 1581 virgis,
3790 1530 3852 1567 ac

2267 1596 2393 1651 loris
2423 1597 2742 1668 duplicibus,
2775 1606 2830 1653 et
2857 1614 2963 1654 non
2992 1601 3058 1654 ab
3086 1614 3191 1654 uno
3219 1600 3301 1655 vel
3329 1601 3557 1666 duobus,
3603 1603 3694 1658 sed
3719 1613 3851 1674 quot

577 1689 645 1741 de
673 1686 860 1742 servo?
894 1686 1028 1749 Hell.
1061 1686 1163 1739 heu
1190 1687 1202 1737 ῐ
1240 1684 1460 1737 Domine
1490 1682 1652 1745 Deus,
1684 1682 1879 1751 largire
1906 1682 2162 1737 auxilium
2193 1684 2243 1745 B
2266 1690 2525 1745 accedere
2552 1693 2695 1745 circa
2727 1692 2953 1746 miseros
2983 1692 3277 1759 potuissent
3301 1701 3468 1756 artus,
3503 1700 3584 1748 tot
3620 1709 3853 1750 casores

574 1793 732 1832 servo
761 1778 886 1831 tuo!
927 1778 1034 1829 llex
1066 1784 1244 1830 autem
1274 1774 1483 1829 dicebat
1507 1789 1521 1827 :
1548 1772 1760 1827 Crimen
1792 1774 1973 1828 uxoris
2002 1789 2154 1838 meae,

575 1884 751 1923 meum
780 1868 1005 1922 habetur
1045 1866 1406 1937 opprobrium.
1442 1864 1498 1919 Si
1526 1880 1655 1933 ergo
1682 1867 1913 1921 censetis
1934 1905 1950 1932 ,
1979 1874 2038 1921 ut
2065 1883 2157 1920 su-

578 1977 671 2028 per
727 1961 1033 2029 episcOpum
1094 1969 1254 2016 testes
1301 1958 1685 2024 adhibeantur,
1752 1974 1879 2014 ecce
1941 1959 2152 2013 adsunt.

574 2053 731 2108 Certe
753 2054 797 2106 si
819 2052 1027 2106 videtur
1052 2061 1110 2105 ut
1134 2051 1247 2104 hzec
1268 2065 1373 2104 non
1404 2049 1553 2113 fiant,
1580 2058 1633 2103 et
1656 2049 1707 2101 in
1739 2048 1896 2104 fidem
1918 2050 2155 2119 episcopi

574 2144 1010 2207 committantur,
1059 2136 1256 2197 dicite:
1287 2141 1512 2195 libenter
1539 2140 1751 2194 audiam
1782 2156 1899 2208 qure
1938 2140 2154 2209 jubetis.

577 2237 751 2292 Mirati
796 2244 919 2292 sunt
948 2249 1136 2289 omnes
1164 2235 1304 2302 regis
1350 2233 1682 2299 prudentiam
1728 2232 1807 2285 vel
1850 2233 2159 2302 patientiam

576 2331 754 2385 simul.
783 2330 931 2384 Tunc
970 2329 1177 2383 cunctis
1204 2325 1504 2381 dicentibus
1532 2341 1548 2380 :
1581 2325 1694 2380 Non
1728 2334 1901 2396 potest
1934 2341 2159 2394 persona

574 2418 796 2477 inferior
817 2433 979 2488 super
999 2417 1329 2473 sacerdotem
1353 2417 1521 2482 credi,
1548 2416 1743 2471 restitit
1762 2416 1827 2469 ad
1854 2418 1951 2469 hoc
1973 2431 2156 2483 causa,

578 2521 635 2567 ut
661 2512 818 2568 dictis
838 2511 1013 2566 Missis
1033 2552 1048 2577 ,
1082 2511 1135 2563 in
1181 2509 1350 2564 tribus
1377 2508 1634 2563 altaribus
1662 2522 1746 2561 me
1772 2506 1838 2561 de
1866 2505 1952 2561 his
1982 2507 2161 2563 verbis

577 2618 829 2659 exuerem
878 2611 1212 2656 sacramento
1246 2599 1296 2655 δ.
1350 2600 1418 2654 Et
1472 2600 1594 2653 licet
1639 2598 1934 2651 canonibus
1981 2606 2160 2652 essent

576 2693 839 2750 contraria
861 2736 875 2757 ,
924 2707 1021 2762 pro
1046 2706 1207 2747 causa
1240 2699 1412 2745 tamen
1448 2693 1587 2758 regis
1617 2690 1829 2756 impleta
1862 2696 2005 2742 sunt.
2053 2689 2159 2743 Sed

577 2803 677 2845 nec
706 2789 805 2843 hoc
832 2788 983 2851 sileo,
1012 2784 1151 2855 quod
1181 2782 1463 2853 Biguntbis
1493 2791 1515 2821 ε
1546 2782 1724 2851 regina
1757 2780 2045 2835 condolens
2066 2780 2161 2834 do-

574 2879 777 2935 loribus
806 2879 961 2943 meis,
982 2876 1244 2946 jejunium
1272 2889 1393 2930 eum
1419 2873 1565 2928 omni
1594 2874 1753 2927 domo
1790 2887 1887 2926 sua
1915 2870 2157 2927 celebra-

573 2971 666 3035 vit,
697 2984 973 3040 quousque
1004 2983 1133 3037 puer
1162 2967 1428 3022 nuntiaret
1461 2980 1546 3020 me
1571 2965 1750 3018 omnia
1779 2964 1859 3017 sic
1890 2963 2156 3031 implesse,

2261 1792 2433 1837 erant.
2463 1782 2594 1836 Cum
2622 1793 2796 1838 autem
2822 1783 2933 1853 jam
2958 1784 3011 1838 in
3043 1776 3353 1838 discrimine
3379 1794 3544 1845 esset,
3574 1794 3697 1840 tunc
3724 1800 3852 1853 ape-

2261 1873 2367 1927 ruit
2392 1876 2708 1937 veritatem,
2752 1885 2807 1929 et
2834 1889 3026 1929 arcana
3058 1875 3166 1929 doli
3198 1876 3406 1945 publice
3451 1875 3722 1944 patefecit.
3761 1877 3854 1931 Di-

2262 1966 2419 2021 cebat
2444 1967 2587 2021 enim
2615 1966 2684 2021 ob
2706 1965 2807 2019 hoc
2837 1967 3033 2035 reginae
3053 1967 3255 2020 crimen
3286 1965 3575 2035 objeetum,
3599 1976 3656 2020 ut
3675 1966 3853 2035 ejecta

2262 2056 2330 2112 de
2360 2070 2557 2127 regno,
2611 2056 2905 2112 interfectis
2952 2056 3225 2122 fratribus,
3255 2073 3284 2110 a
3316 2066 3466 2127 patre
3491 2055 3516 2094 ἀ
3548 2058 3850 2113 Cblodovc-

2262 2149 2395 2203 chus
2440 2163 2659 2218 regnum
2690 2148 2985 2215 acciperet,
3026 2147 3319 2203 Leudastes
3344 2148 3629 2212 ducatum,
3663 2150 3848 2205 Ricul—

2261 2236 2345 2291 fus
2374 2253 2499 2293 vero
2526 2239 2821 2308 presbyter,
2851 2240 2938 2308 qui
2966 2239 3075 2307 jam
3106 2252 3134 2290 a
3165 2247 3404 2306 tempore
3435 2240 3572 2293 beati
3605 2239 3851 2296 Eufronii

2261 2328 2497 2397 episcopi
2547 2330 2751 2384 amicus
2776 2338 2892 2384 erat
2923 2327 3309 2394 Chlodovechi,
3344 2331 3712 2400 episcopatum
3745 2332 3846 2387 Tu-

2263 2421 2506 2474 ronicum
2535 2420 2781 2485 ambiret,
2815 2422 2936 2475 lnt'c
2965 2421 3174 2475 ΒίουΠο
3194 2422 3388 2476 clerico
3408 2422 3845 2478 arebidiaconatn

2262 2512 2548 2580 promisso.
2583 2512 2692 2567 Nos
2720 2528 2874 2574 vero.
2896 2527 3019 2568 eum
3051 2513 3141 2567 Dei
3171 2514 3341 2584 gratia
3362 2512 3590 2568 Turonis
3618 2514 3844 2579 reversi,

2266 2604 2568 2659 invenimus
2590 2606 2868 2660 ecclesiam
2894 2608 3260 2660 conturbatam
3291 2622 3386 2675 per
3411 2606 3673 2662 Bicolfum
3701 2623 3846 2676 pres‘

2263 2697 2546 2769 byterum;
2595 2714 2715 2752 nam
2764 2698 2849 2752 hic
2878 2700 2977 2752 sub
3006 2696 3258 2753 Enfronio
3302 2699 3553 2769 episcopo
3595 2700 3666 2756 de
3715 2715 3844 2770 pau-

2264 2789 2487 2857 peribus
2543 2801 2901 2855 provocatus,
2961 2789 3367 2846 archidiaconus
3415 2792 3691 2847 ordinatus
3744 2803 3843 2847 est.

2263 2880 2468 2935 Exinde
2508 2880 2573 2934 ad
2616 2881 3005 2950 presbyterium
3035 2882 3311 2947 admotus,
3345 2883 3569 2937 recessit
3604 2882 3677 2937 ad
3726 2898 3843 2952 pro-

2265 2973 2377 3041 pria
2403 3012 2417 3038 ,
2458 2986 2671 3041 semper
2707 2974 2915 3035 elatus.
2963 2972 3210 3039 inflatus,
3266 2982 3725 3042 praesumptuosus
3767 2985 3791 3012 ⁸
3828 2994 3842 3029 :

574 3073 630 3117 ut
660 3064 870 3118 fuerant
898 3062 1158 3115 instituta.
1194 3060 1357 3128 Igitur
1396 3058 1623 3127 regressi
1647 3057 1952 3112 sacerdotes
1981 3055 2045 3109 ad
2075 3071 2158 3111 re-
2186 3052 2233 3116 C
2263 3080 2384 3119 nam
2433 3080 2519 3119 me
2549 3066 2725 3121 adhuc
2772 3076 3143 3121 commorante
3176 3082 3296 3122 cum
3338 3080 3497 3136 rege,
3530 3066 3652 3130 hic,
3698 3069 3849 3136 quasi

574 3167 728 3222 gem,
772 3152 959 3206 aiunt:
993 3150 1211 3218 lmpleta
1254 3158 1380 3203 sunt
1422 3149 1600 3202 omnia
1644 3147 1712 3201 ab
1740 3146 1993 3215 episcopo
2034 3160 2157 3215 qua:

572 3245 829 3313 imperata
860 3249 1002 3305 sunt,
1029 3255 1063 3294 ο
1090 3255 1204 3295 rex.
1228 3238 1374 3313 Quid
1419 3254 1559 3293 nunc
1588 3237 1654 3291 ad
1704 3246 1789 3302 te,
1822 3238 1920 3291 nisi
1952 3246 2007 3290 ut
2033 3250 2157 3291 cum

574 3312 960 3390 Bertcbramno
989 3312 1300 3387 accusatore
1328 3329 1533 3397 fratris,
1572 3331 1951 3384 communione
1982 3329 2159 3396 prive‘c

578 3427 687 3480 ris?
720 3426 786 3480 Et
834 3426 960 3479 ille:
992 3424 1138 3488 Non,
1194 3424 1399 3492 inquit,
1428 3437 1527 3491 ego
1567 3422 1667 3475 nisi
1698 3421 1875 3474 audita
1922 3422 2156 3474 narravi.

575 3516 951 3585 Quarentibus
976 3516 1099 3581 illis,
1129 3516 1246 3584 quis
1274 3513 1387 3567 haec
1408 3512 1641 3567 dixerit?
1661 3512 1934 3580 respondit
1960 3526 2017 3564 se
2046 3510 2159 3564 haec

574 3627 602 3664 a
628 3610 890 3665 Leudaste
910 3608 1138 3663 audisse.
1166 3607 1256 3661 Ille
1279 3618 1455 3661 autem
1476 3603 1766 3661 secundum
1795 3604 2155 3657 infirmitatem

575 3704 660 3759 vel
686 3702 930 3769 consilii,
964 3700 1050 3755 vel
1081 3698 1460 3767 propositionis
1489 3713 1638 3761 suae,
1667 3698 1770 3764 jam
1811 3693 1989 3764 fugam
2022 3694 2155 3749 inie-

575 3803 679 3849 rat.
725 3792 873 3847 Tunc
923 3791 1119 3860 placuit
1167 3790 1413 3845 omnibus
1459 3788 1865 3851 sacerdotibus,
1917 3797 1974 3840 ut
2013 3794 2157 3839 sator

574 3882 849 3951 scandali,
894 3882 1157 3936 inﬁciator
1186 3882 1381 3948 reginae.
1405 3926 1419 3948 ,
1470 3887 1746 3933 accusator
1774 3875 2044 3945 episcopi,
2088 3876 2156 3930 ab

576 3974 822 4031 omnibus
848 3983 1119 4028 arceretur
1146 3970 1412 4038 ecclesiis,
1446 3984 1511 4024 eo
1535 3967 1677 4038 quod
1706 3982 1766 4021 se
1794 3966 1867 4020 ab
1886 3966 2154 4020 audientia

581 4064 951 4123 subtraxisset.
980 4064 1130 4120 Unde
1151 4073 1207 4117 et
1232 4062 1509 4131 epistolam
1536 4058 1888 4126 subscriptam
1915 4057 2031 4110 aliis
2050 4057 2158 4125 epi-

572 4157 751 4226 scopis
778 4157 866 4227 qui
897 4170 1003 4211 non
1033 4155 1312 4208 adfuerant
1340 4152 1766 4207 transmiserunt.
1800 4149 1866 4202 Et
1890 4148 1967 4201 sic
1995 4163 2158 4201 unus—

574 4248 801 4317 quisque
848 4248 899 4301 in
950 4247 1125 4301 locum
1180 4258 1332 4317 situm
1384 4258 1656 4312 regressus
1703 4248 1807 4295 est.
1864 4238 2155 4293 Leudastes

577 4314 863 4394 vero—bare
908 4338 1163 4403 audiens,
1208 4314 1481 4389 basilicam
1522 4333 1691 4388 sancti
1739 4330 1881 4386 Petri
1922 4329 2153 4383 Parisios

2255 3159 2365 3227 jam
2396 3168 2539 3213 esset
2568 3159 2881 3228 episcopus,
2923 3160 2974 3213 in
3018 3159 3238 3213 domum
3266 3160 3508 3214 ecclesia
3547 3159 3842 3228 ingreditur

2261 3249 2616 3318 impudenter,
2638 3259 2916 3318 argentum
2940 3250 3193 3305 describit
3213 3251 3476 3315 ecclesia,
3500 3251 3847 3322 reliquasque

2260 3354 2349 3394 res
2379 3341 2479 3394 sub
2516 3356 2667 3395 suam
2716 3342 2906 3410 redigit
2952 3348 3293 3410 potestatem.
3340 3340 3564 3410 Maiores
3608 3342 3842 3396 clericos

2261 3431 2572 3486 muneribus
2594 3432 2751 3495 ditat,
2770 3432 2993 3501 largitur
3015 3432 3217 3495 vineas,
3246 3440 3391 3499 prata
3417 3431 3721 3497 distribuit;
3748 3434 3839 3486 uti-

2261 3538 2419 3577 nores
2448 3537 2574 3578 vero
2614 3523 2869 3588 fustibus,
2903 3522 3179 3593 plagisque
3210 3524 3390 3576 multis
3411 3556 3432 3589 ,ν
3475 3522 3639 3577 etiam
3686 3541 3837 3577 manu

2260 3619 2472 3685 propria
2502 3613 2711 3681 affecit,
2757 3615 2942 3669 dicens
2972 3633 2986 3669 :
3020 3614 3406 3684 thognoscitc
3443 3615 3725 3669 dominum
3756 3631 3845 3668 νει

2259 3716 2450 3769 strum,
2482 3706 2571 3774 qui
2602 3706 2875 3759 victoriam
2905 3707 3063 3776 267
3094 3708 3160 3761 de
3194 3706 3418 3760 inimicis
3458 3706 3725 3771 obtinuit,
3753 3721 3840 3760 cu-

2255 3796 2346 3867 jns
2378 3798 2650 3865 ingenium
2674 3796 2993 3852 Turonicam
3028 3796 3211 3851 urbem
3242 3797 3309 3849 ab
3339 3796 3596 3850 Arvernis
3638 3800 3839 3866 pupulis

2259 3889 2567 3942 emundavit
2597 3887 2614 3924 ί
2640 3904 2654 3952 ;
2688 3887 2938 3955 ignorans
2967 3888 3159 3949 miser,
3192 3886 3333 3956 quod
3379 3896 3576 3953 praeter
3606 3890 3835 3958 quinque

2258 3979 2557 4049 episcopos,
2589 3978 2778 4046 reliqui
2801 3993 2987 4031 omnes
3015 3978 3104 4047 qui
3131 3978 3496 4032 sacerdmium
3513 3978 3834 4035 Turonicum

2257 4082 2645 4143 susceperunt,
2705 4082 2980 4140 parentum
3036 4079 3338 4125 nostrorum
3400 4072 3667 4141 prosapia:
3717 4081 3836 4127 sunt

2256 4166 2547 4235 conjuncti.
2600 4160 2732 4218 Illud
2772 4176 2917 4231 saepe
2947 4163 3059 4217 suis
3105 4163 3454 4217 familiaribus
3501 4162 3686 4219 dicere
3724 4172 3833 4217 erat

2256 4259 2467 4320 solitus,
2500 4254 2640 4325 quod
2684 4254 2949 4307 hominem
2982 4254 3291 4319 prudentem
3318 4269 3419 4307 non
3447 4253 3627 4317 aliter,
3657 4256 3755 4310 nisi
3783 4256 3833 4309 in

2258 4346 2524 4419 periuriis,
2554 4344 2672 4415 quis
2693 4344 2940 4413 decipere
2969 4345 3156 4411 possit.
3186 4344 3287 4399 Sed
3306 4360 3424 4399 cum
3451 4361 3535 4400 me
3557 4361 3837 4403 reversum

653 4499 679 4528 ι
714 4487 768 4542 ld
796 4488 972 4558 itaque
998 4474 1143 4555 apud,
1180 4488 1497 4545 Snessionas
1528 4489 1746 4557 contigit
1766 4525 1788 4553 ,.
1816 4501 1866 4558 a_
1888 4500 1990 4555 qua
2021 4484 2150 4540 urbe
2184 4491 2230 4549 ι)
2255 4471 3051 4558 reginaeappellabanttur._Qtiin
3077 4492 3129 4534 et
3147 4491 3305 4558 vetns
3321 4494 3473 4558 poeta
3497 4485 3602 4558 sub
3628 4486 3829 4543 Alcnini

578 4555 907 4612 Brennacum
953 4561 1123 4613 tribus
1166 4561 1377 4612 circiter
1417 4558 1581 4611 teuris
1606 4555 1785 4611 distat.
1831 4555 2151 4608 Fortunatus

578 4642 792 4682 carmen
828 4628 850 4679 l
889 4628 1007 4682 libri
1058 4645 1109 4682 Ix
1149 4630 1343 4681 cecinit
1380 4630 1431 4681 in
1478 4627 1759 4695 Cltitperici
1802 4626 2045 4689 laudem,
2087 4641 2152 4679 eo

573 4699 690 4764 ipso
732 4706 972 4767 tempore
1009 4713 1114 4768 quo
1134 4698 1323 4767 ‘ltabita
1356 4700 1453 4752 fuit
1491 4699 1603 4752 hac
1638 4698 1873 4767 synodus
1904 4697 2147 4750 Brenno-

570 4782 768 4823 censis.

647 4837 676 4876 δ
708 4840 784 4893 Ex
816 4836 916 4891 hoc
946 4837 1064 4891 loco
1102 4835 1341 4891 nonnulii
1396 4835 1652 4904 colligunt
1704 4835 2015 4906 Gregorium
2066 4843 2149 4889 ter

575 4908 791 4962 missam
823 4922 925 4961 una
955 4907 1042 4961 die
1084 4908 1386 4961 celebrasse
1418 4946 1432 4969 ,
1456 4921 1614 4974 quem
1646 4904 1935 4960 tatnen'alii
1960 4904 2027 4958 ita
2058 4906 2145 4959 in-

573 4986 932 5046 terpretantur
961 5018 977 5044 ,
1028 4986 1089 5030 ut
1137 4977 1591 5048 Gregoriusisese
1647 4985 1765 5048 post
1823 4976 2138 5048 celebratam

574 5051 814 5115 missam,
840 5056 1172 5103 sam-amento
1201 5046 1269 5100 ad
1291 5046 1385 5100 tria
1414 5047 1599 5101 altaria
1630 5047 1697 5100 de
1726 5061 1817 5099 sua
1845 5047 2140 5099 innocentia

574 5121 834 5182 praestita,
861 5133 890 5173 a
940 5118 1163 5175 crimine
1192 5119 1420 5185 impacto
1457 5117 1682 5172 exuerit.
1718 5118 1769 5169 Id
1799 5124 1973 5169 autem
2019 5116 2145 5169 fecit

574 5186 882 5253 Gregorius.
922 5189 1060 5260 quod
1109 5203 1212 5243 non
1243 5190 1459 5243 deceret
1485 5186 1894 5260 subdiaconum,
1926 5198 2016 5237 seu
2042 5185 2143 5260 mi-

572 5269 758 5326 norem
789 5256 1037 5313 clericum
1085 5260 1339 5315 adversus
1363 5260 1668 5326 epiSCOpum
1710 5257 1761 5310 in
1791 5265 1977 5310 testem
2009 5256 2144 5307 reci-

570 5324 645 5395 pi.
690 5326 835 5380 Laici
862 5344 990 5383 vero
1019 5330 1085 5382 ad
1127 5324 1453 5383 accusandus
1481 5329 1757 5395 episcopos
1809 5339 2139 5395 nequaquam

568 5393 985 5467 admittebantur
1013 5414 1073 5450 ex
1098 5397 1369 5452 Canonum
1400 5393 1732 5467 praescripto.

645 5473 668 5502 ε
701 5464 825 5517 Ηωο
871 5478 984 5519 erat
1035 5468 1314 5530 Rigtmtltis
1354 5464 1639 5533 Cltilperici
1671 5476 1724 5520 et
1780 5465 2141 5532 Fredegundis

569 5530 676 5586 Ilia
706 5572 720 5595 ,
754 5534 821 5585 de
852 5550 949 5599 qua
991 5537 1278 5603 Gregorius
1327 5530 1520 5604 passim
1552 5539 1677 5604 agit.
1727 5537 1923 5588 Dicitur
1956 5530 2139 5604 regina

571 5617 667 5658 pro
720 5603 930 5658 illorum
989 5616 1284 5668 temporum
1315 5603 1482 5671 more,
1533 5603 1724 5674 qdibus
1783 5608 1903 5659 lilia:
1954 5603 2137 5674 regunt

2258 4550 2657 4627 nominenotus,
2681 4550 2859 4604 Caroli
2882 4552 2947 4605 Μ.
2984 4555 3315 4627 venationem
3336 4554 3673 4623 describens,
3696 4558 3827 4627 ejus-

2254 4624 2375 4678 dem
2407 4623 2546 4690 regis
2575 4621 2712 4676 tilias
2738 4636 2964 4675 coronas
2993 4624 3043 4674 in
3072 4624 3242 4689 capite
3267 4634 3505 4690 gestasse
3525 4621 3734 4681 scribit:

2324 4690 2351 4730 τι
2376 4691 2468 4767 _Sic
2500 4692 2686 4767 Regm.
2735 4691 2843 4746 Nec
2866 4693 3009 4746 aliud
3041 4693 3249 4745 volebat
3276 4694 3651 4767 Cblodoveus,
3677 4713 3827 4767 quam

2254 4763 2657 4826 Fredeaundem
2715 4777 2999 4817 novercam
3053 4777 3083 4816 e
3136 4776 3298 4829 regno
3345 4766 3543 4829 pellere
3601 4763 3827 4832 :sicque

2249 4834 2360 4903 jam
2413 4832 2997 4903 interfectisilratribus
3036 4832 3167 4895 suis,
3209 4833 3596 4903 ‘Tlr-udeberto
3638 4853 3690 4892 et
3719 4841 3825 4892 Mec

2258 4918 2440 4965 roveo.
2472 4918 2692 4971 regnum
2717 4902 2904 4965 fuisset
2931 4904 3176 4971 adeptus.
3205 4900 3344 4956 Editi
3369 4920 3497 4959 vero
3521 4922 3644 4962 eum
3679 4909 3818 4962 Becc.

2254 4972 2454 5046 hab-uit
2504 4976 2780 5046 interfectis
2818 4974 3062 5042 fratribus
3106 4982 3152 5026 et
3204 4985 3391 5039 μεῖνε,-
3430 4978 3581 5043 quasi
3630 4992 3818 5046 patrem

2250 5059 2405 5097 suum
2439 5042 2739 5113 interfit-ere
2777 5046 3080 5111 cogitasset,
3129 5047 3277 5113 quod
3306 5042 3493 5109 parum
3543 5042 3826 5105 verisimite

2250 5125 2348 5166 est.
2386 5114 2440 5168 Si
2463 5113 2605 5168 enim
2660 5110 2990 5184 Cltilpericus
3036 5110 3218 5167 fuisset
3268 5112 3641 5184 interemptus,
3672 5120 3818 5171 (into.

2249 5185 2449 5237 duveus
2483 5186 2675 5236 frustra
2702 5183 2769 5236 de
2809 5183 3155 5253 Fredegunde
3182 5184 3424 5250 pellenda
3453 5183 3822 5250 deliberasset,

2248 5268 2368 5327 cum
2395 5253 2504 5321 jam
2548 5254 2660 5327 ipse
2692 5253 2876 5308 fuisset
2918 5256 3151 5308 onmium
3182 5254 3451 5320 dominus,
3476 5271 3702 5327 eamque
3728 5269 3817 5326 pro

2250 5324 2406 5377 libit‘u
2424 5324 2733 5393 pepulisset.

2323 5402 2346 5430 ο
2376 5392 2586 5466 Regm_.,
2618 5407 2815 5461 semper
2853 5392 2989 5445 idem
3035 5395 3086 5447 in
3138 5394 3399 5462 superbia,
3451 5397 3637 5466 plenus
3683 5396 3814 5450 omni

2250 5465 2495 5527 nequitia.
2527 5463 2574 5515 Ν
2582 5481 2681 5517 ant.

2255 5608 2288 5656 Α
2324 5532 2342 5570 ί
2372 5531 2736 5656 Εόὶιεϐιιεειιη
2772 5534 3073 5589 emendavit.
3130 5532 3418 5604 Gregorius
3474 5539 3677 5609 quippe
3708 5544 3819 5589 erat

2255 5618 2450 5656 .rvern
2524 5641 2543 5656 .

2247 5616 2543 5658 arvernus.
