3994 6194
120 286 219 339 3‘39

1039 282 1358 340 HISTORIA
1396 278 1839 339 FRANCORUM.
1879 281 2085 343 LlBER
2122 283 2416 342 SEXTUS.

3252 287 3356 341 I70

118 399 270 452 adhuc
295 396 635 466 despiceret,
673 410 773 451 nec
799 396 865 451 ad
896 396 1268 452 salutationem
1294 411 1465 452 meam
1485 438 1499 461 ,
1528 396 1669 452 sicut
1696 396 1745 455 Α
1772 406 1915 453 mota
1950 406 2126 453 autem
2157 399 2361 470 regina,
2390 397 2532 467 quod
2561 396 2767 454 scilicet
2794 397 2945 454 locus
2977 399 3088 454 Deo
3113 409 3357 455 sacratus

119 487 285 554 reliqui
312 487 457 542 cives
490 486 763 550 fecerant,
796 486 1092 549 adveniret,
1125 486 1218 541 sed
1262 487 1430 556 magis
1471 501 1556 540 me
1597 487 1676 540 in-

118 581 334 635 terlicere
358 580 721 647 minitaretur,
748 594 870 634 cum
898 579 1125 633 consilio
1148 577 1674 647 comprovincialium

118 686 224 725 eum
258 670 306 725 in
354 672 743 727 monasterium
791 672 1059 727 removeri
1112 671 1381 740 praecipio.
1435 672 1677 740 Cumque

117 761 290 816 ibidem
312 764 514 818 arctius
542 763 976 830 distringeretur.
1004 761 1457 815 intercedentibus
1482 760 1675 815 Felicis

115 850 323 919 episcOpi
352 853 551 918 missis,
585 853 676 922 qui
706 861 1016 907 memoratae
1041 867 1216 906 causa:
1248 852 1424 905 fautor
1451 853 1675 907 exstite-

114 952 205 1006 rat,
242 944 606 1007 circumvento
637 944 888 1013 perjuriis
932 944 1155 1005 abbate,
1201 941 1319 1011 fuga
1348 941 1593 1006 elabitur,
1621 950 1676 996 et

113 1047 265 1099 usque
307 1035 372 1088 ad
422 1034 659 1089 Felicem
705 1033 914 1088 accedit
958 1034 1267 1101 episcopum
1315 1046 1544 1100 eumque
1586 1030 1675 1086 ille

107 1121 389 1176 ambienter
427 1122 677 1203 colligit,
707 1136 865 1191 quem
896 1121 1164 1176 exsecrari
1210 1119 1485 1175 debuerat.
1530 1119 1673 1179 Leu-

107 1212 277 1266 dastes
300 1228 423 1267 vero
450 1214 505 1267 in
540 1213 834 1272 Bituricum
877 1226 1124 1281 pergens,
1177 1226 1365 1265 omnes
1397 1211 1674 1265 thesauros

104 1318 234 1371 quos
273 1304 336 1358 de
361 1303 551 1372 spoliis
600 1318 895 1372 pauperum
935 1303 1270 1364 detraxerat,
1305 1316 1487 1356 secum
1530 1300 1669 1355 tulit.

102 1392 207 1448 Nec
233 1395 389 1455 multo
418 1405 541 1464 post
570 1394 897 1453 irruentibus
927 1393 1177 1451 Bituricis
1214 1407 1335 1447 cum
1361 1391 1541 1461 judice
1568 1392 1691 1457 loci,

100 1499 253 1553 super
278 1500 417 1550 eum,
456 1500 620 1541 omne
645 1501 834 1542 aurum
866 1495 1272 1556 argentumque,
1305 1486 1386 1540 vel
1419 1486 1558 1557 quod
1588 1500 1673 1541 se-

97 1592 215 1635 cum
243 1576 904 1646 detulerat,abstu.’erunt,
953 1577 1087 1631 nihil
1117 1577 1167 1631 ei
1199 1577 1298 1631 nisi
1327 1576 1465 1646 quod
1510 1592 1673 1646 super

96 1681 152 1721 se
189 1668 360 1721 habuit
389 1668 773 1736 relinquentes,
804 1670 1081 1737 ipsamque
1108 1667 1455 1721 abstulissent
1482 1666 1667 1735 vitam,

1778 487 1956 542 taliter
1982 488 2328 557 pollueretur,
2355 488 2513 557 jussit
2540 504 2661 543 eum
2689 504 2718 542 a
2747 489 2964 543 basilica
3008 491 3179 544 sancti
3207 490 3355 559 ejici.

1777 578 1879 646 Qui
1907 580 2132 648 ejectus,
2176 580 2239 635 ad
2284 581 2520 649 hospites
2566 594 2693 635 suos
2724 580 2915 634 iterum
2963 581 3017 634 in
3064 580 3355 637 Bituricum

1775 671 1997 739 expetit,
2029 674 2321 741 deprecans
2348 684 2407 724 se
2443 669 2613 725 occuli
2643 669 2710 723 ab
2736 669 2818 726 eis
2841 667 2890 722 δ.
3396 680 3399 681 ⁷

1847 764 1933 819 LI.
1990 765 2056 819 Et
2082 765 2208 820 licet
2233 764 2300 819 de
2329 763 2471 819 beati
2525 763 2689 819 Salvii
2736 761 2970 833 episcopi
3002 761 3356 818 collocatione

1776 856 2022 926 superius
2054 855 2223 926 (Cap.
2260 854 2363 926 45)
2418 870 2721 909 memorare
2765 855 3074 917 debueram,
3106 852 3199 907 sed
3230 852 3354 919 quia

1778 955 1960 1001 mente
2009 948 2261 1015 excessit,
2289 959 2411 1001 esse
2436 945 2752 1014 sacrilegum
2800 959 2908 999 non
2944 943 3196 1004 arbitror,
3220 942 3267 995 si
3294 941 3350 994 in

1776 1045 2047 1106 posterum
2090 1036 2377 1092 scribatur.
2437 1034 2601 1103 igitur
2627 1050 2747 1088 cum
2780 1049 2893 1088 vale
2926 1040 3047 1101 post
3089 1031 3353 1103 synodum

1776 1134 2124 1181 memoratam
2156 1128 2266 1195 regi
2312 1125 2421 1196 jam
2444 1125 2587 1179 dicto
2610 1167 2626 1192 ,
2658 1124 2723 1177 ad
2758 1122 2966 1193 propria
2996 1123 3171 1178 redire
3195 1123 3358 1178 velle-

1776 1232 1919 1283 mus,
1944 1234 2050 1272 non
2073 1225 2197 1272 ante
2242 1216 2518 1272 discedere
2559 1216 2773 1286 placuit,
2797 1216 2897 1270 nisi
2924 1216 3062 1269 hunc
3088 1215 3259 1269 virum
3290 1213 3355 1266 li-

1776 1316 1923 1371 batis.
1956 1317 2153 1372 osculis
2181 1316 2562 1386 linqueremns.
2605 1315 2772 1380 Quem
2799 1314 3078 1382 quresitum
3121 1312 3175 1365 in
3218 1310 3355 1365 atrio

1778 1409 2159 1463 Brinnacensis
2190 1407 2383 1461 domus
2404 1406 2599 1475 reperi.
2634 1405 2733 1459 Cui
2759 1404 2889 1468 dixi,
2917 1403 3041 1472 quia
3075 1406 3186 1471 jam
3207 1417 3355 1455 eram

1777 1499 1845 1554 ad
1886 1500 2098 1569 propria
2145 1497 2453 1559 rediturus.
2482 1497 2635 1553 Tunc
2661 1495 2853 1551 remOti
2904 1492 3199 1562 paululum,
3228 1491 3357 1548 dum

1780 1589 1904 1645 hinc
1924 1590 2047 1644 inde
2077 1589 2581 1654 sermocinaremur,
2612 1588 2685 1640 ait
2724 1585 2855 1640 inihi
2889 1602 2902 1638 :
2936 1583 3169 1639 Videsne
3196 1598 3358 1652 super

1780 1681 1881 1738 hoc
1905 1690 2099 1737 tectum
2122 1698 2240 1751 qua:
2270 1696 2371 1751 ego
2394 1679 2673 1749 suspicio?
2707 1679 2807 1734 Cui
2844 1693 2943 1748 ego
2974 1695 2985 1730 :
3023 1676 3186 1731 Video
3213 1677 3357 1732 enim

96 1756 201 1809 nisi
229 1755 342 1825 luga
372 1758 565 1814 fuisset
602 1758 838 1827 elapsus.
886 1757 1195 1826 Resumptis
1223 1756 1416 1813 dehinc
1444 1757 1666 1823 viribus,

1783 1775 2195 1842 supertegulum,
2219 1772 2361 1842 quod
2385 1786 2555 1841 nuper
2570 1785 2662 1826 rex
2684 1769 2808 1839 poni
2832 1770 3104 1838 praecepit.
3136 1769 3200 1822 Et
3221 1767 3312 1823 ille
3340 1786 3355 1822 :

96 1862 215 1901 cum
242 1847 508 1918 aliquibus
546 1849 829 1905 Turonicis
858 1850 1053 1906 iterum
1089 1848 1243 1904 irruit
1276 1864 1438 1918 super
1466 1850 1677 1919 prado-

92 1956 191 1993 nes
214 1955 334 1998 suos
360 1960 373 1995 :
404 1941 795 2012 interiectuque
838 1957 984 2009 uno,
1017 1942 1191 2012 aliqua
1242 1940 1309 1998 de
1356 1944 1515 1998 rebus
1545 1942 1676 2011 ipsis

93 2033 320 2101 recepit,
369 2045 423 2087 et
473 2033 529 2087 iu
568 2035 891 2090 Turonicum
931 2034 1237 2090 revertitur.
1282 2034 1516 2089 Audiens
1564 2036 1676 2092 haec

96 2121 332 2177 llerulfus
360 2126 467 2179 dux
487 2168 503 2191 ,
556 2125 705 2183 misit
740 2139 936 2194 pueros
960 2140 1086 2183 suos
1123 2139 1543 2181 cumarmorum
1575 2141 1674 2195 ap-

94 2226 275 2281 paratu
317 2215 382 2271 ad
411 2217 974 2285 comprehendendum
1003 2231 1148 2272 eum.
1181 2216 1273 2271 Ille
1293 2232 1420 2272 vero
1448 2231 1673 2273 cernens

94 2324 142 2357 se
156 2308 264 2375 jam
282 2309 501 2376 jamque
520 2312 663 2378 capi,
695 2308 895 2365 relictis
915 2309 1097 2372 rebus,
1117 2308 1384 2362 basilicam
1403 2312 1571 2363 sancti
1592 2309 1671 2363 Hi-

94 2399 198 2453 [Arii
223 2402 557 2457 t’ictavensis
575 2402 819 2470 expetiit.
843 2401 1086 2456 Berullus
1108 2415 1236 2463 vero
1252 2402 1354 2456 dux
1375 2415 1464 2455 res
1487 2412 1672 2467 captas

94 2490 195 2557 regi
245 2492 560 2546 transmisit.
595 2490 888 2550 Leudastes
926 2492 1069 2547 enim
1098 2491 1472 2560 egrediebatur
1509 2491 1674 2561 268

91 2578 152 2631 de
182 2582 426 2647 basilica,
459 2594 513 2638 et
543 2582 751 2638 irruens
776 2583 829 2637 in
858 2583 1049 2638 domos
1074 2583 1434 2646 diversorum,
1467 2584 1671 2650 prmdas

92 2669 328 2736 publicas
356 2672 664 2728 exercebat.
707 2672 814 2727 Sed
858 2673 994 2728 etin
1043 2673 1318 2727 adulteriis
1355 2688 1498 2741 saepe
1537 2670 1672 2726 infra

90 2763 253 2829 ipsam
300 2777 542 2825 sanetam
591 2766 852 2835 porticum
891 2776 918 2805 ⁸
948 2767 1318 2836 deprehensus
1360 2777 1462 2822 est.
1514 2767 1676 2823 Com-

1777 1866 1958 1931 Aliud,
1989 1866 2175 1935 inquit,
2203 1877 2310 1919 non
2355 1862 2582 1932 aspicis?
2609 1861 2707 1917 Cui
2740 1875 2839 1930 ego
2870 1877 2885 1913 :
2916 1860 3053 1914 Nihil
3086 1858 3251 1924 aliud,
3277 1859 3358 1912 in-

1779 1975 1959 2029 quam,
1996 1958 2173 2014 video.
2222 1956 2715 2027 Suspicabarenim
2746 1955 2888 2024 quod
2925 1953 3123 2024 aliquid
3149 1952 3358 2022 jocula-

1777 2050 1910 2105 riter
1932 2050 2258 2118 loqueretur.
2286 2049 2350 2102 Et
2370 2048 2539 2117 adjeci
2564 2063 2577 2097 :
2602 2047 2659 2102 Si
2681 2057 2735 2101 tu
2756 2046 2953 2116 aliquid
2975 2046 3143 2115 magis
3155 2046 3359 2111 cernis,

1779 2156 1994 2198 enarra.
2020 2139 2202 2195 Atille
2230 2139 2334 2193 alta
2365 2140 2581 2193 trahens
2628 2137 2882 2205 suspiria,
2912 2138 2987 2192 ait
3016 2154 3028 2190 :
3060 2135 3229 2192 Video
3253 2149 3355 2204 ego

1778 2216 2118 2301 eva‘ginatum
2158 2231 2253 2285 irae
2290 2230 2486 2285 divinae
2524 2229 2753 2298 gladium
2782 2244 2944 2291 super
2971 2228 3187 2283 domum
3217 2226 3359 2283 hanc

1778 2323 2192 2393 dependentem.
2222 2322 2601 2379 Verumtamen
2656 2337 2759 2376 non
2790 2319 2974 2376 fefellit
2996 2320 3157 2375 dictio
3177 2333 3361 2376 sacer-

1779 2417 1979 2481 dotem;
2008 2430 2132 2470 nam
2173 2422 2295 2484 post
2339 2414 2457 2469 dies
2488 2413 2673 2483 viginti
2704 2453 2719 2479 ,
2750 2413 2856 2468 duo
2904 2412 2996 2467 lilii
3027 2412 3187 2483 regis,
3219 2426 3360 2481 quos

1779 2510 2025 2577 superius
2055 2509 2212 2580 (Cap.
2236 2508 2333 2577 35)
2369 2518 2609 2563 mortuos
2647 2507 2989 2575 scripsimus,
3019 2506 3286 2562 obierunt.

1854 2642 2152 2711 Explicitus
2180 2649 2263 2698 est
2291 2642 2424 2698 liber
2450 2639 2685 2712 quintus,
2703 2639 2885 2696 ﬁnitus
2917 2638 2971 2694 in
3011 2650 3153 2694 anno
3173 2635 3364 2708 quinto

1782 2730 2109 2789 Childeberti
2140 2736 2299 2805 regis.
2320 2794 2325 2797 τ

100 2902 3361 2942 Μ

468 3020 861 3109 269-270.
887 3021 1504 3105 INCIPIUNT
1558 3017 2149 3107 CAPITULA
2202 3020 2516 3106 LIBRI
2592 3017 3003 3103 SEXTI-

476 3178 706 3256 Incipit
748 3178 911 3238 liber
954 3184 1176 3240 sextus
1206 3224 1224 3256 ,
1268 3178 1606 3239 inchoatus
1653 3179 1735 3241 ab
1778 3194 1952 3241 anno
2017 3186 2200 3240 sexto
2242 3177 2529 3258 ejusdem
2570 3170 2980 3241 Childeberti.

90 3305 135 3359 1.
181 3302 339 3371 Quod
378 3298 735 3372 Childebcrlus
764 3299 832 3353 atl
858 3298 1200 3372 Chilpericum
1232 3299 1478 3372 transiit;
1508 3305 1558 3352 et
1585 3298 1650 3353 tle
1675 3302 1800 3372 fuga
1844 3296 2161 3361 Mummoli.

92 3372 168 3428 ll.
206 3370 294 3426 De
326 3372 509 3440 legatis
540 3371 815 3440 Cnilperici
841 3372 902 3425 ab
933 3370 1142 3425 Oriente
1172 3371 1407 3424 reversis.

92 3444 205 3499 111.
251 3441 335 3495 De
365 3439 546 3514 legatis
576 3439 888 3495 Childeberti
916 3443 996 3514 ad_
1010 3442 1380 3514 Chilpericum.

93 3515 193 3568 1V.
236 3510 480 3584 Quot-ter
509 3510 684 3584 Lupus
711 3527 752 3584 a_
774 3527 929 3583 regno
957 3510 1269 3567 Childeberti
1298 3514 1505 3584 fugatus
1534 3519 1630 3564 est.

99 3589 155 3640 1⁷.
200 3583 484 3637 Attermtio
512 3598 626 3634 cum
646 3580 853 3637 Judwo'.

101 3656 193 3708 1⁷1.
239 3654 327 3707 De
352 3663 525 3706 sancto
554 3652 788 3709 Hospitio
816 3653 1068 3714 reclauso,
1102 3664 1147 3706 et
1173 3652 1484 3719 abstinentia
1524 3651 1601 3705 vel
1631 3647 1892 3704 miraculis
1921 3650 2052 3718 ejus.

96 3725 229 3779 1⁷11.
275 3724 357 3777 De
385 3723 603 3776 transitu
638 3720 871 3776 Ferreoli
904 3723 1171 3777 licerensis
1193 3724 1438 3789 episcopi.

96 3796 237 3850 ΠΗ
253 3836 269 3848 .
318 3795 391 3847 De
424 3793 680 3864 Epatcltio
708 3795 943 3853 reclauso
974 3792 1341 3861 Egolismeusis
1368 3792 1525 3846 urbis.

92 3868 197 3922 IX.
241 3867 322 3920 De
354 3864 609 3917 Domnulo
635 3864 1081 3919 Cenomannorum
1120 3866 1378 3931 episcapo.

90 3941 163 3993 Χ.
206 3938 283 3992 De
316 3936 525 3988 basilica
552 3938 717 3989 sancti
752 3933 962 3988 Martini
988 3934 1220 4000 effracta.

91 4011 136 4064 Χ
147 4008 200 4061 1.
242 4006 326 4061 De
352 4005 619 4059 Theodoro
645 4009 905 4075 episcopo.
937 4014 982 4057 et
1014 4004 1290 4074 Dynamio.

92 4080 140 4133 Χ
150 4078 209 4132 11
219 4116 235 4131 .
280 4076 358 4130 De
384 4076 609 4130 exercitu
638 4088 814 4131 contra
844 4075 1100 4129 Bituricas
1130 4083 1404 4129 commoto.

94 4150 139 4205 Χ
152 4146 269 4203 111.
312 4149 375 4201 de
404 4146 551 4215 Lupo
578 4156 625 4200 et
654 4148 919 4200 Ambrosio
947 4144 1212 4198 Turoniris
1243 4143 1432 4197 civibus
1461 4139 1763 4210 interfectis.

94 4221 178 4275 .lt'l
194 4219 253 4270 γ.
300 4218 374 4269 De
399 4219 645 4287 portentis
672 4233 787 4287 quae
815 4224 1184 4286 apparuerunt.

92 4292 135 4345 Χ
157 4291 223 4343 ι’.
266 4287 347 4341 De
374 4290 513 4341 obitu
544 4286 734 4341 Felicis
762 4287 1007 4357 rpisCOpi.

94 4362 143 4414 ,ἲ
162 4370 193 4411 ν
212 4360 259 4413 1.
294 4360 445 4421 Quod
476 4355 809 4424 Pappolenus
837 4374 1049 4411 uxorem
1075 4371 1222 4411 suam
1245 4355 1454 4425 recepit.

92 4432 141 4485 Χ
163 4429 293 4484 1⁸11.
344 4429 417 4481 De
437 4423 635 4483 Iudaeis
661 4447 749 4498 per
780 4428 1125 4498 Chilpericum
1151 4442 1318 4495 regem
1347 4423 1623 4498 conversis.

91 4502 143 4555 Χ
157 4501 265 4555 Vll
281 4499 331 4554 1.
372 4501 448 4554 De
477 4496 954 4567 legatis'CItilperici
980 4499 1041 4552 ab
1073 4496 1331 4565 Hispania
1360 4497 1590 4567 reversis.

92 4572 259 4626 XIX.
308 4571 383 4625 De
413 4566 700 4624 hominibus
729 4569 1005 4629 Chilperici
1033 4568 1174 4638 apud
1207 4568 1416 4623 Urbiant
1438 4566 1671 4635 ﬂuvium.

96 4643 225 4695 XX.
270 4642 349 4694 De
376 4643 515 4695 obitu
544 4640 790 4695 Chrodini
820 4640 983 4692 ducis.

98 4712 147 4765 Χ
158 4712 262 4766 XI.
309 4712 385 4765 De
408 4713 568 4780 signis
594 4712 829 4765 ostensis.

96 4783 147 4836 Χ
163 4783 237 4836 XI
246 4783 295 4837 1.
344 4782 415 4834 De
445 4782 711 4837 Cartherio
740 4784 997 4849 episcopo.

98 4851 334 4907 XXIII.
375 4854 522 4918 Quod
555 4852 840 4918 Chilperico
864 4853 970 4917 regi
1000 4850 1140 4919 ﬁlius
1170 4858 1318 4901 natus
1348 4857 1441 4919 est.

98 4924 241 4977 ΧΧΙ
255 4924 322 4977 l’.
369 4914 441 4976 De
464 4914 946 4977 insidiis'Theodori
973 4914 1214 4989 episcopi,
1244 4929 1289 4971 et
1313 4918 1377 4970 de
1401 4914 1765 4989 Gun‘dovaltlo.

100 4994 285 5047 XXV.
324 4994 397 5063 De
419 4995 581 5063 signis
610 5003 658 5045 et
691 4992 943 5063 prodigiis
972 4986 1108 5044 circa
1139 4986 1197 5063 ea
1229 5001 1454 5063 tempora
1481 4986 1619 5041 risit.

97 5064 324 5118 XXVI.
366 5062 441 5117 De
463 5059 823 5119 Gunthramno
847 5059 1007 5125 duce,
1057 5070 1104 5115 et
1133 5059 1438 5113 Mummolo.

96 5135 145 5187 Χ
160 5134 203 5186 ,1⁷
220 5136 293 5188 Vl
308 5132 366 5204 I.
399 5134 545 5199 Quod
574 5135 895 5204 Chilpericus
921 5148 1012 5204 rex
1039 5140 1113 5185 cst
1138 5129 1367 5185 Parisios
1398 5131 1675 5196 ingressus.

94 5205 202 5257 XX
220 5203 388 5258 VIII.
435 5205 509 5259 De
532 5202 709 5259 Marco
735 5202 1108 5273 referendario.

94 5248 1335 5341 -be-pueilisvmop'asterii~l5ictavensis,
1367 5283 1483 5336 seu,
1513 5267 1585 5320 De
1612 5267 1881 5321 virtutibus
1908 5282 2022 5337 qua:
2048 5266 2100 5320 in
2123 5259 2433 5317 monasterio
2457 5257 2659 5311 domum
2692 5248 3021 5322 Radeguttilis
3043 5255 3201 5324 facta
3225 5258 3368 5307 sunt.

90 5344 283 5400 XXX.
333 5346 403 5398 De
429 5344 567 5400 obitu
594 5344 784 5399 Tiberii
812 5344 1153 5413 imperatoris.

94 5392 1330 5483 1,ἁὸενῆιῖἇιῖίῖἇξιὶῖεξ’ξᾶέένάιὶλῤεὶεαε
1358 5424 1448 5464 rex
1473 5409 1522 5461 in
1551 5408 1835 5462 civitatibus
1859 5408 2036 5477 fratris
2065 5407 2144 5461 sui
2172 5401 2283 5472 ﬁeri
2304 5401 2485 5472 jussit,
2516 5396 2595 5451 vel
2626 5396 2735 5465 ipse
2765 5392 2882 5463 fecit

94 5484 148 5541 Χ
154 5487 203 5541 Χ
212 5487 262 5541 Χ
270 5487 297 5540 1
306 5485 355 5540 Ι.
397 5486 472 5540 De
501 5489 708 5541 interitu
737 5484 1030 5539 Lendnstis.

94 5556 147 5611 Χ
154 5557 202 5611 Χ
210 5558 256 5612 Χ
270 5555 391 5612 111.
432 5558 510 5613 De
537 5559 768 5619 locustis.
799 5555 987 5608 morbis
1004 5598 1021 5617 ,
1048 5552 1415 5622 prodigiisque.

169 5686 201 5714 ⁸
224 5677 441 5746 Regm.,
473 5675 525 5727 in
547 5674 663 5743 ipsa
690 5670 899 5746 basilica
917 5678 1031 5746 ante
1057 5670 1325 5746 porticum.

170 5748 201 5786 ι
226 5721 857 5816 adiiXDiiéif'riubne
887 5721 1079 5799 inrisere
1108 5738 1348 5809 perierit,
1396 5731 1515 5790 vide
1546 5732 1681 5789 libro
1711 5746 1850 5802 δρψ,
1881 5740 2004 5797 cap.
2039 5721 2129 5777 52.
