3942 6190
598 319 696 378 571

1622 316 1679 373 S.
1725 315 2053 372 GllEGORII
2093 312 2399 370 EPISCOPI
2438 309 2869 370 TURONENSES
3148 348 3153 349 ν
3728 297 3815 355 δ’ῗὲ

596 436 650 493 Χ
650 432 699 487 Χ
705 431 754 487 Χ
762 432 786 486 1
798 431 860 487 V.
904 430 982 485 De
1010 431 1148 485 obitu
1174 430 1272 498 ﬁlii
1300 428 1589 498 Chilperici,
1614 443 1760 496 quem
1785 427 2155 481 Tlteodoricum
2178 426 2392 480 vocavit.

593 505 644 560 Χ
650 504 698 557 Χ
703 504 749 557 Χ
771 503 829 557 V.
870 502 947 555 De
974 496 1185 555 interitu
1207 496 1480 553 Mumntoli
1505 498 1753 567 prtcfecti,
1785 509 1831 550 et
1861 498 2160 550 mulieribus
2188 496 2486 562 interfectis.

595 573 701 631 ΧΧ
705 573 751 627 Χ
767 573 838 624 VI
847 610 861 625 .
905 571 984 625 De
1013 569 1254 624 Etherio
1281 566 1539 638 episcopo.
1564 579 1607 620 et
1633 566 1897 638 deAclerici
1919 568 2185 636 cujusdam
2216 567 2447 635 libidine.

592 640 892 699 XXXVII.
939 640 1015 693 De
1040 656 1161 694 nece
1192 640 1432 708 Lttpentii
1453 635 1647 691 abbatis
1678 635 2013 690 Gaballitani.

574 712 750 769 ’ΧΧΧ
763 709 929 765 VIII.
973 709 1049 765 De
1074 711 1216 764 obitu
1243 709 1517 778 Theodosii
1539 708 1783 776 episcopi,
1811 718 1857 761 et
1885 722 2171 762 successore
2196 710 2327 778 ejus.
2355 777 2379 778 η
2517 774 2553 778 __
2624 732 2627 735 λ

590 780 860 858 ἔζΧζΧ.
900 781 981 858 _De
1009 781 1147 858 obitu
1170 779 1389 849 Remigii
1411 773 1946 858 BlimingttmeplSCOpi
1969 788 2058 843 ;‘et
2089 779 2153 831 de
2180 773 2417 831 incendio
2446 774 2605 839 urbis,
2637 784 2682 829 et
2712 776 3035 847 successione
3065 773 3314 846 Sulpicii.

590 852 643 907 Χ
649 851 711 905 L.
754 852 832 907 De
858 849 1191 905 altercatione
1218 861 1394 903 nostra
1422 864 1535 901 cum
1565 849 1824 900 Itazretico.

593 920 749 977 XLI.

593 990 782 1046 XLII.

591 1060 811 1131 μω.
855 1061 935 1131 pe
958 1060 1352 1114 Galliciensibus
1376 1059 1600 1131 regibus.

589 1129 795 1187 XLIV.
842 1129 921 1183 De
943 1131 1155 1184 diuersis
1197 1131 1375 1197 signis.

590 1199 760 1256 XLV.
806 1199 883 1255 De
906 1202 1097 1264 nuptiis
1128 1196 1399 1267 Ilii/unum:
1421 1199 1543 1266 ﬁlia:
1571 1196 1885 1267 Chilperici-

590 1269 637 1325 Χ
646 1271 688 1325 ι
700 1269 797 1326 γι.
837 1271 915 1325 De
940 1271 1147 1337 interitu
1171 1268 1446 1339 Chilperici
1471 1270 1621 1337 regis.

829 991 979 1059 Quod
1004 987 1359 1044 Childebertus
1384 991 1437 1041 in
1464 988 1674 1041 Italiam
1696 987 1842 1040 abiit.

794 922 944 987 Quod
969 920 1283 991 Chilpericus
1310 935 1402 972 rex
1425 934 1539 991 cum
1561 916 1813 991 thesauris
1841 916 1951 973 suis
1975 916 2027 969 in
2051 917 2467 973 Camaracensem
2492 915 2638 969 abiit.

590 1427 3833 1455 _______________________________.__.__________________.

1577 1562 2057 1671 LIBER
2137 1556 2815 1680 SEXTUS;
2881 1672 2885 1675 _

668 1797 829 1869 271
858 1796 901 1851 1.
934 1796 1088 1851 Anno
1109 1793 1271 1861 igitur
1294 1800 1453 1848 serto
1475 1790 1621 1862 regni
1646 1791 1728 1845 sui
1754 1831 1766 1853 ,
1795 1788 2170 1845 Childebertus
2199 1786 2247 1843 A
2275 1780 2654 1838 nobilitandam
2688 1783 2847 1854 273
2878 1781 3206 1840 Francorum
3236 1796 3450 1857 gentem
3495 1789 3615 1844 ieci.
3658 1789 3754 1845 Sed
3783 1799 3841 1845 et

590 1904 684 1944 rex
712 1929 727 1954 ,
774 1887 972 1957 reiecta
1004 1899 1134 1952 pace
1162 1883 1550 1939 Guntchramni
1583 1881 1759 1949 regis,
1793 1894 1916 1933 cum
1946 1878 2169 1946 Chilpe-

597 1982 711 2037 rico
737 1980 1059 2050 coniunctus
1087 1986 1188 2034 est.
1233 1978 1348 2032 Non
1384 1986 1503 2045 post
1531 1976 1751 2030 multum
1779 1985 1988 2041 tempus
2018 1971 2169 2040 Gogo

589 2070 816 2133 moritur
842 2080 869 2108 ⁸
896 2111 912 2136 ,
943 2071 995 2125 in
1018 2071 1170 2137 cujus
1214 2069 1388 2123 locum
1420 2067 1772 2122 Wandelinus
1829 2066 2165 2131 subrogatur.

588 2159 903 2216 Mummolus
932 2174 964 2211 a
1008 2173 1175 2227 regno
1226 2157 1614 2212 Guntchramni
1657 2155 1777 2223 fuga
1810 2152 2083 2219 dilabitur,
2115 2160 2171 2205 et

588 2264 651 2305 se
697 2250 835 2303 infra
866 2262 1138 2303 murorum
1192 2246 1590 2301 Avennicorum
1642 2244 1995 2298 munitionem
2040 2255 2168 2294 con-

591 2339 778 2395 cludit.
811 2338 967 2405 Apud
1012 2337 1327 2407 Lugdunum
1368 2342 1605 2407 synodus
1630 2338 2003 2405 episcoporum
2033 2349 2167 2389 con-

591 2431 833 2502 iungitur
864 2428 915 2497 δ,
942 2429 1275 2484 diversarum
1305 2444 1585 2484 causarum
1617 2428 1998 2483 altercationes
2029 2426 2166 2480 inci-

593 2522 752 2587 dens,
801 2521 1321 2592 negligentioresque
1360 2519 1558 2588 judicio
1605 2520 1885 2574 damnans.
1920 2516 2182 2589 Synodus'

586 2614 654 2668 ad
683 2628 869 2684 regem
898 2621 1216 2679 revertitur,
1247 2612 1414 2667 multa
1437 2613 1504 2667 de
1528 2612 1646 2683 luga
1678 2610 1954 2667 Mummoli
1978 2610 2163 2675 ducis,

593 2703 845 2758 nonnulla
877 2703 943 2758 de
971 2702 1254 2758 discordiis
1287 2711 1538 2757 tractans.
1754 2690 1763 2695 ’

664 2795 729 2849 ll.
754 2795 961 2851 Interea
992 2796 1151 2866 legati
1191 2796 1475 2867 Chilperici
1508 2796 1688 2865 regis,
1721 2796 1811 2866 qui
1854 2803 1978 2851 ante
2008 2796 2166 2850 trien-

588 2887 735 2942 nium
787 2887 855 2942 ad
910 2888 1180 2943 Tiberium
1222 2889 1598 2957 imperatorem
1629 2887 1894 2953 abierant,
1930 2887 2159 2956 regressi

583 2987 824 3033 suntnon
838 2979 952 3034 sine
963 2980 1487 3048 gravidamnoatque
1513 2978 2020 3050 labore.272Nam
2039 2994 2160 3033 cum

582 3071 964 3126 Massiliensem
991 3083 1202 3141 portum
1232 3083 1451 3142 propter
1481 3088 1664 3142 regum
1691 3072 1986 3127 discordias
2013 3072 2181 3128 adire-

2276 1876 2508 1946 plurima
2534 1876 2729 1940 adhuc,
2763 1878 2810 1931 si
2841 1879 2946 1931 vita
2976 1892 3156 1933 comes
3188 1880 3370 1947 luerit,
3398 1882 3611 1936 faciam.
3640 1881 3837 1937 Aureus

2276 1967 2437 2020 etiam
2469 1967 2799 2036 singularum
2830 1966 3088 2023 librarum
3114 1970 3374 2037 pondere,
3397 1987 3533 2041 quos
3561 1972 3841 2041 imperator

2280 2059 2424 2112 misit
2453 2098 2468 2122 ,
2501 2058 2735 2113 ostendit
2766 2100 2781 2124 ,
2814 2058 3074 2113 habentes
3104 2060 3171 2114 ab
3200 2077 3300 2115 una
3333 2071 3482 2129 parte
3512 2064 3714 2118 leonem
3744 2066 3833 2117 im—

2272 2148 2532 2216 peratoris
2574 2149 2795 2217 pictam,
2842 2161 2895 2204 et
2948 2151 3203 2219 scriptum
3256 2153 3309 2206 in
3336 2154 3579 2209 circulo:
3616 2153 3826 2208 TIBERII.

2271 2242 2653 2296 CONSTANTINI.
2686 2242 2971 2297 Psursrm.
3005 2244 3262 2299 Aucusn.
3300 2246 3382 2300 Ah
3403 2246 3509 2301 alia
3539 2261 3671 2301 vero
3697 2255 3833 2315 parte

2274 2334 2537 2389 habentes
2559 2335 2865 2404 quadrigam
2913 2346 2966 2390 et
3015 2349 3379 2403 ascensorem,
3407 2339 3831 2406 continentesque

2269 2427 2526 2495 scriptum
2558 2444 2572 2480 :
2607 2426 2834 2481 GLORIA.
2869 2426 3231 2483 Romanorum.
3257 2428 3420 2483 Multa
3450 2440 3631 2485 autem
3666 2438 3715 2485 et
3738 2430 3832 2481 alia

2268 2528 2582 2573 ornamenta
2611 2558 2626 2583 ,
2658 2533 2777 2587 quae
2804 2533 2835 2572 a
2868 2518 3052 2587 legatis
3081 2530 3202 2574 sunt
3239 2520 3499 2586 exhibita,
3529 2520 3755 2577 ostendit
3786 2517 3827 2569 τ’.

2338 2606 2425 2661 Ill.
2466 2608 2703 2678 Denique
2729 2623 2849 2663 cum
2880 2609 3019 2672 apud
3048 2611 3288 2666 eamdem
3318 2611 3502 2667 villam
3547 2627 3832 2667 commora-

2266 2708 2435 2764 retur,
2469 2699 2685 2769 Egidius
2706 2698 3022 2756 Rhemensis
3043 2703 3324 2771 episcopus
3339 2719 3459 2760 cum
3478 2707 3666 2769 primis
3689 2703 3830 2759 Chil-

2264 2789 2471 2846 deherti
2504 2791 2808 2857 proceribus
2840 2794 2890 2847 in
2923 2794 3238 2864 legationem
3275 2796 3341 2851 ad
3371 2797 3726 2866 Chilpericum
3757 2814 3833 2853 re-

2262 2898 2383 2953 gem
2414 2886 2588 2949 venit,
2619 2885 2795 2955 ibique
2820 2885 3177 2942 collocutioue
3208 2888 3365 2953 facta,
3389 2899 3446 2942 ut
3471 2890 3649 2945 ablato
3678 2887 3832 2945 Gunt-

2263 2976 2505 3029 chramni
2551 2976 2691 3047 regis
2737 2990 2922 3046 regno,
2968 2976 3020 3029 hi
3051 2992 3110 3032 se
3141 2978 3464 3048 conjungere
3515 2980 3742 3037 debeant
3785 2983 3834 3035 in

2264 3080 2414 3135 pace,
2438 3058 2869 3135 ait-Chilpericus
2897 3083 2988 3123 rex
3016 3086 3029 3121 :
3063 3069 3182 3122 Filii
3212 3069 3343 3125 mihi
3362 3110 3377 3137 ,
3410 3073 3644 3140 peccatis
3672 3072 3834 3128 incre-

585 3164 702 3218 ausi
725 3179 830 3219 ηο..
861 3174 1063 3230 essent,
1091 3165 1310 3233 Agatha:
1335 3175 1358 3203 ο
1385 3166 1590 3232 urbem,
1619 3180 1737 3235 quat
1763 3166 1814 3218 iu
1838 3164 2156 3219 Gotthorum
2190 3164 2237 3225 B
2264 3159 2566 3222 scentihus,
2609 3174 2719 3213 non
2761 3172 3161 3227 remanserunt,
3206 3178 3301 3217 nec
3348 3163 3478 3218 mihi
3521 3180 3662 3220 nunc
3706 3167 3835 3220 alius

582 3268 750 3323 regno
795 3255 897 3330 sita
926 3263 1029 3318 est,
1081 3254 1439 3309 advenerunt.
1487 3255 1594 3310 Sed
1642 3257 1950 3324 priusquam
2004 3254 2158 3309 littus

581 3345 925 3415 attingerent,
953 3346 1109 3400 navis
1140 3356 1256 3401 acta
1287 3358 1467 3414 vento,
1499 3348 1722 3415 impulsa
1758 3350 1915 3403 terris
1944 3348 1996 3402 in
2045 3347 2157 3402 fru-

584 3447 668 3492 sta
696 3438 972 3497 minuitur.
1004 3438 1187 3508 Legati
1212 3455 1340 3494 vero
1370 3455 1492 3495 cum
1526 3441 1705 3509 pueris
1745 3455 1805 3495 se
1837 3441 1891 3494 in
1912 3441 2156 3509 periculo

582 3537 889 3595 cernentes,
910 3531 1140 3599 arreptis
1174 3529 1363 3584 tabulis
1393 3532 1477 3584 vix
1508 3533 1635 3599 ripa:
1665 3532 1819 3586 relati
1852 3540 1996 3596 sunt,
2020 3532 2155 3587 mul-

582 3615 650 3671 tis
689 3632 976 3685 puerorum
1028 3617 1274 3681 amissis;
1327 3619 1422 3674 sed
1478 3621 1687 3687 plurimi
1717 3632 2021 3675 evaserunt.
2051 3621 2155 3676 Res

584 3718 765 3763 autem
808 3723 940 3777 quas
970 3710 1127 3763 undae
1159 3709 1325 3763 littori
1357 3713 1689 3777 invcxeraut,
1723 3712 1912 3767 incola:
1958 3728 2154 3781 rapue-

580 3808 725 3865 runt,
760 3815 825 3855 ex
865 3800 1056 3868 quibus
1102 3802 1243 3870 quod
1292 3802 1484 3856 melius
1535 3801 1632 3857 fuit.
1681 3804 2005 3873 recipientes
2038 3848 2053 3871 ,
2088 3806 2154 3858 ad

579 3890 935 3954 Chilpericum
967 3906 1146 3959 regem
1174 3894 1495 3947 retulerunt.
1527 3894 1686 3947 Multa
1738 3905 1916 3949 tamen
1956 3910 2021 3949 ex
2072 3894 2156 3950 his

573 3982 910 4052 Agathenses
930 4000 1113 4040 secum
1138 3989 1490 4041 retinuerunt.
1506 3987 1656 4042 Tunc
1677 4004 1776 4057 ego
1796 3988 2154 4058 Novigentum

580 4075 762 4131 villam
789 4073 815 4111 ά
840 4075 905 4130 ad
943 4091 1223 4132 occursum
1276 4077 1417 4145 regis
1448 4078 1725 4144 abieram;
1773 4079 1953 4148 ibique
2000 4080 2157 4134 nobis

578 4181 677 4222 rex
710 4166 1016 4223 missorium
1051 4176 1077 4204 θ
1105 4183 1377 4237 magnum,
1399 4169 1543 4237 quod
1570 4183 1633 4222 ex
1668 4184 1799 4223 auro
1826 4171 2158 4238 gemmisque

576 4258 934 4315 fabricaverat
991 4259 1045 4313 in
1088 4260 1473 4328 quinquaginta
1540 4259 1795 4313 librarum
1872 4260 2151 4327 pondere,

577 4350 847 4417 ostendit,
875 4349 1099 4405 dicens:
1148 4350 1256 4419 Ego
1298 4350 1414 4404 haec
1451 4350 1518 4405 ad
1572 4351 1937 4404 exornandam
1996 4360 2155 4419 atque

644 4495 671 4522 ιι
697 4486 747 4539 Is
778 4494 860 4540 est
879 4485 969 4555 qui
1000 4486 1095 4540 lib.
1124 4501 1179 4553 v,
1201 4501 1317 4555 cap.
1350 4484 1419 4538 47
1439 4526 1453 4551 ,
1485 4488 1679 4540 (1ιοί1111⁸
1705 4486 1955 4537 nutritins
1985 4486 2144 4554 regis.

572 4555 639 4609 Et
668 4555 882 4623 quidem
916 4557 1010 4609 lib.
1040 4571 1153 4619 vnr,
1178 4571 1277 4624 cap

570 4624 650 4695 gis
678 4625 876 4679 ohiisse
902 4635 1245 4679 memoratur.
1279 4625 1408 4680 Vide
1450 4638 1505 4679 et
1550 4626 1834 4691 epistolam
1863 4625 2143 4694 Chamingi

566 4694 604 4750 4.‘
652 4695 726 4747 vis
742 4694 806 4747 ad
829 4695 1074 4764 eumdem
1105 4695 1375 4764 Gogonem
1406 4712 1434 4748 a
1461 4696 1694 4750 Frehero
1724 4696 1944 4749 editam.
1980 4696 2147 4751 Litte-

569 4780 751 4820 rarum
783 4763 974 4818 studiis
1005 4763 1166 4834 fuisse
1195 4766 1430 4819 deditum
1465 4775 1605 4830 patet
1634 4784 1696 4821 ex
1725 4767 2005 4833 ipsiusmet
2032 4770 2147 4834 epi-

568 4836 708 4889 stola
736 4834 801 4888 ad
840 4833 1200 4902 Trasericum,
1224 4836 1313 4902 qui
1345 4847 1398 4888 et
1429 4837 1560 4889 alias
1590 4837 1802 4902 scripsit
1846 4837 1912 4889 ab
1956 4844 2142 4892 eodem

567 4906 807 4960 Frehero
835 4913 887 4958 et
918 4901 1156 4959 Chesnio
1185 4905 1375 4957 editas.
1413 4901 1818 4962 Bruuechildem
1868 4909 1917 4959 iu
1948 4908 2146 4963 Gallias

566 4976 808 5041 adduxit,
828 4984 887 5030 ut
915 4990 979 5030 ex
1011 4973 1303 5045 Fortunato
1328 4985 1488 5040 patet,
1523 4979 1609 5044 qui
1640 4977 1708 5031 (le
1751 4977 1990 5045 ejusdem
2032 4981 2143 5033 lau-

565 5046 722 5100 dibus
750 5056 975 5116 quatuor
1006 5048 1176 5112 pr'ora
1211 5044 1328 5116 libri
1352 5048 1677 5100 vn'carmina
1707 5044 1892 5102 edidit.

640 5116 668 5155 1³
699 5115 779 5171 Ea
804 5126 889 5173 est
928 5115 1293 5186 Lugdunensis
1324 5132 1399 5181 Ill,
1454 5127 1510 5169 nt
1551 5118 1787 5182 videtur,
1838 5118 1961 5172 licet
2004 5133 2140 5173 anno

568 5185 887 5241 Guntramni
916 5188 986 5239 22
1012 5185 1332 5255 congregata
1364 5188 1570 5241 dicatur
1594 5188 1644 5241 iu
1690 5190 2057 5255 inscriptione,
2090 5191 2139 5243 id

564 5266 649 5309 est
676 5272 815 5312 anno
846 5258 971 5321 583,
1003 5256 1332 5313 Childcberti
1363 5269 1572 5312 octavo.
1616 5260 1670 5313 lu
1701 5274 1762 5313 ea
1793 5260 1989 5314 conditi
2018 5269 2145 5314 sunt

570 5339 807 5395 canones
839 5342 955 5392 sex,
988 5328 1077 5395 qui
1107 5332 1158 5382 in
1190 5330 1593 5384 collectionibus
1622 5331 1827 5384 Concil.
1858 5331 2136 5385 habentUr.

572 5394 844 5450 Mummoli
875 5394 1045 5467 fugam
1073 5399 1175 5453 hoc
1204 5399 1321 5462 ipso
1353 5415 1492 5453 anno
1513 5401 1608 5454 58l
1644 5410 1907 5454 memorat
1925 5401 2137 5456 Marius.

586 5498 592 5509 -
638 5474 669 5540 f
701 5466 792 5519 Sic
813 5466 970 5540 (garb.
1012 5477 1094 5540 et,
1123 5469 1277 5523 Colh.
1316 5469 1417 5540 Alii
1458 5484 1585 5540 vero
1616 5470 1868 5540 Agat/ten.
1905 5471 2043 5525 llrhs
2066 5482 2148 5526 est

568 5535 885 5608 episcopalis
916 5539 1211 5605 notissima,
1244 5539 1403 5607 vulgo
1432 5539 1593 5608 Agde,
1624 5535 1722 5595 sub
1754 5541 1998 5596 Narbone
2029 5557 2143 5597 nte-

568 5606 785 5670 trotmli,
819 5608 869 5659 in
900 5608 1244 5673 Septimania.

636 5674 664 5714 δ
696 5676 1010 5748 complures
1041 5688 1163 5729 sum
1196 5676 1350 5744 hujus
1382 5676 1612 5733 nominis
1641 5680 1779 5734 villa)
1809 5682 1987 5747 regius,
2018 5698 2137 5748 qua:

568 5748 729 5819 vulgo
749 5745 1335 5820 Nogeutappcllautur.
1370 5748 1449 5803 Ex
1479 5764 1597 5820 cap.
1637 5752 1668 5804 5
1707 5762 1849 5822 patet
1873 5745 1971 5807 hic
2008 5745 2139 5811 Grc-

1285 4597 1297 4608 .
1330 4556 1401 4607 9.2
1420 4530 1453 4615 .’
1479 4556 1791 4609 Vundelinus
1820 4530 2149 4609 nutritorure-
2178 4530 2222 4591 C

2260 3261 2503 3321 superest
2549 3252 2740 3315 haeres,
2773 3254 2873 3307 nisi
2927 3254 3105 3308 fratris
3152 3255 3256 3309 mei
3301 3256 3548 3325 Sigiberti
3584 3258 3739 3323 filius,
3788 3258 3834 3313 id

2260 3356 2342 3397 est
2371 3341 2743 3398 Childehertus
2771 3360 2867 3397 rex
2896 3362 2909 3397 :
2940 3345 3167 3415 ideoque
3195 3347 3247 3400 in
3276 3348 3521 3405 omnibus
3547 3366 3666 3420 quze
3698 3352 3836 3407 Iaho-

2259 3449 2380 3489 rare
2421 3446 2667 3503 potuero,
2711 3436 2797 3490 hic
2842 3435 3012 3491 hmres
3058 3439 3274 3492 existat.
3318 3439 3547 3494 Tantum
3594 3442 3720 3496 dum
3749 3442 3837 3495 ad-

2262 3529 2462 3592 vixero,
2505 3528 2659 3583 liceat
2701 3528 2832 3581 mihi
2876 3529 2992 3582 sine
3035 3532 3285 3597 scrupulo
3329 3542 3419 3584 aut
3458 3532 3841 3601 disceptatione

2258 3627 2449 3673 cuncta
2496 3627 2699 3673 tenere.
2731 3620 2802 3673 At
2850 3618 2926 3672 illi
2972 3621 3172 3689 gratias
3217 3632 3468 3692 agentes,
3508 3625 3838 3691 pactionibus

2258 3709 2593 3777 subscriptis,
2623 3723 2685 3764 ea
2714 3723 2834 3776 quze
2862 3708 3023 3763 locuti
3050 3709 3260 3765 fuerant
3288 3711 3662 3781 firmaverunt,
3690 3725 3746 3771 et
3774 3714 3837 3769 ad

2257 3798 2654 3855 Childehertum
2678 3815 2801 3854 cum
2834 3802 3038 3871 magnis
3068 3802 3378 3858 muneribus
3419 3813 3546 3858 sunt
3583 3809 3835 3877 regressi.

2258 3891 2457 3957 Quibus
2478 3891 2895 3956 discedentibus,
2921 3893 3255 3963 Chilpericus
3277 3909 3365 3948 rex
3392 3895 3790 3951 Leudovaldum
3812 3906 3835 3943 ε

2258 3983 2567 4052 episc0pum
2609 3998 2730 4038 cum
2773 3984 2959 4052 primis
3000 3986 3151 4055 regni
3195 3985 3277 4039 sui
3319 3986 3536 4042 direxit.
3570 3988 3671 4054 Qui
3722 3990 3840 4043 dato

2258 4086 2611 4145 susceptoque
2653 4085 2989 4132 sacramento
3023 4075 3082 4141 λι,
3118 4078 3558 4148 pactionibusque
3600 4079 3840 4144 ﬁrmatis,

2260 4170 2519 4223 munerati
2548 4172 2775 4239 regressi
2800 4178 2941 4223 sunt.

2330 4258 2416 4313 IV.
2458 4260 2638 4329 Lupus
2667 4274 2794 4315 vero
2820 4260 2925 4314 dux
2968 4260 3350 4331 Campanensis
3386 4260 3428 4329 ί,
3472 4278 3596 4318 cum
3637 4263 3837 4332 jamdiu

2256 4351 2323 4405 ab
2372 4351 2610 4406 adversis
2655 4352 2965 4423 fatigaretur
3015 4363 3067 4409 et
3123 4355 3446 4423 spoliaretur
3498 4356 3744 4421 assidue,
3791 4364 3844 4409 et

2258 4480 2467 4550 gorium
2509 4483 2649 4551 loqui
2686 4484 2753 4537 de
2782 4498 2899 4537 una
2934 4499 3052 4553 qua:
3092 4484 3144 4540 in
3188 4500 3315 4553 agro
3348 4485 3634 4540 Parisiensi
3685 4497 3841 4553 erat;

2258 4554 2606 4625 proindeque,
2636 4564 2727 4608 aut
2750 4555 2816 4607 de
2858 4555 2946 4608 illa
2987 4571 3106 4621 qua:
3150 4556 3217 4609 ad
3268 4556 3573 4625 Sequanam
3615 4560 3721 4611 sita
3763 4572 3846 4612 est

2256 4623 2667 4696 infraParisios,
2689 4625 2845 4680 hodie
2866 4624 3233 4689 Saint-Ctoud,
3251 4638 3339 4679 aut
3362 4623 3429 4680 de
3452 4642 3518 4680 ea
3540 4643 3659 4696 qua:
3681 4643 3839 4695 supra

2253 4694 2495 4749 eamdem
2529 4697 2713 4749 urbem
2749 4711 2912 4766 prope
2939 4700 3272 4751 continentes
3323 4694 3579 4751 Matronae
3636 4699 3691 4751 in
3743 4694 3841 4754 Se-

2252 4780 2506 4833 quanam,
2532 4766 2781 4820 Vicetinis
2804 4769 3000 4834 vieina,
3030 4768 3295 4836 hodieque
3330 4766 3536 4833 Nogent
3565 4769 3732 4822 dicta.

2328 4844 2352 4871 ε
2376 4838 2680 4890 Missorium
2722 4840 2983 4909 vocabant
3019 4841 3212 4907 pelvim
3250 4853 3344 4891 seu
3377 4837 3611 4892 discum.
3661 4840 3840 4909 Aliqui

2252 4920 2320 4959 eo
2372 4909 2588 4960 nomine
2630 4910 2893 4961 concham
2943 4908 3278 4975 designatum
3319 4910 3553 4973 volunt,
3598 4908 3842 4965 nonnulli

2250 4977 2474 5047 abacum
2511 4992 2629 5030 cum
2671 4979 2814 5031 omni
2844 4979 3194 5047 supellectile.

2330 5044 2347 5083 ί
2386 5046 2515 5101 Vide
2543 5048 2667 5119 Paul
2703 5047 2845 5101 Diae.
2876 5044 2969 5103 lib.
2998 5066 3051 5103 Ill
3083 5052 3215 5104 llist.
3248 5050 3438 5119 Lang,
3465 5066 3587 5118 cap.
3622 5052 3713 5106 l5.

2324 5127 2349 5164 s
2377 5119 2559 5177 Corb.,
2588 5117 2939 5189 Lcodoaldum
2959 5159 2973 5181 ,
3008 5117 3392 5189 Bajocensem‘,
3425 5132 3483 5174 ttt
3512 5117 3751 5187 videtur,
3780 5123 3845 5177 de

2250 5206 2355 5259 quo
2381 5189 2515 5242 inl'ra
2540 5187 2637 5262 libf
2665 5206 2719 5243 ts
2738 5228 2753 5253 ,
2777 5205 2897 5260 cap.
2925 5189 3013 5257 l5,
3037 5187 3129 5246 aut
3150 5193 3543 5247 Abriucensem
3561 5233 3576 5259 ,
3604 5194 3695 5262 qui
3723 5204 3847 5250 tunc

2249 5274 2461 5330 quoque
2504 5259 2731 5315 vivebat.
2847 5259 2857 5260 ί
3302 5314 3309 5321 ,

2320 5327 2349 5366 ιι
2380 5330 2480 5383 Alii
2509 5330 2691 5393 codd.,
2716 5342 2941 5401 excepto
2969 5331 3155 5397 Corb.,
3187 5333 3386 5388 habent
3410 5344 3756 5406 susceptoque
3783 5344 3846 5389 de

2252 5418 2375 5473 pace
2384 5412 2745 5473 Asacramento.

2329 5472 2343 5510 ί
2380 5470 2603 5545 chm,
2637 5472 3041 5543 Campanis-usis,
3084 5482 3137 5527 et
3182 5474 3287 5528 Bad
3320 5516 3334 5538 ,
3367 5473 3700 5542 Campaniae,
3732 5492 3851 5545 quae

2250 5544 2427 5596 omnia
2452 5543 2696 5598 eamdem
2722 5544 3046 5611 provinciam
3078 5546 3361 5614 designant
3382 5543 3766 5600 notissimam.
3789 5548 3855 5600 Et

2250 5615 2383 5668 intra
2415 5628 2509 5679 pro
2537 5614 2781 5681 adversis,
2808 5629 2927 5684 qua:
2956 5616 3113 5673 lectio
3140 5630 3221 5672 est
3249 5616 3412 5673 Corb.
3446 5625 3503 5673 et
3532 5614 3729 5684 Colb.,
3759 5617 3852 5672 ba-

2251 5684 2375 5740 bent
2403 5684 2633 5739 diversis.

2286 5694 2375 5740 cut
2403 5688 2633 5739 diversis.
