3942 6190
142 232 221 286 575
1004 229 1316 286 HISTORIA
1360 227 1800 285 FRANCURUM.
1846 229 2045 284 LIBER
2085 230 2356 287 SEXTUS
3244 238 3346 291 δη

146 349 386 423 ρηςθτιίω
413 348 482 404 ab
526 347 751 404 Ursioue
781 355 834 402 el
867 348 1170 405 Berlelredo
1198 359 1243 413 η,
1275 350 1338 403 ad
1369 359 1666 404 extremum
1696 349 1744 405 Α
1774 357 2107 414 sanatorem,
2149 349 2287 403 sicut
2325 349 2398 402 ait
2439 350 2693 419 propheta
2741 359 2862 406 tuus
2896 370 2907 404 :
2957 353 3090 406 Misit
3128 352 3349 408 Verbum

145 441 440 498 conventione
466 439 607 494 facta
634 448 694 493 ut
716 440 1067 503 occideretur,
1089 451 1492 495 commoverunt
1515 455 1668 495 exer-
1772 453 1950 499 suum.
1982 446 2028 491 et
2053 441 2248 491 sanavit
2275 455 2357 492 808
2389 438 2559 509 (Ρεαι-
2583 457 2697 505 CVI.
2721 442 2835 511 20)-
2861 443 3010 510 Quod
3037 454 3212 499 anlem
3241 445 3345 509 ais.

147 532 270 585 citum
290 538 458 585 contra
483 544 629 584 eum.
656 528 808 595 Quod
835 543 1060 583 cernens
1094 530 1442 584 Brunichildis
1466 531 1664 599 regina,
1772 530 1892 596 quia
1922 531 2033 598 ipse
2062 546 2165 583 non
2196 540 2445 600 generet,
2474 533 2594 585 audi
2636 536 2945 602 prophetam
2981 545 3124 589 tuum
3164 537 3345 591 dicen-

146 623 382 679 condolens
422 622 595 677 ﬁdelis
638 622 718 675 sui
766 623 1125 677 iusecutiones
1172 624 1417 693 injustas,
1450 622 1671 691 praecin-
1775 629 1880 673 tem
1914 635 1979 673 ex
2021 635 2151 675 voce
2195 620 2505 676 dominica:
2539 621 2790 691 Nunquid
2821 640 2931 695 ego,
2959 628 3045 694 qui
3074 628 3203 681 alios
3247 645 3342 698 pa-

151 729 250 784 gens
271 728 323 769 se
354 712 598 778 viriliter,
630 713 815 781 irrupit
847 712 1051 767 medios
1081 713 1314 768 hostium
1342 727 1561 778 cuneos,
1593 711 1671 766 di-
1773 726 1883 762 rere
1907 710 2060 778 facio.
2088 712 2195 780 ipse
2224 728 2325 764 non
2356 713 2553 779 pariam
2584 711 2734 782 (frui.
2760 730 2912 780 var,
2941 717 3034 783 9)?
3064 718 3177 773 brec
3201 720 3343 774 enim

148 822 245 861 cens
266 825 277 859 :
298 804 484 869 Nolite,
519 820 551 859 ο
579 803 710 869 viri,
742 804 908 860 nolite
938 805 1136 859 malum
1163 805 1266 860 hoc
1288 805 1484 869 facere,
1511 802 1674 876 274
1775 798 1841 853 de
1874 800 2086 866 populo,
2125 800 2210 867 qui
2240 799 2293 854 in
2322 816 2442 854 eum
2484 816 2576 869 per
2608 801 2761 857 ﬁdem
2792 806 3109 871 renascitur,
3137 808 3227 861 ait.
3264 808 3344 861 Ad

148 897 274 949 nolite
298 896 533 965 persequi
577 895 949 960 innocentem;
984 896 1148 949 nolite
1179 910 1275 964 pro
1304 911 1411 950 uno
1459 895 1673 951 homine
1777 888 1891 943 huic
1932 889 2147 943 Judacus
2194 890 2469 958 respondit
2498 908 2511 944 :
2542 891 2787 959 Nunquid
2838 894 2975 949 Deus
3023 895 3183 949 homo
3231 896 3349 951 ﬁeri

145 984 427 1038 committere
465 983 705 1051 praelium
723 1022 738 1048 ,
761 998 866 1049 quo
897 984 1141 1037 solatium
1167 984 1398 1052 regionis
1426 985 1672 1040 intereat.
1778 980 1977 1048 potuit,
1999 994 2085 1033 aut
2110 979 2176 1033 de
2199 979 2418 1035 muliere
2439 982 2614 1046 nasci,
2639 983 2947 1039 verberibus
2968 984 3152 1052 subdi,
3176 998 3348 1043 morte

148 1074 246 1129 Hac
267 1074 342 1129 illa
369 1076 641 1142 loquente,
674 1074 947 1141 respondit
974 1074 1129 1130 llrsio
1156 1093 1167 1125 :
1200 1074 1411 1130 Recede
1437 1090 1465 1128 a
1496 1074 1669 1141 nobis,
1778 1071 2060 1125 damnari?
2084 1072 2165 1126 Ad
2196 1074 2307 1127 haec
2349 1088 2474 1142 rege
2505 1085 2733 1139 tacente,
2773 1076 2824 1129 iu
2872 1077 3104 1133 medium
3148 1094 3235 1135 me
3265 1082 3349 1133 in-

147 1180 175 1219 o
204 1166 382 1220 mulier.
424 1163 665 1219 Sufficiat
714 1164 805 1218 tibi
855 1151 954 1217 sub
999 1165 1116 1217 viro
1160 1164 1393 1218 tenuisse
1432 1179 1674 1232 regnum.
1779 1175 1969 1229 gerens
1998 1160 2149 1214 dixi:
2178 1161 2248 1217 Ut
2293 1162 2431 1217 Dens
2480 1165 2573 1217 Dei
2620 1163 2787 1219 Filius
2826 1165 2983 1221 homo
3030 1168 3209 1235 fieret,
3241 1183 3350 1228 non

147 1256 268 1312 Nunc
290 1267 452 1311 autem
483 1255 627 1310 ﬁlius
657 1264 777 1309 tuus
809 1266 1021 1325 regnat,
1066 1270 1392 1324 regnumque
1416 1254 1530 1324 ejus
1570 1270 1677 1308 non
1781 1267 1925 1315 etim,
1971 1252 2066 1306 sed
2114 1262 2311 1306 nostrae
2362 1255 2694 1308 necessitatis
2740 1259 2941 1311 exstitit
2989 1273 3169 1313 causa.
3216 1259 3346 1315 Nam

150 1355 236 1411 tua,
274 1347 354 1402 sed
398 1356 582 1401 nostra
613 1346 835 1401 mitione
865 1346 1121 1400 salvaiur.
1152 1345 1232 1399 Tu
1277 1360 1403 1401 vero
1430 1346 1622 1401 recede
1649 1360 1679 1399 α
1780 1343 2042 1409 captivum
2078 1350 2293 1408 peccato
2324 1344 2620 1408 hominem,
2649 1353 2700 1396 et
2729 1336 2926 1399 diaboli
2956 1348 3196 1401 servituti
3226 1350 3351 1403 sub-

147 1438 289 1501 nobis,
316 1452 381 1494 ne
405 1446 459 1493 te
499 1437 711 1509 ungula:
746 1450 1005 1505 equorum
1037 1445 1341 1490 nostrorum
1371 1452 1490 1490 cum
1537 1444 1680 1491 terra
1780 1432 1974 1501 jectum
2018 1433 2282 1487 redimere
2324 1448 2428 1486 non
2475 1443 2754 1503 potuerat,
2802 1436 2902 1491 nisi
2949 1438 3218 1494 hominem
3268 1456 3353 1495 as-

147 1526 427 1582 confodiant.
465 1527 591 1582 Hinc
614 1536 668 1580 et
697 1527 805 1580 alia
826 1542 947 1581 cum
971 1527 1270 1581 diutissime
1304 1527 1443 1581 inter
1469 1540 1528 1581 se
1558 1540 1681 1595 pro—
1783 1526 2117 1594 sumpsisset.
2146 1525 2257 1594 Ego
2283 1540 2410 1580 vero
2440 1540 2545 1580 non
2574 1527 2640 1580 de
2669 1529 2969 1597 Evangeliis
2994 1539 3047 1584 et
3076 1532 3351 1599 Apostolo,

148 1618 382 1684 tulissent,
419 1617 652 1672 obtinuit
695 1616 895 1686 reginae
940 1616 1200 1670 industria
1251 1630 1318 1669 ne
1365 1624 1679 1684 pugnarent.
1784 1633 1901 1685 qua:
1933 1632 2037 1671 non
2068 1617 2264 1683 credis,
2306 1618 2399 1671 sed
2430 1618 2497 1672 de
2538 1620 2638 1672 tuis
2680 1619 2831 1675 libris
2875 1621 3179 1676 testimonia
3221 1640 3353 1691 pra:-

147 1707 308 1762 Tamen
336 1708 396 1763 ab
424 1708 518 1762 illo
549 1708 665 1763 loco
704 1707 1058 1771 discedentes,
1090 1708 1357 1760 irruerunt
1385 1707 1438 1761 in
1485 1707 1675 1760 domos
1707 1707 1752 1765 Β
1782 1712 1931 1772 hens,
1960 1710 2172 1777 proprio
2199 1718 2250 1761 te
2278 1723 2531 1762 mucrone
2560 1711 2857 1763 confodiam
2879 1752 2892 1774 ,
2921 1714 3058 1767 sicut
3084 1714 3349 1782 quondam

146 1794 254 1864 Lupi
298 1806 347 1851 et
390 1796 779 1865 direpto-omni
809 1796 1055 1863 praesidio
1078 1794 1128 1862 ιι,
1157 1795 1414 1863 ﬁngentes
1445 1809 1504 1848 se
1551 1794 1678 1847 illud
1788 1799 1945 1852 l'avid
1996 1798 2202 1853 Goliam
2245 1799 2438 1870 legitur
2486 1799 2795 1853 trucidasse.
2834 1802 2991 1869 Igitur
3034 1805 3173 1871 quod
3218 1807 3356 1859 Deus

148 1887 189 1939 in
213 1887 612 1957 thesauroregis
641 1887 955 1954 recondere,
981 1888 1090 1940 suis
1117 1901 1237 1940 eum
1265 1885 1509 1939 domibus
1540 1885 1680 1938 intu-
1784 1889 1943 1942 homo
1969 1888 2173 1941 futurus
2199 1900 2370 1952 esset,
2395 1890 2517 1942 audi
2547 1890 2856 1957 prOphetam
2890 1900 3033 1946 tuum
3061 1912 3073 1945 :
3104 1892 3169 1947 Et
3200 1895 3354 1959 Deus,

146 1979 310 2044 lerunt,
339 1979 671 2035 intendentes
698 1979 850 2048 Lupo
879 1979 1069 2047 minas,
1094 1989 1253 2048 atque
1281 1978 1521 2033 dicentes
1547 1994 1561 2030 :
1592 1977 1679 2031 Vi-
1783 1980 1981 2048 inquit,
2012 1988 2058 2031 et
2088 1980 2257 2043 homo,
2300 1987 2346 2032 et
2375 1980 2484 2045 quis
2516 1982 2743 2046 cognovit
2773 1982 2928 2034 eum?
2955 1982 3020 2035 Et
3055 1984 3180 2038 alibi
3210 2003 3221 2037 :
3257 1985 3356 2038 llic

146 2079 225 2121 vus
245 2068 479 2125 virtutem
508 2078 745 2124 nostram
774 2083 878 2124 non
906 2069 1117 2125 evadet.
1148 2073 1215 2123 At
1243 2069 1333 2123 ille
1367 2083 1595 2123 cernens
1622 2081 1681 2122 se
1783 2081 1853 2124 est
1894 2069 2031 2124 Deus
2073 2079 2261 2135 noster,
2292 2081 2337 2123 et
2377 2086 2476 2123 non
2508 2071 2816 2137 reputabitur
2842 2073 2973 2125 alius
3005 2083 3187 2140 praeter
3208 2090 3357 2139 eum;

145 2159 187 2212 in
220 2159 527 2226 discriminc,
560 2170 722 2215 tutata
770 2162 906 2216 infra
938 2160 1084 2215 urbis
1131 2161 1371 2226 Lugduni
1417 2160 1620 2214 Clavati
1657 2169 1677 2195 ο
1783 2165 1873 2233 qui
1908 2164 2091 2216 invenit
2130 2179 2327 2215 omnem
2352 2163 2483 2215 viam
2510 2164 2747 2228 scientiae,
2777 2174 2823 2216 et
2850 2164 2990 2217 dedit
3026 2165 3169 2218 illam
3196 2164 3358 2219 Iacob

146 2265 293 2307 muros
317 2254 541 2321 conjuge
578 2267 697 2319 sua,
726 2251 791 2306 ad
836 2250 1297 2306 Guntchramuum
1331 2264 1507 2319 regem
1531 2311 1535 2315 ,
1557 2263 1683 2303 conv
1787 2272 1941 2321 puero
1960 2272 2073 2321 suo,
2098 2265 2143 2308 et
2165 2252 2331 2308 Israel
2359 2253 2543 2307 dilecto
2569 2270 2679 2309 suo.
2710 2254 2943 2309 Post/two
2972 2258 3024 2310 in
3050 2259 3195 2311 terris
3221 2259 3359 2312 visus

146 2340 264 2410 fugit.
291 2343 330 2396 A
366 2358 470 2412 quo
503 2342 731 2411 benigne
773 2350 1051 2412 susceptus
1090 2356 1209 2395 cum
1253 2357 1318 2394 eo
1359 2340 1541 2406 latuit,
1584 2358 1682 2395 ex-
1785 2356 1855 2399 est
1883 2357 1930 2399 et
1968 2362 2083 2399 cum
2111 2344 2395 2398 hominibus
2425 2356 2746 2399 conversatus
2771 2355 2844 2400 est
2870 2344 3118 2418 (Baruch.
3146 2362 3235 2411 ut,
3267 2349 3358 2414 '56,

146 2441 357 2499 spectans
398 2445 454 2489 ut
498 2433 881 2490 Cbildebertus
928 2435 994 2489 ad
1044 2433 1335 2503 legitimam
1382 2435 1686 2501 perveniret
1786 2435 1874 2501 37,
1903 2435 2014 2505 58).
2046 2436 2195 2503 Quod
2225 2443 2403 2489 autem
2434 2434 2500 2489 de
2529 2433 2745 2505 Virgine
2774 2435 3030 2503 nascitur,
3058 2437 3179 2491 audi
3207 2436 3359 2491 simi-

146 2532 360 2580 ctatem-
1787 2530 1905 2582 liter
1931 2527 2241 2596 prophetam
2274 2536 2420 2579 tuum
2449 2526 2711 2580 dicentem
2739 2543 2749 2577 ε
2788 2524 2919 2579 Ecce
2951 2525 3107 2596 Virgo
3139 2528 3189 2579 in
3218 2537 3360 2581 utero

202 2613 254 2669 Vs
280 2616 436 2687 Igitur
459 2616 804 2686 Chilpericus
830 2632 954 2681 rex,
985 2632 1103 2671 rum
1135 2618 1306 2673 adhuc
1334 2617 1470 2686 apud
1501 2631 1688 2685 supra-
1787 2619 2068 2684 concipiet,
2113 2626 2158 2671 et
2198 2618 2358 2686 pariet
2407 2614 2603 2685 ﬁlium,
2648 2626 2695 2669 et
2742 2617 3002 2670 vocabitur
3028 2634 3208 2672 nomen
3251 2621 3356 2689 ejus

145 2702 304 2760 dictam
328 2707 505 2762 villam
545 2716 866 2771 moraretur,
897 2707 1272 2776 impedimenta
1304 2708 1503 2761 moveri
1545 2721 1681 2775 prm-
1790 2710 2123 2774 Emmanuel,
2153 2709 2289 2776 quod
2316 2720 2388 2763 est
2416 2709 2831 2773 interpretatum,
2864 2708 3143 2762 Nobiscum
3174 2710 3309 2764 Deus
3337 2711 3358 2749 ί

144 2794 327 2862 sipiens,
357 2797 598 2853 Parisios
626 2797 813 2852 venire
840 2797 1092 2867 disponit.
1126 2800 1202 2850 Ad
1230 2812 1386 2866 quem
1416 2812 1535 2850 cum
1574 2796 1684 2865 jam
1789 2800 1941 2871 (lsai.
1968 2815 2037 2853 vn
2056 2841 2070 2865 ,
2102 2798 2199 2864 ll;
2232 2798 2419 2850 Matth.
2442 2813 2493 2862 1,
2520 2796 2633 2867 25).
2663 2797 2813 2863 Quod
2843 2797 3149 2854 verberibus
3173 2799 3359 2864 subdi,

146 2887 458 2945 valcdicturus
513 2890 865 2956 accederem,
908 2889 1122 2945 Iudaeus
1166 2890 1419 2960 quidam,
1473 2890 1684 2945 Priscus
1790 2893 1931 2961 quod
1972 2891 2138 2947 clavis
2166 2890 2305 2959 affigi
2337 2888 2594 2958 deberet,
2638 2897 2693 2944 et
2729 2888 2849 2943 aliis
2896 2904 3106 2959 quoque
3152 2890 3360 2959 injuriis

146 2978 345 3048 nomine,
372 2983 460 3051 qui
480 2980 543 3036 ei
569 2980 635 3035 ad
656 2983 861 3050 species
885 2980 1203 3035 coemendas
1229 2979 1507 3036 familiaris
1534 2990 1682 3048 erat,
1790 2982 2087 3048 subjacere,
2119 2982 2204 3035 vel
2243 2979 2417 3044 afﬁci,
2461 2979 2597 3033 alius
2639 2978 2896 3047 propheta
2943 2980 3017 3035 ait
3047 2998 3059 3033 :
3093 2980 3360 3037 Foderunt

145 3066 523 3142 advenit.Cujus
546 3074 764 3127 caesarie
795 3087 885 3128 rex
911 3072 1101 3127 blande
1122 3073 1454 3142 apprehensa
1487 3088 1648 3128 manu
1666 3115 1681 3139 ,
1708 3064 1770 3130 0
1794 3089 1970 3125 manus
1998 3087 2135 3125 meas
2162 3080 2210 3124 et
2238 3070 2388 3141 pedes
2424 3078 2559 3123 meos
2582 3084 2599 3121 :
2631 3068 2907 3122 diviserunt
2945 3069 3040 3123 sibi
3069 3070 3359 3125 vestimenta

144 3160 199 3213 ait
221 3162 277 3216 ad
319 3179 420 3229 me,
451 3165 645 3219 dicens
674 3182 686 3216 :
728 3163 859 3218 Veni
878 3204 892 3229 ,
921 3164 1170 3218 sacerdos
1215 3164 1307 3218 Dei
1329 3205 1344 3230 ,
1378 3173 1430 3218 et
1474 3164 1687 3234 impone
1790 3180 1900 3218 mea
1923 3162 2092 3236 (Psal.
2115 3178 2225 3228 xxi,
2252 3163 2361 3229 l7),
2383 3171 2487 3216 etc.
2510 3162 2574 3214 Et
2596 3161 2817 3215 iterum:
2846 3159 3100 3215 Dederunt
3122 3162 3174 3216 in
3187 3179 3359 3218 escam

146 3265 322 3310 manum
366 3271 535 3326 super
577 3270 720 3311 eum.
755 3255 851 3309 Illo
897 3263 1073 3311 autem
1114 3256 1397 3318 renitente,
1431 3257 1506 3311 ait
1552 3271 1683 3312 rex:
1791 3273 1955 3310 meam
1977 3256 2045 3324 {el
2064 3298 2077 3321 ,
2110 3266 2155 3309 et
2194 3255 2247 3308 in
2283 3254 2367 3308 siti
2395 3268 2509 3307 mea
2536 3263 2561 3301 ε
2584 3262 2878 3320 potaverunt
2910 3269 2987 3306 me
3015 3263 3155 3308 aceto
3184 3253 3359 3325 (Paul.

146 3343 180 3395 Θ
202 3358 333 3400 mens
373 3347 505 3401 dura
528 3388 547 3412 ,
579 3354 635 3400 et
676 3345 948 3415 generatio
983 3360 1197 3416 semper
1242 3346 1540 3414 incredula,
1568 3363 1688 3417 qua:
1793 3345 2106 3415 vam,2‘2).
2127 3346 2192 3400 Et
2211 3345 2351 3415 quod
2376 3359 2468 3413 per
2488 3344 2659 3413 ipsum
2678 3343 2850 3397 crucis
2873 3344 3161 3411 patibulum
3184 3344 3361 3400 laben-

150 3445 233 3486 non
255 3433 486 3507 intelligit
531 3435 629 3490 Dei
658 3435 847 3490 Filium
875 3433 901 3471 ά
931 3435 1032 3491 sibi
1066 3435 1439 3504 prophetarum
1467 3437 1688 3493 vocibus
1793 3446 1898 3492 tem
1923 3437 2199 3503 mundum,
2222 3444 2276 3492 et
2302 3434 2493 3489 diaboli
2514 3434 2701 3488 ditioni
2730 3433 3025 3503 subjectum
3051 3436 3359 3491 restitueret

145 3528 521 3593 repromissum;
558 3541 663 3580 non
690 3525 935 3593 intelligit
962 3525 1325 3587 ecclesiastica
1357 3528 1608 3596 mysteria
1633 3526 1687 3582 in
1794 3531 1846 3584 in
1867 3544 2032 3599 regno
2058 3543 2176 3595 suo,
2201 3526 2339 3582 idem
2363 3524 2526 3579 David
2555 3526 2715 3595 276
2736 3525 2838 3589 ait,
2866 3522 3114 3581 Dominus
3136 3527 3362 3595 regnavit

146 3616 235 3667 suis
257 3617 525 3674 sacriﬁciis
560 3616 803 3686 ﬁgurata.
833 3616 954 3671 Haec
980 3631 1045 3671 eo
1068 3618 1299 3685 dicente,
1328 3616 1544 3672 Judaeus
1571 3619 1685 3677 ait:
1792 3636 1822 3671 a
1852 3620 1988 3689 tigno
2020 3616 2048 3655 ιι
2079 3616 2254 3686 (Psal.
2276 3630 2393 3679 xcv,
2413 3615 2521 3683 10).
2547 3614 2662 3668 Non
2692 3612 2831 3682 quod
2854 3624 3008 3668 antea
3040 3629 3144 3668 non
3174 3629 3364 3683 regna-

145 3702 259 3761 Detts
283 3723 383 3763 non
408 3717 545 3781 eget
583 3707 859 3778 conjugio,
891 3722 1063 3777 neque
1092 3709 1241 3776 prole
1266 3709 1485 3775 ditatur,
1518 3725 1688 3778 neque
1794 3710 1930 3763 verit
1953 3708 2089 3775 apud
2116 3708 2345 3769 Patrem,
2365 3704 2457 3758 sed
2481 3718 2638 3770 super
2662 3703 2906 3770 p0pulum
2932 3717 3088 3772 quem
3109 3718 3137 3755 a
3162 3703 3363 3759 diaboli

145 3798 279 3854 ullum
308 3813 620 3858 consortem
646 3801 798 3870 regni
829 3800 1024 3855 habere
1055 3803 1273 3869 patitur,
1304 3804 1392 3870 qui
1427 3817 1520 3867 per
1546 3803 1688 3873 Mny-
1792 3802 2047 3858 servitute
2095 3799 2446 3858 liberaverat,
2493 3794 2625 3873 rude
2669 3808 2889 3861 regnum
2934 3794 2947 3829 ί
2993 3793 3219 3862 accepit.
3270 3794 3363 3849 Ju-

144 3900 220 3944 sen
256 3895 326 3947 ait
355 3911 368 3947 :
407 3893 616 3957 Videte,
663 3892 824 3945 videte
863 3892 983 3959 quia
1022 3906 1111 3960 ego
1160 3908 1268 3944 sum
1317 3890 1590 3957 Dominus,
1642 3901 1688 3945 et
1793 3895 1940 3948 dmus
1964 3891 2028 3943 ad
2062 3890 2174 3942 ha-c
2199 3885 2511 3952 respondit:
2540 3884 2667 3949 Quae
2700 3883 2808 3937 Deo
2839 3882 2934 3935 fuit
2963 3883 3273 3949 necessitas,
3306 3896 3364 3939 ut

146 3979 301 4050 absque
324 4001 400 4040 me
427 4002 530 4039 non
562 3991 641 4039 est
668 3983 793 4036 deus
819 3991 864 4035 ε.
895 3980 1005 4051 Ego
1046 3982 1303 4048 occidam,
1334 3992 1381 4036 et
1408 3998 1499 4053 ego
1531 3985 1691 4036 vivere
1794 3986 1893 4039 ista
1926 3979 2222 4051 pateretur?
2251 3976 2346 4032 Cui
2377 3990 2516 4045 ego:
2546 3975 2659 4028 lam
2702 3973 2814 4028 dixi
2846 3972 2973 4038 tibi,
3007 3973 3143 4029 Deus
3186 3975 3363 4030 homi-

148 4070 330 4141 rnam;
356 4077 677 4147 pergutiam,
705 4083 753 4127 et
792 4089 883 4142 ego
913 4072 1102 4126 sonabo
1149 4070 1338 4142 (Deut.
1368 4089 1545 4141 xxxu,
1571 4074 1685 4142 59).
1794 4092 1913 4134 nem
1944 4071 2143 4129 creavit
2190 4067 2461 4124 innoxium
2482 4109 2495 4135 ,
2526 4066 2621 4121 sed
2668 4073 2787 4120 astu
2833 4068 3096 4134 serpentis
3137 4066 3366 4122 circum-

148 4162 212 4215 Ad
238 4164 342 4222 hac
366 4182 462 4224 rex
505 4166 674 4238 275
712 4164 787 4218 ait
816 4180 831 4218 :
864 4163 1002 4218 Deus
1028 4163 1096 4218 ab
1139 4164 1364 4232 spiritali
1401 4176 1555 4219 utero
1605 4165 1691 4219 Fi-
1793 4175 2000 4229 ventus,
2035 4160 2414 4232 praevaricator
2461 4155 2712 4226 praecepti
2758 4154 2925 4208 lactus
2952 4163 3033 4209 est
3059 4171 3073 4207 :
3102 4164 3156 4209 et
3185 4154 3305 4209 ideo
3334 4172 3364 4209 a

146 4251 249 4309 lium
274 4258 448 4327 genuit
476 4257 897 4325 sempiternum,
931 4268 1035 4308 non
1068 4262 1225 4309 relate
1251 4255 1515 4322 iuniorem
1534 4298 1549 4323 ,
1582 4272 1686 4310 non
1794 4256 1921 4312 sede
1948 4250 2179 4323 paradisi
2209 4249 2434 4317 ejectus,
2464 4243 2746 4299 mundanis
2775 4242 3046 4297 laboribus
3085 4243 3368 4313 deputatus

148 4354 379 4406 Wtestate
418 4349 725 4413 minorem,
753 4346 829 4400 de
852 4360 956 4413 quo
999 4345 1111 4413 ip~e
1141 4347 1253 4398 ait:
1284 4345 1363 4399 Ex
1407 4356 1546 4400 utero
1574 4359 1692 4400 anlc
1796 4358 1910 4413 est;
1956 4346 2044 4416 qui
2076 4357 2169 4414 per
2200 4348 2424 4395 mortem
2471 4336 2741 4405 Unigeniti
2774 4334 2867 4389 Dei
2900 4334 3093 4389 Christi
3146 4336 3256 4390 Deo
3283 4351 3368 4391 re-

145 4441 381 4511 luciferum
426 4447 584 4518 genui
635 4453 681 4496 te
727 4441 899 4510 (Psal.
925 4456 1009 4496 (ιιι
1028 4478 1048 4509 ,
1074 4442 1153 4510 5).
1205 4439 1354 4495 Hunc
1396 4455 1526 4510 ergo
1570 4452 1695 4497 ante
1725 4430 1774 4490 D
1800 4440 2108 4496 conciliatus
2131 4444 2213 4490 est
2235 4432 2397 4488 Patri.
2420 4428 2635 4485 Iudaeus
2657 4427 2829 4483 dixit:
2860 4427 2982 4483 Non.
3000 4437 3207 4493 poterat
3232 4429 3371 4485 Deus

149 4537 312 4592 secula
340 4517 559 4604 natum,
599 4535 657 4590 in
704 4531 1006 4589 novissimis
1048 4533 1257 4588 saeculis
1303 4532 1501 4587 mundo
1547 4534 1697 4589 misit
1803 4532 2016 4587 mittere
2058 4525 2342 4599 prophetas
2370 4531 2460 4576 aut
2504 4518 2795 4589 apostolos,
2825 4517 2915 4588 qui
2959 4532 3080 4573 eum
3127 4518 3195 4573 ad
3238 4520 3371 4575 viam

202 4680 225 4707 ι
249 4669 418 4738 Colb.,
450 4670 811 4737 Berahtfrido.
1870 4679 1901 4739 Ar
1934 4669 1988 4722 In
2015 4666 2209 4739 eodem
2231 4659 2352 4717 cod.
2378 4658 2528 4739 deest
2554 4667 2601 4710 et
2628 4654 2680 4739 in
2706 4654 2950 4739 sitimea.

202 4739 234 4777 δ
255 4724 562 4796 Ρί-εέέῖάίυὶὴ
589 4724 673 4795 esi
702 4741 951 4806 pecunia.
983 4754 1097 4808 Quae
1118 4738 1297 4792 auxilii
1342 4752 1499 4791 causa
1535 4754 1691 4806 scpo-
1868 4737 1896 4776 ¹¹
1931 4739 2032 4791 H35
2060 4735 2275 4808 ἴοευ¹³⁵
2304 4747 2339 4782 ⁰
2378 4731 2517 4808 “9.”?
2545 4742 2573 4777 ³
2608 4725 2845 4808 Γ³¹³¹³ῖ¹¹ίῗ
2876 4727 3091 4808 ams?“
3123 4724 3369 4808 909m?!"

148 4793 894 4877 nitur,vellecusisec'retior,
926 4793 1014 4863 ubi
1042 4810 1548 4879 ejustnnlihpecunia
1579 4793 1693 4863 s'er-
1799 4805 2073 4876 conquesti
2108 4811 2340 4879 sunt,_et
2369 4793 2581 4879 quidem
2614 4810 2719 4848 non
2751 4796 3010 4879 habentur
3038 4795 3097 4879 in
3123 4793 3366 4879 Vplgata.

148 4863 294 4936 vatur:
321 4863 590 4936 Eii-1:3
621 4863 901 4950 ⁷εΙίοιῖιηξξ
926 4882 978 4944 1,
1009 4863 1088 4932 ἄρ’
1116 4881 1268 4946 legat.
1296 4863 1351 4931 5'.
1384 4879 1693 4933 Przesidium
1801 4863 2110 4950 Eas'tatuen
2139 4870 2280 4925 LXX
2312 4863 2669 4950 interpretum
2700 4867 3101 4950 aucttpritas,gl
3129 4863 3368 4950 ρξςςξιξξξεξ

150 4931 675 5006 “anserum—Plautus
704 4931 1318 5019 usu'r'pa’tpropec‘uuia.
1801 4931 2002 5019 Ξηιὶίμιῇ
2034 4943 2218 4997 Patres
2248 4931 2495 5019 retinuerit:
2524 4936 2681 4990 Certe
2712 4935 2764 5019 in
2801 4931 3369 5019 gallicanisc'cclesiis

210 5000 233 5059 ί
452 5000 1136 5089 addundmwdpperllatdr,
1170 5000 1327 5089 vulgo
1375 5016 1547 5083 Laon,
1579 5033 1698 5087 qum
1802 5000 2091 5089 antiquitus
2137 5018 2378 5089 receptas
2421 5008 2593 5089 fuisse
2630 5000 3278 5089 probat't‘ir‘nonﬂsplum
3292 5013 3362 5089 ei:

150 5069 1175 5161 nostris.menssanacausam
1205 5069 1511 5161 piatam“
1533 5069 1698 5141 an:
1807 5069 1911 5161 {ne
1933 5069 2176 5161 Cregorii
2199 5069 2343 5161 tam
2363 5116 2383 5161 ,ί
2407 5088 2561 5161 διεδ
2578 5069 2786 5161 εξῂζιεῖο,
2797 5069 3167 5161 parum;
3188 5077 3370 5161 5393:}:-

167 5140 866 5228 misso;inﬂasse
890 5140 1489 5229 est‘episcopalisedea
1513 5140 1700 5213 sancto
1807 5140 1998 5229 cruce,
2028 5140 2123 5229 sisit
2163 5150 2322 5229 etiam
2365 5140 2434 5198 δι
2475 5140 3161 5229 Psalterigjonpurogﬁs‘gﬁ
3195 5154 3365 5229 ιιξςξξις

166 5210 416 5301 “flii—gint-
444 5210 578 5227 ””⁷
605 5210 865 5216 “mm
1254 5210 1259 5211 ⁷
1464 5210 1473 5211 ί
1515 5210 1531 5213 ”
1810 5210 2024 5289 signa;
2074 5218 2267 5301 litteris
2310 5214 2582 5301 argncmeis
2626 5210 3367 5301 augeigqpe‘3x39913qu

205 5278 493 5356 ίῖιῗῖοὼ.
526 5301 723 5356 desunt
753 5300 869 5356 h'cc
910 5300 1067 5355 verba
1096 5299 1189 5353 Dei
1223 5296 1447 5362 Filium,
1478 5308 1532 5350 et
1562 5296 1694 5351 infra
1810 5278 1935 5351 olim
1967 5278 2061 5347 usu
2090 5290 2185 5345 fuit
2210 5278 3366 5365 beatoiGe‘rniauoParisiensiepiscopo,ac

149 5349 723 5441 servassent}?
748 5349 869 5426 nec:
904 5349 1694 5441 esseminant.”aqua.,'
1802 5349 2073 5441 monstro
2097 5354 2426 5441 monasterio
2443 5349 3369 5441 §g_({eftpf~_gi_3_Pgatﬁipgefygg-

150 5420 289 5493 ιιςιῐέί
311 5420 869 5510 αἶςεηξίξῇᾖῖέέίξαῖ”’
906 5420 995 5441 ’Ἶ
1473 5420 1498 5437 “’
1675 5420 1688 5432 ’
1803 5420 1938 5510 iibsa
1968 5427 2296 5510 antiquitatis
2309 5422 2540 5510 Δ(ῑειιιειιὶει
2564 5428 2885 5486 assel'valur,
2918 5420 2972 5474 in
3003 5434 3109 5489 quo
3140 5420 3252 5474 hinc
3280 5432 3371 5472 ea-

211 5515 233 5578 ξ
258 5509 453 5576 Casin.,
476 5501 678 5564 nonest
696 5511 846 5565 alius.
1799 5504 2107 5578 dcm_verba
2148 5501 2413 5578 leguntur.

214 5574 229 5614 ί
268 5561 453 5643 Corbq'
474 5581 620 5648 quod
664 5582 1068 5648 interpretatum,
1107 5582 1383 5636 Nobiscum
1426 5592 1495 5635 est
1530 5578 1683 5632 Deus.

1346 5600 1383 5633 nt
1426 5592 1495 5635 est
1530 5578 1683 5632 Dcite.
1847 5561 1859 5562 γ
1880 5588 1893 5613 ι
1933 5575 2138 5643 chm.,
2168 5561 2456 5622 liberaverat
2490 5561 2699 5628 rudem,
2730 5577 2903 5629 regno.

150 5643 331 5717 llegtu.,
364 5643 580 5719 accipiet
607 5690 620 5715 ,
654 5666 742 5718 pro
767 5643 1034 5721 concipiet.
