  <div class='ocr_page' id='page_1' title='image "/cluster/home/n/w/nwhite01/storage/ocr_20150623/71/uva.x000827083/195.png"; bbox 0 0 3942 6190; ppageno 0'>
   <div class='ocr_carea' id='block_1_1' title="bbox 572 233 675 295">
    <p class='ocr_par' dir='ltr' id='par_1_1' title="bbox 572 233 675 295">
     <span class='ocr_line' id='line_1_1' title="bbox 572 233 675 295; baseline 0 -12"><span class='ocrx_word' id='word_1_1' title='bbox 572 233 675 295; x_wconf 66' lang='lat'><strong>3&#39;5</strong></span> 
     </span>
    </p>
   </div>
   <div class='ocr_carea' id='block_1_2' title="bbox 1559 209 2795 283">
    <p class='ocr_par' dir='ltr' id='par_1_2' title="bbox 1559 209 2795 283">
     <span class='ocr_line' id='line_1_2' title="bbox 1559 209 2795 283; baseline -0.005 -5"><span class='ocrx_word' id='word_1_2' title='bbox 1559 221 1619 279; x_wconf 79' lang='lat' dir='ltr'><strong>S.</strong></span> <span class='ocrx_word' id='word_1_3' title='bbox 1661 217 1986 274; x_wconf 65' lang='grc' dir='ltr'>διιεοοιιιι</span> <span class='ocrx_word' id='word_1_4' title='bbox 2026 214 2329 272; x_wconf 75' lang='lat' dir='ltr'><strong>EPISCOPI</strong></span> <span class='ocrx_word' id='word_1_5' title='bbox 2366 209 2795 283; x_wconf 73' lang='lat' dir='ltr'><strong>TURONENSIS</strong></span> 
     </span>
    </p>
   </div>
   <div class='ocr_carea' id='block_1_3' title="bbox 3712 218 3821 274">
    <p class='ocr_par' dir='ltr' id='par_1_3' title="bbox 3712 218 3821 274">
     <span class='ocr_line' id='line_1_3' title="bbox 3712 218 3821 274; baseline 0.037 -4"><span class='ocrx_word' id='word_1_6' title='bbox 3712 218 3821 274; x_wconf 75' lang='lat'><strong>376</strong></span> 
     </span>
    </p>
   </div>
   <div class='ocr_carea' id='block_1_4' title="bbox 567 326 3824 409">
    <p class='ocr_par' dir='ltr' id='par_1_4' title="bbox 567 326 3824 409">
     <span class='ocr_line' id='line_1_4' title="bbox 567 326 3824 409; baseline -0.002 -16"><span class='ocrx_word' id='word_1_7' title='bbox 567 349 878 405; x_wconf 60' lang='lat' dir='ltr'><strong>revocarent</strong></span> <span class='ocrx_word' id='word_1_8' title='bbox 925 337 1139 400; x_wconf 82' lang='lat' dir='ltr'><strong>salutis,</strong></span> <span class='ocrx_word' id='word_1_9' title='bbox 1190 335 1287 409; x_wconf 69' lang='lat' dir='ltr'><strong>nisi</strong></span> <span class='ocrx_word' id='word_1_10' title='bbox 1337 334 1451 405; x_wconf 84' lang='lat' dir='ltr'><strong>ipse</strong></span> <span class='ocrx_word' id='word_1_11' title='bbox 1491 333 1800 389; x_wconf 79' lang='lat' dir='ltr'><strong>humiliatus</strong></span> <span class='ocrx_word' id='word_1_12' title='bbox 1847 330 2035 385; x_wconf 74' lang='lat' dir='ltr'><strong>fuisset</strong></span> <span class='ocrx_word' id='word_1_13' title='bbox 2080 329 2131 381; x_wconf 93' lang='lat' dir='ltr'><strong>in</strong></span> <span class='ocrx_word' id='word_1_14' title='bbox 2161 331 2213 390; x_wconf 79' lang='grc' dir='ltr'>Α</span> <span class='ocrx_word' id='word_1_15' title='bbox 2312 326 2399 380; x_wconf 82' lang='lat' dir='ltr'><strong>Vl.</strong></span> <span class='ocrx_word' id='word_1_16' title='bbox 2439 326 2559 380; x_wconf 79' lang='lat' dir='ltr'><strong>Fuit</strong></span> <span class='ocrx_word' id='word_1_17' title='bbox 2580 336 2756 380; x_wconf 87' lang='lat' dir='ltr'><strong>autem</strong></span> <span class='ocrx_word' id='word_1_18' title='bbox 2786 326 2924 397; x_wconf 85' lang='lat' dir='ltr'><strong>apud</strong></span> <span class='ocrx_word' id='word_1_19' title='bbox 2956 326 3145 400; x_wconf 89' lang='lat' dir='ltr'><strong>urbem</strong></span> <span class='ocrx_word' id='word_1_20' title='bbox 3167 328 3447 395; x_wconf 81' lang='lat' dir='ltr'><strong>Nicensem</strong></span> <span class='ocrx_word' id='word_1_21' title='bbox 3474 344 3543 386; x_wconf 84' lang='lat' dir='ltr'><strong>eo</strong></span> <span class='ocrx_word' id='word_1_22' title='bbox 3569 338 3824 400; x_wconf 76' lang='lat' dir='ltr'><strong>tempore</strong></span> 
     </span>
    </p>
   </div>
   <div class='ocr_carea' id='block_1_5' title="bbox 565 420 2135 499">
    <p class='ocr_par' dir='ltr' id='par_1_5' title="bbox 565 420 2135 499">
     <span class='ocr_line' id='line_1_5' title="bbox 565 420 2135 499; baseline -0.013 -8"><span class='ocrx_word' id='word_1_23' title='bbox 565 432 765 491; x_wconf 75' lang='lat' dir='ltr'><strong>carne?</strong></span> <span class='ocrx_word' id='word_1_24' title='bbox 792 431 871 485; x_wconf 83' lang='lat' dir='ltr'><strong>Ad</strong></span> <span class='ocrx_word' id='word_1_25' title='bbox 905 433 1016 485; x_wconf 80' lang='lat' dir='ltr'><strong>liacc</strong></span> <span class='ocrx_word' id='word_1_26' title='bbox 1042 443 1142 499; x_wconf 90' lang='lat' dir='ltr'><strong>ego</strong></span> <span class='ocrx_word' id='word_1_27' title='bbox 1167 445 1179 479; x_wconf 85' lang='lat'><strong>:</strong></span> <span class='ocrx_word' id='word_1_28' title='bbox 1210 428 1255 481; x_wconf 78' lang='grc' dir='ltr'><strong>Α</strong></span> <span class='ocrx_word' id='word_1_29' title='bbox 1286 426 1544 493; x_wconf 83' lang='lat' dir='ltr'><strong>principio</strong></span> <span class='ocrx_word' id='word_1_30' title='bbox 1570 439 1740 492; x_wconf 86' lang='lat' dir='ltr'><strong>genus</strong></span> <span class='ocrx_word' id='word_1_31' title='bbox 1766 437 1978 491; x_wconf 84' lang='lat' dir='ltr'><strong>semper</strong></span> <span class='ocrx_word' id='word_1_32' title='bbox 2003 420 2135 474; x_wconf 86' lang='lat' dir='ltr'><strong>deli-</strong></span> 
     </span>
    </p>
   </div>
   <div class='ocr_carea' id='block_1_6' title="bbox 566 512 2137 594">
    <p class='ocr_par' dir='ltr' id='par_1_6' title="bbox 566 512 2137 594">
     <span class='ocr_line' id='line_1_6' title="bbox 566 512 2137 594; baseline -0.013 -13"><span class='ocrx_word' id='word_1_33' title='bbox 566 525 683 594; x_wconf 80' lang='lat' dir='ltr'><strong>quit</strong></span> <span class='ocrx_word' id='word_1_34' title='bbox 712 524 1033 584; x_wconf 91' lang='lat' dir='ltr'><strong>humanum,</strong></span> <span class='ocrx_word' id='word_1_35' title='bbox 1063 534 1221 589; x_wconf 86' lang='lat' dir='ltr'><strong>quem</strong></span> <span class='ocrx_word' id='word_1_36' title='bbox 1255 532 1521 587; x_wconf 91' lang='lat' dir='ltr'><strong>nunquam</strong></span> <span class='ocrx_word' id='word_1_37' title='bbox 1551 516 1737 583; x_wconf 84' lang='lat' dir='ltr'><strong>terruit</strong></span> <span class='ocrx_word' id='word_1_38' title='bbox 1764 528 1862 581; x_wconf 85' lang='lat' dir='ltr'><strong>nec</strong></span> <span class='ocrx_word' id='word_1_39' title='bbox 1890 512 2137 565; x_wconf 85' lang='lat' dir='ltr'><strong>submer-</strong></span> 
     </span>
    </p>
   </div>
   <div class='ocr_carea' id='block_1_7' title="bbox 565 600 2138 672">
    <p class='ocr_par' dir='ltr' id='par_1_7' title="bbox 565 600 2138 672">
     <span class='ocr_line' id='line_1_7' title="bbox 565 600 2138 672; baseline -0.009 -5"><span class='ocrx_word' id='word_1_40' title='bbox 565 616 646 667; x_wconf 83' lang='lat' dir='ltr'><strong>sio</strong></span> <span class='ocrx_word' id='word_1_41' title='bbox 673 613 852 666; x_wconf 79' lang='lat' dir='ltr'><strong>diluvii</strong></span> <span class='ocrx_word' id='word_1_42' title='bbox 872 652 884 672; x_wconf 84' lang='lat'><strong>,</strong></span> <span class='ocrx_word' id='word_1_43' title='bbox 911 624 1006 663; x_wconf 87' lang='lat' dir='ltr'><strong>nec</strong></span> <span class='ocrx_word' id='word_1_44' title='bbox 1037 607 1337 663; x_wconf 84' lang='lat' dir='ltr'><strong>incendium</strong></span> <span class='ocrx_word' id='word_1_45' title='bbox 1365 605 1633 671; x_wconf 72' lang='lat' dir='ltr'><strong>Sodomae,</strong></span> <span class='ocrx_word' id='word_1_46' title='bbox 1656 619 1754 658; x_wconf 91' lang='lat' dir='ltr'><strong>nec</strong></span> <span class='ocrx_word' id='word_1_47' title='bbox 1779 604 1944 670; x_wconf 69' lang='lat' dir='ltr'><strong>plagae</strong></span> <span class='ocrx_word' id='word_1_48' title='bbox 1968 600 2138 670; x_wconf 57' lang='lat' dir='ltr'><strong>Algy-</strong></span> 
     </span>
    </p>
   </div>
   <div class='ocr_carea' id='block_1_8' title="bbox 567 690 2136 770">
    <p class='ocr_par' dir='ltr' id='par_1_8' title="bbox 567 690 2136 770">
     <span class='ocr_line' id='line_1_8' title="bbox 567 690 2136 770; baseline -0.01 -13"><span class='ocrx_word' id='word_1_49' title='bbox 567 705 676 770; x_wconf 89' lang='lat' dir='ltr'><strong>pti,</strong></span> <span class='ocrx_word' id='word_1_50' title='bbox 708 715 807 755; x_wconf 85' lang='lat' dir='ltr'><strong>nec</strong></span> <span class='ocrx_word' id='word_1_51' title='bbox 836 698 1145 753; x_wconf 78' lang='lat' dir='ltr'><strong>miraculum</strong></span> <span class='ocrx_word' id='word_1_52' title='bbox 1177 697 1359 759; x_wconf 85' lang='lat' dir='ltr'><strong>maris,</strong></span> <span class='ocrx_word' id='word_1_53' title='bbox 1392 693 1743 762; x_wconf 83' lang='lat' dir='ltr'><strong>Jordanisque</strong></span> <span class='ocrx_word' id='word_1_54' title='bbox 1785 691 1974 746; x_wconf 81' lang='lat' dir='ltr'><strong>divisio</strong></span> <span class='ocrx_word' id='word_1_55' title='bbox 2001 707 2013 742; x_wconf 92' lang='lat'>:</span> <span class='ocrx_word' id='word_1_56' title='bbox 2046 690 2136 757; x_wconf 92' lang='lat' dir='ltr'><strong>qui</strong></span> 
     </span>
    </p>
   </div>
   <div class='ocr_carea' id='block_1_9' title="bbox 565 779 2138 861">
    <p class='ocr_par' dir='ltr' id='par_1_9' title="bbox 565 779 2138 861">
     <span class='ocr_line' id='line_1_9' title="bbox 565 779 2138 861; baseline -0.01 -14"><span class='ocrx_word' id='word_1_57' title='bbox 565 807 780 861; x_wconf 82' lang='lat' dir='ltr'><strong>semper</strong></span> <span class='ocrx_word' id='word_1_58' title='bbox 808 790 931 860; x_wconf 85' lang='lat' dir='ltr'><strong>Legi</strong></span> <span class='ocrx_word' id='word_1_59' title='bbox 962 788 1053 842; x_wconf 89' lang='lat' dir='ltr'><strong>Dei</strong></span> <span class='ocrx_word' id='word_1_60' title='bbox 1081 787 1310 850; x_wconf 91' lang='lat' dir='ltr'><strong>restitit,</strong></span> <span class='ocrx_word' id='word_1_61' title='bbox 1345 783 1619 850; x_wconf 80' lang='lat' dir='ltr'><strong>prophetis</strong></span> <span class='ocrx_word' id='word_1_62' title='bbox 1649 796 1754 835; x_wconf 91' lang='lat' dir='ltr'><strong>non</strong></span> <span class='ocrx_word' id='word_1_63' title='bbox 1794 779 2054 843; x_wconf 84' lang='lat' dir='ltr'><strong>credidit;</strong></span> <span class='ocrx_word' id='word_1_64' title='bbox 2082 786 2138 834; x_wconf 89' lang='lat' dir='ltr'><strong>et</strong></span> 
     </span>
    </p>
   </div>
   <div class='ocr_carea' id='block_1_10' title="bbox 566 870 2138 939">
    <p class='ocr_par' dir='ltr' id='par_1_10' title="bbox 566 870 2138 939">
     <span class='ocr_line' id='line_1_10' title="bbox 566 870 2138 939; baseline -0.011 -2"><span class='ocrx_word' id='word_1_65' title='bbox 566 898 675 937; x_wconf 89' lang='lat' dir='ltr'><strong>non</strong></span> <span class='ocrx_word' id='word_1_66' title='bbox 711 882 881 936; x_wconf 90' lang='lat' dir='ltr'><strong>solum</strong></span> <span class='ocrx_word' id='word_1_67' title='bbox 913 893 1017 933; x_wconf 92' lang='lat' dir='ltr'><strong>non</strong></span> <span class='ocrx_word' id='word_1_68' title='bbox 1064 877 1323 939; x_wconf 85' lang='lat' dir='ltr'><strong>credidit,</strong></span> <span class='ocrx_word' id='word_1_69' title='bbox 1356 889 1539 927; x_wconf 90' lang='lat' dir='ltr'><strong>verum</strong></span> <span class='ocrx_word' id='word_1_70' title='bbox 1582 872 1742 926; x_wconf 86' lang='lat' dir='ltr'><strong>etiam</strong></span> <span class='ocrx_word' id='word_1_71' title='bbox 1774 870 1920 939; x_wconf 91' lang='lat' dir='ltr'><strong>ipsos</strong></span> <span class='ocrx_word' id='word_1_72' title='bbox 1948 870 2138 937; x_wconf 63' lang='lat' dir='ltr'><strong>praedi-</strong></span> 
     </span>
    </p>
   </div>
   <div class='ocr_carea' id='block_1_11' title="bbox 565 959 2134 1039">
    <p class='ocr_par' dir='ltr' id='par_1_11' title="bbox 565 959 2134 1039">
     <span class='ocr_line' id='line_1_11' title="bbox 565 959 2134 1039; baseline -0.01 -12"><span class='ocrx_word' id='word_1_73' title='bbox 565 982 775 1027; x_wconf 88' lang='lat' dir='ltr'><strong>catores</strong></span> <span class='ocrx_word' id='word_1_74' title='bbox 801 968 1127 1039; x_wconf 60' lang='lat' dir='ltr'><strong>poenitentia:</strong></span> <span class='ocrx_word' id='word_1_75' title='bbox 1165 966 1452 1019; x_wconf 86' lang='lat' dir='ltr'><strong>interemit.</strong></span> <span class='ocrx_word' id='word_1_76' title='bbox 1485 963 1608 1015; x_wconf 80' lang='lat' dir='ltr'><strong>Ideo</strong></span> <span class='ocrx_word' id='word_1_77' title='bbox 1636 960 1747 1030; x_wconf 84' lang='lat' dir='ltr'><strong>nisi</strong></span> <span class='ocrx_word' id='word_1_78' title='bbox 1776 961 1889 1028; x_wconf 88' lang='lat' dir='ltr'><strong>ipse</strong></span> <span class='ocrx_word' id='word_1_79' title='bbox 1918 959 1985 1013; x_wconf 87' lang='lat' dir='ltr'><strong>ad</strong></span> <span class='ocrx_word' id='word_1_80' title='bbox 2013 974 2134 1033; x_wconf 86' lang='lat' dir='ltr'><strong>eum</strong></span> 
     </span>
    </p>
   </div>
   <div class='ocr_carea' id='block_1_12' title="bbox 566 1051 2135 1129">
    <p class='ocr_par' dir='ltr' id='par_1_12' title="bbox 566 1051 2135 1129">
     <span class='ocr_line' id='line_1_12' title="bbox 566 1051 2135 1129; baseline -0.008 -14"><span class='ocrx_word' id='word_1_81' title='bbox 566 1056 929 1115; x_wconf 77' lang='lat' dir='ltr'><strong>descendisset</strong></span> <span class='ocrx_word' id='word_1_82' title='bbox 972 1059 1253 1129; x_wconf 65' lang='lat' dir='ltr'><strong>redimere,</strong></span> <span class='ocrx_word' id='word_1_83' title='bbox 1284 1056 1399 1107; x_wconf 64' lang='lat' dir='ltr'><strong>haec</strong></span> <span class='ocrx_word' id='word_1_84' title='bbox 1426 1054 1642 1120; x_wconf 82' lang='lat' dir='ltr'><strong>explere</strong></span> <span class='ocrx_word' id='word_1_85' title='bbox 1683 1066 1787 1103; x_wconf 91' lang='lat' dir='ltr'><strong>non</strong></span> <span class='ocrx_word' id='word_1_86' title='bbox 1819 1057 2025 1116; x_wconf 87' lang='lat' dir='ltr'><strong>poterat</strong></span> <span class='ocrx_word' id='word_1_87' title='bbox 2052 1051 2135 1102; x_wconf 86' lang='lat' dir='ltr'><strong>al-</strong></span> 
     </span>
    </p>
   </div>
   <div class='ocr_carea' id='block_1_13' title="bbox 567 1141 2134 1220">
    <p class='ocr_par' dir='ltr' id='par_1_13' title="bbox 567 1141 2134 1220">
     <span class='ocr_line' id='line_1_13' title="bbox 567 1141 2134 1220; baseline -0.011 -13"><span class='ocrx_word' id='word_1_88' title='bbox 567 1165 671 1207; x_wconf 87' lang='lat' dir='ltr'><strong>ter.</strong></span> <span class='ocrx_word' id='word_1_89' title='bbox 712 1151 878 1220; x_wconf 83' lang='lat' dir='ltr'><strong>Cujus</strong></span> <span class='ocrx_word' id='word_1_90' title='bbox 928 1165 1022 1202; x_wconf 91' lang='lat' dir='ltr'><strong>nos</strong></span> <span class='ocrx_word' id='word_1_91' title='bbox 1072 1148 1344 1200; x_wconf 69' lang='lat' dir='ltr'><strong>nativit-ite</strong></span> <span class='ocrx_word' id='word_1_92' title='bbox 1390 1143 1593 1205; x_wconf 86' lang='lat' dir='ltr'><strong>renati,</strong></span> <span class='ocrx_word' id='word_1_93' title='bbox 1628 1141 1891 1209; x_wconf 79' lang='lat' dir='ltr'><strong>baptismo</strong></span> <span class='ocrx_word' id='word_1_94' title='bbox 1937 1141 2134 1207; x_wconf 88' lang='lat' dir='ltr'><strong>abluti,</strong></span> 
     </span>
    </p>
   </div>
   <div class='ocr_carea' id='block_1_14' title="bbox 565 1231 2137 1304">
    <p class='ocr_par' dir='ltr' id='par_1_14' title="bbox 565 1231 2137 1304">
     <span class='ocr_line' id='line_1_14' title="bbox 565 1231 2137 1304; baseline -0.006 -11"><span class='ocrx_word' id='word_1_95' title='bbox 565 1243 786 1296; x_wconf 83' lang='lat' dir='ltr'><strong>vulnere</strong></span> <span class='ocrx_word' id='word_1_96' title='bbox 814 1242 979 1295; x_wconf 83' lang='lat' dir='ltr'><strong>curati</strong></span> <span class='ocrx_word' id='word_1_97' title='bbox 998 1283 1011 1304; x_wconf 92' lang='lat'><strong>,</strong></span> <span class='ocrx_word' id='word_1_98' title='bbox 1040 1234 1428 1292; x_wconf 83' lang='lat' dir='ltr'><strong>resurrectione</strong></span> <span class='ocrx_word' id='word_1_99' title='bbox 1452 1231 1615 1285; x_wconf 86' lang='lat' dir='ltr'><strong>erecti</strong></span> <span class='ocrx_word' id='word_1_100' title='bbox 1639 1271 1654 1295; x_wconf 92' lang='lat'><strong>,</strong></span> <span class='ocrx_word' id='word_1_101' title='bbox 1685 1233 2007 1297; x_wconf 82' lang='lat' dir='ltr'><strong>ascensione</strong></span> <span class='ocrx_word' id='word_1_102' title='bbox 2024 1232 2137 1299; x_wconf 87' lang='lat' dir='ltr'><strong>glo-</strong></span> 
     </span>
    </p>
   </div>
   <div class='ocr_carea' id='block_1_15' title="bbox 565 1323 2134 1397">
    <p class='ocr_par' dir='ltr' id='par_1_15' title="bbox 565 1323 2134 1397">
     <span class='ocr_line' id='line_1_15' title="bbox 565 1323 2134 1397; baseline -0.008 -9"><span class='ocrx_word' id='word_1_103' title='bbox 565 1334 751 1388; x_wconf 86' lang='lat' dir='ltr'><strong>rilicati</strong></span> <span class='ocrx_word' id='word_1_104' title='bbox 793 1346 996 1386; x_wconf 80' lang='lat' dir='ltr'><strong>sumus.</strong></span> <span class='ocrx_word' id='word_1_105' title='bbox 1027 1329 1175 1395; x_wconf 77' lang='lat' dir='ltr'><strong>Quod</strong></span> <span class='ocrx_word' id='word_1_106' title='bbox 1223 1336 1400 1397; x_wconf 86' lang='lat' dir='ltr'><strong>autem</strong></span> <span class='ocrx_word' id='word_1_107' title='bbox 1450 1328 1647 1379; x_wconf 81' lang='lat' dir='ltr'><strong>morbis</strong></span> <span class='ocrx_word' id='word_1_108' title='bbox 1693 1326 1889 1379; x_wconf 88' lang='lat' dir='ltr'><strong>nostris</strong></span> <span class='ocrx_word' id='word_1_109' title='bbox 1935 1323 2134 1387; x_wconf 84' lang='lat' dir='ltr'><strong>mederi</strong></span> 
     </span>
    </p>
   </div>
   <div class='ocr_carea' id='block_1_16' title="bbox 566 1417 2135 1488">
    <p class='ocr_par' dir='ltr' id='par_1_16' title="bbox 566 1417 2135 1488">
     <span class='ocr_line' id='line_1_16' title="bbox 566 1417 2135 1488; baseline -0.006 -7"><span class='ocrx_word' id='word_1_110' title='bbox 566 1434 824 1481; x_wconf 73' lang='lat' dir='ltr'><strong>venturus</strong></span> <span class='ocrx_word' id='word_1_111' title='bbox 849 1430 998 1484; x_wconf 87' lang='lat' dir='ltr'><strong>erat,</strong></span> <span class='ocrx_word' id='word_1_112' title='bbox 1033 1419 1285 1485; x_wconf 86' lang='lat' dir='ltr'><strong>pr0phela</strong></span> <span class='ocrx_word' id='word_1_113' title='bbox 1318 1428 1438 1472; x_wconf 89' lang='lat' dir='ltr'><strong>tuus</strong></span> <span class='ocrx_word' id='word_1_114' title='bbox 1479 1420 1550 1470; x_wconf 89' lang='lat' dir='ltr'><strong>ait</strong></span> <span class='ocrx_word' id='word_1_115' title='bbox 1581 1434 1594 1469; x_wconf 94' lang='lat'><strong>:</strong></span> <span class='ocrx_word' id='word_1_116' title='bbox 1625 1417 1805 1473; x_wconf 83' lang='lat' dir='ltr'><strong>Livore</strong></span> <span class='ocrx_word' id='word_1_117' title='bbox 1829 1419 1937 1488; x_wconf 96' lang='lat' dir='ltr'><strong>ejus</strong></span> <span class='ocrx_word' id='word_1_118' title='bbox 1964 1418 2135 1479; x_wconf 80' lang='lat' dir='ltr'><strong>sanati</strong></span> 
     </span>
    </p>
   </div>
   <div class='ocr_carea' id='block_1_17' title="bbox 563 1508 2135 1582">
    <p class='ocr_par' dir='ltr' id='par_1_17' title="bbox 563 1508 2135 1582">
     <span class='ocr_line' id='line_1_17' title="bbox 563 1508 2135 1582; baseline -0.003 -14"><span class='ocrx_word' id='word_1_119' title='bbox 563 1512 936 1582; x_wconf 9' lang='lat' dir='ltr'><strong>sumusKUsai.</strong></span> <span class='ocrx_word' id='word_1_120' title='bbox 970 1526 1082 1573; x_wconf 83' lang='lat' dir='ltr'><strong>LIII,</strong></span> <span class='ocrx_word' id='word_1_121' title='bbox 1118 1510 1196 1575; x_wconf 84' lang='lat'><strong>5).</strong></span> <span class='ocrx_word' id='word_1_122' title='bbox 1239 1508 1304 1562; x_wconf 84' lang='lat' dir='ltr'><strong>Et</strong></span> <span class='ocrx_word' id='word_1_123' title='bbox 1349 1509 1509 1575; x_wconf 78' lang='lat' dir='ltr'><strong>alibi,</strong></span> <span class='ocrx_word' id='word_1_124' title='bbox 1545 1509 1665 1576; x_wconf 80' lang='lat' dir='ltr'><strong>Ipse</strong></span> <span class='ocrx_word' id='word_1_125' title='bbox 1710 1519 1916 1578; x_wconf 83' lang='lat' dir='ltr'><strong>peccata</strong></span> <span class='ocrx_word' id='word_1_126' title='bbox 1964 1521 2135 1563; x_wconf 82' lang='lat' dir='ltr'><strong>nostra</strong></span> 
     </span>
    </p>
   </div>
   <div class='ocr_carea' id='block_1_18' title="bbox 562 1599 2134 1679">
    <p class='ocr_par' dir='ltr' id='par_1_18' title="bbox 562 1599 2134 1679">
     <span class='ocr_line' id='line_1_18' title="bbox 562 1599 2134 1679; baseline -0.001 -23"><span class='ocrx_word' id='word_1_127' title='bbox 562 1604 813 1679; x_wconf 75' lang='lat' dir='ltr'><strong>portabit,</strong></span> <span class='ocrx_word' id='word_1_128' title='bbox 843 1614 889 1657; x_wconf 89' lang='lat' dir='ltr'><strong>et</strong></span> <span class='ocrx_word' id='word_1_129' title='bbox 917 1602 1079 1656; x_wconf 84' lang='lat' dir='ltr'><strong>orabit</strong></span> <span class='ocrx_word' id='word_1_130' title='bbox 1108 1616 1201 1671; x_wconf 86' lang='lat' dir='ltr'><strong>pro</strong></span> <span class='ocrx_word' id='word_1_131' title='bbox 1241 1602 1694 1669; x_wconf 79' lang='lat' dir='ltr'><strong>transgressoribus</strong></span> <span class='ocrx_word' id='word_1_132' title='bbox 1740 1599 1902 1673; x_wconf 81' lang='lat' dir='ltr'><strong>(Ibid.</strong></span> <span class='ocrx_word' id='word_1_133' title='bbox 1929 1600 2038 1671; x_wconf 73' lang='grc'><strong>12).</strong></span> <span class='ocrx_word' id='word_1_134' title='bbox 2071 1603 2134 1655; x_wconf 83' lang='lat' dir='ltr'><strong>Et</strong></span> 
     </span>
    </p>
   </div>
   <div class='ocr_carea' id='block_1_19' title="bbox 2242 416 3819 489">
    <p class='ocr_par' dir='ltr' id='par_1_19' title="bbox 2242 416 3819 489">
     <span class='ocr_line' id='line_1_19' title="bbox 2242 416 3819 489; baseline 0.004 -20"><span class='ocrx_word' id='word_1_135' title='bbox 2242 416 2515 484; x_wconf 84' lang='lat' dir='ltr'><strong>llospitius</strong></span> <span class='ocrx_word' id='word_1_136' title='bbox 2545 419 2813 473; x_wconf 89' lang='lat' dir='ltr'><strong>reclausus</strong></span> <span class='ocrx_word' id='word_1_137' title='bbox 2842 434 3049 487; x_wconf 67' lang='lat' dir='ltr'><strong>magna;</strong></span> <span class='ocrx_word' id='word_1_138' title='bbox 3073 420 3433 486; x_wconf 68' lang='lat' dir='ltr'><strong>abstinentiae,</strong></span> <span class='ocrx_word' id='word_1_139' title='bbox 3461 422 3553 489; x_wconf 85' lang='lat' dir='ltr'><strong>qui</strong></span> <span class='ocrx_word' id='word_1_140' title='bbox 3580 424 3819 478; x_wconf 79' lang='lat' dir='ltr'><strong>constri-</strong></span> 
     </span>
    </p>
   </div>
   <div class='ocr_carea' id='block_1_20' title="bbox 2240 514 3819 583">
    <p class='ocr_par' dir='ltr' id='par_1_20' title="bbox 2240 514 3819 583">
     <span class='ocr_line' id='line_1_20' title="bbox 2240 514 3819 583; baseline 0.003 -19"><span class='ocrx_word' id='word_1_141' title='bbox 2240 521 2356 567; x_wconf 90' lang='lat' dir='ltr'><strong>ctus</strong></span> <span class='ocrx_word' id='word_1_142' title='bbox 2378 514 2577 575; x_wconf 80' lang='lat' dir='ltr'><strong>catenis</strong></span> <span class='ocrx_word' id='word_1_143' title='bbox 2602 514 2667 581; x_wconf 79' lang='lat' dir='ltr'><strong>ad</strong></span> <span class='ocrx_word' id='word_1_144' title='bbox 2699 529 2886 583; x_wconf 86' lang='lat' dir='ltr'><strong>purum</strong></span> <span class='ocrx_word' id='word_1_145' title='bbox 2908 529 3104 582; x_wconf 88' lang='lat' dir='ltr'><strong>corpus</strong></span> <span class='ocrx_word' id='word_1_146' title='bbox 3131 515 3338 577; x_wconf 76' lang='lat' dir='ltr'><strong>ferreis,</strong></span> <span class='ocrx_word' id='word_1_147' title='bbox 3366 517 3555 570; x_wconf 87' lang='lat' dir='ltr'><strong>induto</strong></span> <span class='ocrx_word' id='word_1_148' title='bbox 3582 517 3819 581; x_wconf 81' lang='lat' dir='ltr'><strong>desuper</strong></span> 
     </span>
    </p>
   </div>
   <div class='ocr_carea' id='block_1_21' title="bbox 2239 603 3821 674">
    <p class='ocr_par' dir='ltr' id='par_1_21' title="bbox 2239 603 3821 674">
     <span class='ocr_line' id='line_1_21' title="bbox 2239 603 3821 674; baseline 0.001 -18"><span class='ocrx_word' id='word_1_149' title='bbox 2239 603 2415 657; x_wconf 82' lang='lat' dir='ltr'><strong>cilicio</strong></span> <span class='ocrx_word' id='word_1_150' title='bbox 2437 641 2454 669; x_wconf 89' lang='lat'><strong>,</strong></span> <span class='ocrx_word' id='word_1_151' title='bbox 2506 603 2633 658; x_wconf 88' lang='lat' dir='ltr'><strong>nihil</strong></span> <span class='ocrx_word' id='word_1_152' title='bbox 2678 603 2818 657; x_wconf 86' lang='lat' dir='ltr'><strong>aliud</strong></span> <span class='ocrx_word' id='word_1_153' title='bbox 2850 618 3008 671; x_wconf 86' lang='lat' dir='ltr'><strong>quam</strong></span> <span class='ocrx_word' id='word_1_154' title='bbox 3036 620 3225 672; x_wconf 91' lang='lat' dir='ltr'><strong>purum</strong></span> <span class='ocrx_word' id='word_1_155' title='bbox 3261 620 3449 673; x_wconf 78' lang='lat' dir='ltr'><strong>panem</strong></span> <span class='ocrx_word' id='word_1_156' title='bbox 3481 621 3602 659; x_wconf 87' lang='lat' dir='ltr'><strong>cum</strong></span> <span class='ocrx_word' id='word_1_157' title='bbox 3633 607 3821 674; x_wconf 82' lang='lat' dir='ltr'><strong>paucis</strong></span> 
     </span>
    </p>
   </div>
   <div class='ocr_carea' id='block_1_22' title="bbox 2239 694 3817 773">
    <p class='ocr_par' dir='ltr' id='par_1_22' title="bbox 2239 694 3817 773">
     <span class='ocr_line' id='line_1_22' title="bbox 2239 694 3817 773; baseline 0.003 -28"><span class='ocrx_word' id='word_1_158' title='bbox 2239 694 2465 765; x_wconf 79' lang='lat' dir='ltr'><strong>dactylis</strong></span> <span class='ocrx_word' id='word_1_159' title='bbox 2489 696 2821 765; x_wconf 87' lang='lat' dir='ltr'><strong>comedebat.</strong></span> <span class='ocrx_word' id='word_1_160' title='bbox 2855 696 2908 748; x_wconf 90' lang='lat' dir='ltr'><strong>ln</strong></span> <span class='ocrx_word' id='word_1_161' title='bbox 2939 696 3131 750; x_wconf 82' lang='lat' dir='ltr'><strong>diebus</strong></span> <span class='ocrx_word' id='word_1_162' title='bbox 3160 706 3337 773; x_wconf 81' lang='lat' dir='ltr'><strong>autem</strong></span> <span class='ocrx_word' id='word_1_163' title='bbox 3357 698 3817 766; x_wconf 63' lang='lat' dir='ltr'><strong>Quadragesimse,</strong></span> 
     </span>
    </p>
   </div>
   <div class='ocr_carea' id='block_1_23' title="bbox 2239 785 3811 857">
    <p class='ocr_par' dir='ltr' id='par_1_23' title="bbox 2239 785 3811 857">
     <span class='ocr_line' id='line_1_23' title="bbox 2239 785 3811 857; baseline 0.001 -18"><span class='ocrx_word' id='word_1_164' title='bbox 2239 785 2309 840; x_wconf 82' lang='lat' dir='ltr'><strong>de</strong></span> <span class='ocrx_word' id='word_1_165' title='bbox 2339 787 2607 841; x_wconf 86' lang='lat' dir='ltr'><strong>radicibus</strong></span> <span class='ocrx_word' id='word_1_166' title='bbox 2635 787 2916 857; x_wconf 78' lang='lat' dir='ltr'><strong>herbarum</strong></span> <span class='ocrx_word' id='word_1_167' title='bbox 2961 788 3326 857; x_wconf 68' lang='lat' dir='ltr'><strong>)Egyptisrum</strong></span> <span class='ocrx_word' id='word_1_168' title='bbox 3360 799 3383 827; x_wconf 81' lang='grc' dir='ltr'><strong><em>ο</em></strong></span> <span class='ocrx_word' id='word_1_169' title='bbox 3412 830 3428 852; x_wconf 84' lang='grc'>,</span> <span class='ocrx_word' id='word_1_170' title='bbox 3469 790 3657 856; x_wconf 85' lang='lat' dir='ltr'><strong>quibus</strong></span> <span class='ocrx_word' id='word_1_171' title='bbox 3687 803 3811 840; x_wconf 88' lang='lat' dir='ltr'><strong>ere-</strong></span> 
     </span>
    </p>
   </div>
   <div class='ocr_carea' id='block_1_24' title="bbox 2240 877 3815 950">
    <p class='ocr_par' dir='ltr' id='par_1_24' title="bbox 2240 877 3815 950">
     <span class='ocr_line' id='line_1_24' title="bbox 2240 877 3815 950; baseline 0.001 -21"><span class='ocrx_word' id='word_1_172' title='bbox 2240 877 2383 933; x_wconf 78' lang='lat' dir='ltr'><strong>mitze</strong></span> <span class='ocrx_word' id='word_1_173' title='bbox 2420 887 2656 943; x_wconf 85' lang='lat' dir='ltr'><strong>utuntur,</strong></span> <span class='ocrx_word' id='word_1_174' title='bbox 2689 878 3072 950; x_wconf 79' lang='lat' dir='ltr'><strong>exhibentibus</strong></span> <span class='ocrx_word' id='word_1_175' title='bbox 3114 880 3213 935; x_wconf 85' lang='lat' dir='ltr'><strong>sibi</strong></span> <span class='ocrx_word' id='word_1_176' title='bbox 3246 879 3666 950; x_wconf 78' lang='lat' dir='ltr'><strong>negotiatoribus</strong></span> <span class='ocrx_word' id='word_1_177' title='bbox 3696 878 3815 931; x_wconf 77' lang='lat' dir='ltr'><strong>ale-</strong></span> 
     </span>
    </p>
   </div>
   <div class='ocr_carea' id='block_1_25' title="bbox 2238 966 3818 1038">
    <p class='ocr_par' dir='ltr' id='par_1_25' title="bbox 2238 966 3818 1038">
     <span class='ocr_line' id='line_1_25' title="bbox 2238 966 3818 1038; baseline -0.001 -17"><span class='ocrx_word' id='word_1_178' title='bbox 2238 966 2414 1022; x_wconf 80' lang='lat' dir='ltr'><strong>batur.</strong></span> <span class='ocrx_word' id='word_1_179' title='bbox 2444 967 2505 1020; x_wconf 82' lang='lat' dir='ltr'><strong>Et</strong></span> <span class='ocrx_word' id='word_1_180' title='bbox 2538 972 2764 1036; x_wconf 89' lang='lat' dir='ltr'><strong>primum</strong></span> <span class='ocrx_word' id='word_1_181' title='bbox 2801 968 3012 1036; x_wconf 85' lang='lat' dir='ltr'><strong>quidem</strong></span> <span class='ocrx_word' id='word_1_182' title='bbox 3037 969 3121 1036; x_wconf 89' lang='lat' dir='ltr'><strong>jus</strong></span> <span class='ocrx_word' id='word_1_183' title='bbox 3161 969 3212 1021; x_wconf 91' lang='lat' dir='ltr'><strong>in</strong></span> <span class='ocrx_word' id='word_1_184' title='bbox 3242 984 3346 1038; x_wconf 82' lang='lat' dir='ltr'><strong>quo</strong></span> <span class='ocrx_word' id='word_1_185' title='bbox 3381 979 3635 1024; x_wconf 79' lang='lat' dir='ltr'><strong>coxeraut</strong></span> <span class='ocrx_word' id='word_1_186' title='bbox 3679 969 3818 1022; x_wconf 78' lang='lat' dir='ltr'><strong>hau-</strong></span> 
     </span>
    </p>
   </div>
   <div class='ocr_carea' id='block_1_26' title="bbox 2240 1058 3818 1131">
    <p class='ocr_par' dir='ltr' id='par_1_26' title="bbox 2240 1058 3818 1131">
     <span class='ocr_line' id='line_1_26' title="bbox 2240 1058 3818 1131; baseline 0.005 -20"><span class='ocrx_word' id='word_1_187' title='bbox 2240 1058 2403 1121; x_wconf 89' lang='lat' dir='ltr'><strong>riens,</strong></span> <span class='ocrx_word' id='word_1_188' title='bbox 2434 1059 2577 1128; x_wconf 82' lang='lat' dir='ltr'><strong>ipsas</strong></span> <span class='ocrx_word' id='word_1_189' title='bbox 2607 1059 2851 1114; x_wconf 83' lang='lat' dir='ltr'><strong>sumebat</strong></span> <span class='ocrx_word' id='word_1_190' title='bbox 2879 1059 2930 1111; x_wconf 92' lang='lat' dir='ltr'><strong>in</strong></span> <span class='ocrx_word' id='word_1_191' title='bbox 2956 1067 3250 1127; x_wconf 83' lang='lat' dir='ltr'><strong>posterum.</strong></span> <span class='ocrx_word' id='word_1_192' title='bbox 3295 1060 3513 1127; x_wconf 79' lang='lat' dir='ltr'><strong>Magnas</strong></span> <span class='ocrx_word' id='word_1_193' title='bbox 3552 1062 3695 1116; x_wconf 87' lang='lat' dir='ltr'><strong>enim</strong></span> <span class='ocrx_word' id='word_1_194' title='bbox 3721 1078 3818 1131; x_wconf 82' lang='lat' dir='ltr'><strong>per</strong></span> 
     </span>
    </p>
   </div>
   <div class='ocr_carea' id='block_1_27' title="bbox 2239 1148 3815 1217">
    <p class='ocr_par' dir='ltr' id='par_1_27' title="bbox 2239 1148 3815 1217">
     <span class='ocr_line' id='line_1_27' title="bbox 2239 1148 3815 1217; baseline 0.004 -17"><span class='ocrx_word' id='word_1_195' title='bbox 2239 1161 2359 1200; x_wconf 87' lang='lat' dir='ltr'><strong>eum</strong></span> <span class='ocrx_word' id='word_1_196' title='bbox 2392 1148 2647 1202; x_wconf 87' lang='lat' dir='ltr'><strong>Dominus</strong></span> <span class='ocrx_word' id='word_1_197' title='bbox 2694 1148 2918 1202; x_wconf 82' lang='lat' dir='ltr'><strong>virtutes</strong></span> <span class='ocrx_word' id='word_1_198' title='bbox 2967 1148 3213 1217; x_wconf 87' lang='lat' dir='ltr'><strong>dignatus</strong></span> <span class='ocrx_word' id='word_1_199' title='bbox 3257 1157 3341 1202; x_wconf 89' lang='lat' dir='ltr'><strong>est</strong></span> <span class='ocrx_word' id='word_1_200' title='bbox 3392 1152 3625 1217; x_wconf 87' lang='lat' dir='ltr'><strong>operari.</strong></span> <span class='ocrx_word' id='word_1_201' title='bbox 3679 1154 3815 1207; x_wconf 78' lang='lat' dir='ltr'><strong>Nam</strong></span> 
     </span>
    </p>
   </div>
   <div class='ocr_carea' id='block_1_28' title="bbox 2239 1238 3814 1308">
    <p class='ocr_par' dir='ltr' id='par_1_28' title="bbox 2239 1238 3814 1308">
     <span class='ocr_line' id='line_1_28' title="bbox 2239 1238 3814 1308; baseline 0.004 -17"><span class='ocrx_word' id='word_1_202' title='bbox 2239 1238 2467 1306; x_wconf 86' lang='lat' dir='ltr'><strong>quodam</strong></span> <span class='ocrx_word' id='word_1_203' title='bbox 2500 1248 2773 1307; x_wconf 88' lang='lat' dir='ltr'><strong>tempore,</strong></span> <span class='ocrx_word' id='word_1_204' title='bbox 2834 1238 3103 1305; x_wconf 80' lang='lat' dir='ltr'><strong>revelante</strong></span> <span class='ocrx_word' id='word_1_205' title='bbox 3149 1239 3249 1295; x_wconf 86' lang='lat' dir='ltr'><strong>sibi</strong></span> <span class='ocrx_word' id='word_1_206' title='bbox 3280 1240 3483 1308; x_wconf 76' lang='lat' dir='ltr'><strong>Spiritu</strong></span> <span class='ocrx_word' id='word_1_207' title='bbox 3510 1248 3700 1297; x_wconf 78' lang='lat' dir='ltr'><strong>sancto</strong></span> <span class='ocrx_word' id='word_1_208' title='bbox 3723 1247 3814 1297; x_wconf 80' lang='lat' dir='ltr'><strong>ad-</strong></span> 
     </span>
    </p>
   </div>
   <div class='ocr_carea' id='block_1_29' title="bbox 2240 1314 3818 1403">
    <p class='ocr_par' dir='ltr' id='par_1_29' title="bbox 2240 1314 3818 1403">
     <span class='ocr_line' id='line_1_29' title="bbox 2240 1314 3818 1403; baseline 0.004 -21"><span class='ocrx_word' id='word_1_209' title='bbox 2240 1339 2456 1384; x_wconf 87' lang='lat' dir='ltr'><strong>ventum</strong></span> <span class='ocrx_word' id='word_1_210' title='bbox 2507 1329 2976 1397; x_wconf 79' lang='lat' dir='ltr'><strong>Langobardorum</strong></span> <span class='ocrx_word' id='word_1_211' title='bbox 3009 1331 3060 1383; x_wconf 92' lang='lat' dir='ltr'><strong>in</strong></span> <span class='ocrx_word' id='word_1_212' title='bbox 3104 1329 3301 1397; x_wconf 85' lang='lat' dir='ltr'><strong>Gallias</strong></span> <span class='ocrx_word' id='word_1_213' title='bbox 3356 1314 3459 1384; x_wconf 85' lang='lat' dir='ltr'><strong>hoc</strong></span> <span class='ocrx_word' id='word_1_214' title='bbox 3488 1333 3648 1387; x_wconf 90' lang='lat' dir='ltr'><strong>modo</strong></span> <span class='ocrx_word' id='word_1_215' title='bbox 3678 1348 3818 1403; x_wconf 70' lang='lat' dir='ltr'><strong>prte-</strong></span> 
     </span>
    </p>
   </div>
   <div class='ocr_carea' id='block_1_30' title="bbox 2238 1421 3815 1492">
    <p class='ocr_par' dir='ltr' id='par_1_30' title="bbox 2238 1421 3815 1492">
     <span class='ocr_line' id='line_1_30' title="bbox 2238 1421 3815 1492; baseline 0.004 -19"><span class='ocrx_word' id='word_1_216' title='bbox 2238 1421 2372 1475; x_wconf 83' lang='lat' dir='ltr'><strong>dixit</strong></span> <span class='ocrx_word' id='word_1_217' title='bbox 2405 1438 2418 1475; x_wconf 89' lang='lat'><strong>:</strong></span> <span class='ocrx_word' id='word_1_218' title='bbox 2453 1422 2694 1481; x_wconf 82' lang='lat' dir='ltr'><strong>Venient.</strong></span> <span class='ocrx_word' id='word_1_219' title='bbox 2729 1422 2917 1492; x_wconf 86' lang='lat' dir='ltr'><strong>inquit,</strong></span> <span class='ocrx_word' id='word_1_220' title='bbox 2950 1421 3280 1490; x_wconf 78' lang='lat' dir='ltr'><strong>Langobardi</strong></span> <span class='ocrx_word' id='word_1_221' title='bbox 3308 1423 3360 1476; x_wconf 92' lang='lat' dir='ltr'><strong>in</strong></span> <span class='ocrx_word' id='word_1_222' title='bbox 3393 1422 3609 1489; x_wconf 82' lang='lat' dir='ltr'><strong>Gallias,</strong></span> <span class='ocrx_word' id='word_1_223' title='bbox 3635 1437 3689 1479; x_wconf 85' lang='lat' dir='ltr'><strong>et</strong></span> <span class='ocrx_word' id='word_1_224' title='bbox 3722 1425 3815 1480; x_wconf 81' lang='lat' dir='ltr'><strong>de-</strong></span> 
     </span>
    </p>
   </div>
   <div class='ocr_carea' id='block_1_31' title="bbox 2239 1514 3817 1582">
    <p class='ocr_par' dir='ltr' id='par_1_31' title="bbox 2239 1514 3817 1582">
     <span class='ocr_line' id='line_1_31' title="bbox 2239 1514 3817 1582; baseline 0.004 -19"><span class='ocrx_word' id='word_1_225' title='bbox 2239 1514 2524 1567; x_wconf 87' lang='lat' dir='ltr'><strong>vastabunt</strong></span> <span class='ocrx_word' id='word_1_226' title='bbox 2574 1514 2816 1568; x_wconf 81' lang='lat' dir='ltr'><strong>civitates</strong></span> <span class='ocrx_word' id='word_1_227' title='bbox 2871 1523 3119 1582; x_wconf 79' lang='lat' dir='ltr'><strong>septem,</strong></span> <span class='ocrx_word' id='word_1_228' title='bbox 3195 1528 3261 1579; x_wconf 84' lang='lat' dir='ltr'><strong>eo</strong></span> <span class='ocrx_word' id='word_1_229' title='bbox 3324 1514 3463 1581; x_wconf 85' lang='lat' dir='ltr'><strong>quod</strong></span> <span class='ocrx_word' id='word_1_230' title='bbox 3524 1516 3817 1569; x_wconf 89' lang='lat' dir='ltr'><strong>increverit</strong></span> 
     </span>
    </p>
   </div>
   <div class='ocr_carea' id='block_1_32' title="bbox 2240 1602 3816 1673">
    <p class='ocr_par' dir='ltr' id='par_1_32' title="bbox 2240 1602 3816 1673">
     <span class='ocr_line' id='line_1_32' title="bbox 2240 1602 3816 1673; baseline 0.002 -17"><span class='ocrx_word' id='word_1_231' title='bbox 2240 1603 2438 1657; x_wconf 89' lang='lat' dir='ltr'><strong>malitia</strong></span> <span class='ocrx_word' id='word_1_232' title='bbox 2489 1618 2674 1673; x_wconf 88' lang='lat' dir='ltr'><strong>eorum</strong></span> <span class='ocrx_word' id='word_1_233' title='bbox 2725 1604 2777 1658; x_wconf 93' lang='lat' dir='ltr'><strong>in</strong></span> <span class='ocrx_word' id='word_1_234' title='bbox 2827 1614 3116 1672; x_wconf 86' lang='lat' dir='ltr'><strong>conspectu</strong></span> <span class='ocrx_word' id='word_1_235' title='bbox 3183 1602 3433 1669; x_wconf 86' lang='lat' dir='ltr'><strong>Domini,</strong></span> <span class='ocrx_word' id='word_1_236' title='bbox 3508 1606 3633 1672; x_wconf 82' lang='lat' dir='ltr'><strong>quia</strong></span> <span class='ocrx_word' id='word_1_237' title='bbox 3699 1606 3816 1659; x_wconf 56' lang='lat' dir='ltr'><strong>nul.</strong></span> 
     </span>
    </p>
   </div>
   <div class='ocr_carea' id='block_1_33' title="bbox 563 1693 3814 1768">
    <p class='ocr_par' dir='ltr' id='par_1_33' title="bbox 563 1693 3814 1768">
     <span class='ocr_line' id='line_1_33' title="bbox 563 1693 3814 1768; baseline -0.001 -17"><span class='ocrx_word' id='word_1_238' title='bbox 563 1698 785 1759; x_wconf 88' lang='lat' dir='ltr'><strong>iterum,</strong></span> <span class='ocrx_word' id='word_1_239' title='bbox 821 1697 963 1750; x_wconf 81' lang='lat' dir='ltr'><strong>Sicut</strong></span> <span class='ocrx_word' id='word_1_240' title='bbox 991 1695 1095 1747; x_wconf 88' lang='lat' dir='ltr'><strong>ovis</strong></span> <span class='ocrx_word' id='word_1_241' title='bbox 1124 1693 1191 1753; x_wconf 85' lang='lat' dir='ltr'><strong>ad</strong></span> <span class='ocrx_word' id='word_1_242' title='bbox 1218 1694 1528 1768; x_wconf 80' lang='lat' dir='ltr'><strong>occisionem</strong></span> <span class='ocrx_word' id='word_1_243' title='bbox 1545 1694 1730 1746; x_wconf 78' lang='lat' dir='ltr'><strong>ductus</strong></span> <span class='ocrx_word' id='word_1_244' title='bbox 1759 1704 1832 1747; x_wconf 91' lang='lat' dir='ltr'><strong>est</strong></span> <span class='ocrx_word' id='word_1_245' title='bbox 1864 1709 1883 1747; x_wconf 89' lang='lat'><strong><em>:</em></strong></span> <span class='ocrx_word' id='word_1_246' title='bbox 1911 1704 1959 1746; x_wconf 81' lang='lat' dir='ltr'><strong>et</strong></span> <span class='ocrx_word' id='word_1_247' title='bbox 1987 1695 2132 1761; x_wconf 85' lang='lat' dir='ltr'><strong>quasi</strong></span> <span class='ocrx_word' id='word_1_248' title='bbox 2165 1693 2211 1754; x_wconf 77' lang='grc' dir='ltr'><strong><em>Β</em></strong></span> <span class='ocrx_word' id='word_1_249' title='bbox 2242 1693 2325 1747; x_wconf 90' lang='lat' dir='ltr'><strong>lus</strong></span> <span class='ocrx_word' id='word_1_250' title='bbox 2376 1701 2461 1749; x_wconf 85' lang='lat' dir='ltr'><strong>est</strong></span> <span class='ocrx_word' id='word_1_251' title='bbox 2508 1694 2813 1765; x_wconf 82' lang='lat' dir='ltr'><strong>intelligens</strong></span> <span class='ocrx_word' id='word_1_252' title='bbox 2844 1732 2863 1758; x_wconf 66' lang='grc' dir='ltr'>ι</span> <span class='ocrx_word' id='word_1_253' title='bbox 2916 1694 3091 1748; x_wconf 89' lang='lat' dir='ltr'><strong>nullus</strong></span> <span class='ocrx_word' id='word_1_254' title='bbox 3135 1703 3218 1761; x_wconf 77' lang='lat' dir='ltr'><strong>est</strong></span> <span class='ocrx_word' id='word_1_255' title='bbox 3274 1696 3552 1765; x_wconf 75' lang='lat' dir='ltr'><strong>requirens</strong></span> <span class='ocrx_word' id='word_1_256' title='bbox 3594 1696 3765 1750; x_wconf 89' lang='lat' dir='ltr'><strong>Deum</strong></span> <span class='ocrx_word' id='word_1_257' title='bbox 3797 1737 3814 1761; x_wconf 87' lang='lat'><strong>,</strong></span> 
     </span>
    </p>
   </div>
   <div class='ocr_carea' id='block_1_34' title="bbox 562 1783 2138 1857">
    <p class='ocr_par' dir='ltr' id='par_1_34' title="bbox 562 1783 2138 1857">
     <span class='ocr_line' id='line_1_34' title="bbox 562 1783 2138 1857; baseline -0.002 -18"><span class='ocrx_word' id='word_1_258' title='bbox 562 1802 723 1857; x_wconf 84' lang='lat' dir='ltr'><strong>agnus</strong></span> <span class='ocrx_word' id='word_1_259' title='bbox 761 1801 934 1839; x_wconf 88' lang='lat' dir='ltr'><strong>coram</strong></span> <span class='ocrx_word' id='word_1_260' title='bbox 964 1784 1196 1837; x_wconf 82' lang='lat' dir='ltr'><strong>tondente</strong></span> <span class='ocrx_word' id='word_1_261' title='bbox 1224 1799 1275 1835; x_wconf 87' lang='lat' dir='ltr'><strong>se</strong></span> <span class='ocrx_word' id='word_1_262' title='bbox 1302 1783 1411 1837; x_wconf 86' lang='lat' dir='ltr'><strong>sine</strong></span> <span class='ocrx_word' id='word_1_263' title='bbox 1438 1798 1575 1848; x_wconf 83' lang='lat' dir='ltr'><strong>vare,</strong></span> <span class='ocrx_word' id='word_1_264' title='bbox 1603 1785 1675 1851; x_wconf 84' lang='lat' dir='ltr'><strong>sic</strong></span> <span class='ocrx_word' id='word_1_265' title='bbox 1701 1799 1804 1855; x_wconf 82' lang='lat' dir='ltr'><strong>non</strong></span> <span class='ocrx_word' id='word_1_266' title='bbox 1847 1784 2048 1853; x_wconf 86' lang='lat' dir='ltr'><strong>aperuit</strong></span> <span class='ocrx_word' id='word_1_267' title='bbox 2082 1799 2138 1836; x_wconf 85' lang='lat' dir='ltr'><strong>os</strong></span> 
     </span>
    </p>
   </div>
   <div class='ocr_carea' id='block_1_35' title="bbox 561 1872 2140 1950">
    <p class='ocr_par' dir='ltr' id='par_1_35' title="bbox 561 1872 2140 1950">
     <span class='ocr_line' id='line_1_35' title="bbox 561 1872 2140 1950; baseline -0.002 -17"><span class='ocrx_word' id='word_1_268' title='bbox 561 1896 731 1934; x_wconf 84' lang='lat' dir='ltr'><strong>suum.</strong></span> <span class='ocrx_word' id='word_1_269' title='bbox 762 1877 827 1931; x_wconf 88' lang='lat' dir='ltr'><strong>In</strong></span> <span class='ocrx_word' id='word_1_270' title='bbox 852 1877 1201 1932; x_wconf 82' lang='lat' dir='ltr'><strong>humiliatione</strong></span> <span class='ocrx_word' id='word_1_271' title='bbox 1219 1875 1473 1947; x_wconf 78' lang='lat' dir='ltr'><strong>judicium</strong></span> <span class='ocrx_word' id='word_1_272' title='bbox 1497 1876 1608 1945; x_wconf 80' lang='lat' dir='ltr'><strong>ejus</strong></span> <span class='ocrx_word' id='word_1_273' title='bbox 1636 1872 1899 1950; x_wconf 26' lang='lat' dir='ltr'><strong>sublatum;</strong></span> <span class='ocrx_word' id='word_1_274' title='bbox 1916 1884 2009 1928; x_wconf 88' lang='lat' dir='ltr'><strong>est.</strong></span> <span class='ocrx_word' id='word_1_275' title='bbox 2037 1872 2140 1930; x_wconf 82' lang='lat' dir='ltr'><strong>Ge-</strong></span> 
     </span>
    </p>
   </div>
   <div class='ocr_carea' id='block_1_36' title="bbox 562 1964 2137 2037">
    <p class='ocr_par' dir='ltr' id='par_1_36' title="bbox 562 1964 2137 2037">
     <span class='ocr_line' id='line_1_36' title="bbox 562 1964 2137 2037; baseline -0.004 -15"><span class='ocrx_word' id='word_1_276' title='bbox 562 1970 875 2023; x_wconf 86' lang='lat' dir='ltr'><strong>nerationcm</strong></span> <span class='ocrx_word' id='word_1_277' title='bbox 914 1970 1023 2037; x_wconf 83' lang='lat' dir='ltr'><strong>ejus</strong></span> <span class='ocrx_word' id='word_1_278' title='bbox 1064 1967 1174 2034; x_wconf 87' lang='lat' dir='ltr'><strong>quis</strong></span> <span class='ocrx_word' id='word_1_279' title='bbox 1205 1965 1457 2023; x_wconf 80' lang='lat' dir='ltr'><strong>euarrabit</strong></span> <span class='ocrx_word' id='word_1_280' title='bbox 1488 1964 1649 2035; x_wconf 86' lang='lat' dir='ltr'><strong>(Ibid.</strong></span> <span class='ocrx_word' id='word_1_281' title='bbox 1673 1967 1724 2031; x_wconf 90' lang='lat'><strong>7,</strong></span> <span class='ocrx_word' id='word_1_282' title='bbox 1757 1966 1848 2035; x_wconf 75' lang='lat'><strong>8)?</strong></span> <span class='ocrx_word' id='word_1_283' title='bbox 1886 1966 2137 2019; x_wconf 82' lang='lat' dir='ltr'><strong>Dominus</strong></span> 
     </span>
    </p>
   </div>
   <div class='ocr_carea' id='block_1_37' title="bbox 561 2054 2145 2127">
    <p class='ocr_par' dir='ltr' id='par_1_37' title="bbox 561 2054 2145 2127">
     <span class='ocr_line' id='line_1_37' title="bbox 561 2054 2145 2127; baseline -0.003 -12"><span class='ocrx_word' id='word_1_284' title='bbox 561 2062 869 2115; x_wconf 70' lang='lat' dir='ltr'><strong>exercituum</strong></span> <span class='ocrx_word' id='word_1_285' title='bbox 894 2074 1071 2111; x_wconf 83' lang='lat' dir='ltr'><strong>nomen</strong></span> <span class='ocrx_word' id='word_1_286' title='bbox 1099 2060 1211 2127; x_wconf 83' lang='lat' dir='ltr'><strong>ejus</strong></span> <span class='ocrx_word' id='word_1_287' title='bbox 1240 2054 1393 2127; x_wconf 89' lang='lat' dir='ltr'><strong>(Isai.</strong></span> <span class='ocrx_word' id='word_1_288' title='bbox 1420 2072 1526 2121; x_wconf 84' lang='lat' dir='ltr'><strong>Liv,</strong></span> <span class='ocrx_word' id='word_1_289' title='bbox 1551 2055 1626 2126; x_wconf 83' lang='lat'><strong>5).</strong></span> <span class='ocrx_word' id='word_1_290' title='bbox 1658 2057 1729 2111; x_wconf 90' lang='lat' dir='ltr'><strong>De</strong></span> <span class='ocrx_word' id='word_1_291' title='bbox 1758 2057 1856 2110; x_wconf 90' lang='lat' dir='ltr'><strong>hoc</strong></span> <span class='ocrx_word' id='word_1_292' title='bbox 1886 2067 1939 2127; x_wconf 89' lang='lat' dir='ltr'><strong>et</strong></span> <span class='ocrx_word' id='word_1_293' title='bbox 1971 2056 2145 2127; x_wconf 12' lang='lat' dir='ltr'><strong>Jacob‘</strong></span> 
     </span>
    </p>
   </div>
   <div class='ocr_carea' id='block_1_38' title="bbox 563 2149 2134 2219">
    <p class='ocr_par' dir='ltr' id='par_1_38' title="bbox 563 2149 2134 2219">
     <span class='ocr_line' id='line_1_38' title="bbox 563 2149 2134 2219; baseline -0.001 -16"><span class='ocrx_word' id='word_1_294' title='bbox 563 2152 674 2217; x_wconf 89' lang='lat' dir='ltr'><strong>ille,</strong></span> <span class='ocrx_word' id='word_1_295' title='bbox 701 2151 770 2206; x_wconf 89' lang='lat' dir='ltr'><strong>de</strong></span> <span class='ocrx_word' id='word_1_296' title='bbox 807 2151 959 2219; x_wconf 90' lang='lat' dir='ltr'><strong>cujus</strong></span> <span class='ocrx_word' id='word_1_297' title='bbox 991 2159 1043 2203; x_wconf 91' lang='lat' dir='ltr'><strong>te</strong></span> <span class='ocrx_word' id='word_1_298' title='bbox 1084 2149 1254 2218; x_wconf 86' lang='lat' dir='ltr'><strong>jactas</strong></span> <span class='ocrx_word' id='word_1_299' title='bbox 1284 2150 1495 2213; x_wconf 81' lang='lat' dir='ltr'><strong>venisse</strong></span> <span class='ocrx_word' id='word_1_300' title='bbox 1539 2153 1902 2217; x_wconf 78' lang='lat' dir='ltr'><strong>generatione,</strong></span> <span class='ocrx_word' id='word_1_301' title='bbox 1948 2150 1999 2202; x_wconf 92' lang='lat' dir='ltr'><strong>in</strong></span> <span class='ocrx_word' id='word_1_302' title='bbox 2047 2149 2134 2202; x_wconf 91' lang='lat' dir='ltr'><strong>illa</strong></span> 
     </span>
    </p>
   </div>
   <div class='ocr_carea' id='block_1_39' title="bbox 563 2237 2133 2307">
    <p class='ocr_par' dir='ltr' id='par_1_39' title="bbox 563 2237 2133 2307">
     <span class='ocr_line' id='line_1_39' title="bbox 563 2237 2133 2307; baseline -0.003 -12"><span class='ocrx_word' id='word_1_303' title='bbox 563 2242 656 2295; x_wconf 83' lang='lat' dir='ltr'><strong>ﬁlii</strong></span> <span class='ocrx_word' id='word_1_304' title='bbox 683 2241 765 2295; x_wconf 90' lang='lat' dir='ltr'><strong>sui</strong></span> <span class='ocrx_word' id='word_1_305' title='bbox 790 2239 941 2295; x_wconf 71' lang='lat' dir='ltr'><strong>ludas</strong></span> <span class='ocrx_word' id='word_1_306' title='bbox 974 2240 1366 2300; x_wconf 80' lang='lat' dir='ltr'><strong>benedictione,</strong></span> <span class='ocrx_word' id='word_1_307' title='bbox 1391 2239 1543 2307; x_wconf 90' lang='lat' dir='ltr'><strong>quasi</strong></span> <span class='ocrx_word' id='word_1_308' title='bbox 1572 2238 1636 2291; x_wconf 90' lang='lat' dir='ltr'><strong>ad</strong></span> <span class='ocrx_word' id='word_1_309' title='bbox 1667 2238 1838 2307; x_wconf 87' lang='lat' dir='ltr'><strong>ipsum</strong></span> <span class='ocrx_word' id='word_1_310' title='bbox 1860 2237 2133 2303; x_wconf 85' lang='lat' dir='ltr'><strong>Christum</strong></span> 
     </span>
    </p>
   </div>
   <div class='ocr_carea' id='block_1_40' title="bbox 564 2328 2132 2399">
    <p class='ocr_par' dir='ltr' id='par_1_40' title="bbox 564 2328 2132 2399">
     <span class='ocr_line' id='line_1_40' title="bbox 564 2328 2132 2399; baseline -0.003 -12"><span class='ocrx_word' id='word_1_311' title='bbox 564 2333 753 2387; x_wconf 83' lang='lat' dir='ltr'><strong>Filium</strong></span> <span class='ocrx_word' id='word_1_312' title='bbox 784 2332 878 2386; x_wconf 89' lang='lat' dir='ltr'><strong>Dei</strong></span> <span class='ocrx_word' id='word_1_313' title='bbox 908 2333 1147 2399; x_wconf 86' lang='lat' dir='ltr'><strong>loquens,</strong></span> <span class='ocrx_word' id='word_1_314' title='bbox 1176 2331 1248 2383; x_wconf 85' lang='lat' dir='ltr'><strong>ait</strong></span> <span class='ocrx_word' id='word_1_315' title='bbox 1273 2346 1286 2381; x_wconf 86' lang='lat'><strong>:</strong></span> <span class='ocrx_word' id='word_1_316' title='bbox 1316 2329 1616 2382; x_wconf 80' lang='lat' dir='ltr'><strong>Adorabunt</strong></span> <span class='ocrx_word' id='word_1_317' title='bbox 1643 2337 1689 2380; x_wconf 87' lang='lat' dir='ltr'><strong>te</strong></span> <span class='ocrx_word' id='word_1_318' title='bbox 1717 2328 1813 2396; x_wconf 83' lang='lat' dir='ltr'><strong>ﬁlii</strong></span> <span class='ocrx_word' id='word_1_319' title='bbox 1845 2330 2006 2396; x_wconf 82' lang='lat' dir='ltr'><strong>patris</strong></span> <span class='ocrx_word' id='word_1_320' title='bbox 2036 2330 2132 2383; x_wconf 90' lang='lat' dir='ltr'><strong>tui.</strong></span> 
     </span>
    </p>
   </div>
   <div class='ocr_carea' id='block_1_41' title="bbox 564 2420 2132 2493">
    <p class='ocr_par' dir='ltr' id='par_1_41' title="bbox 564 2420 2132 2493">
     <span class='ocr_line' id='line_1_41' title="bbox 564 2420 2132 2493; baseline -0.004 -14"><span class='ocrx_word' id='word_1_321' title='bbox 564 2424 775 2480; x_wconf 76' lang='lat' dir='ltr'><strong>Catulus</strong></span> <span class='ocrx_word' id='word_1_322' title='bbox 816 2424 974 2477; x_wconf 79' lang='lat' dir='ltr'><strong>leonis</strong></span> <span class='ocrx_word' id='word_1_323' title='bbox 1001 2420 1161 2475; x_wconf 75' lang='lat' dir='ltr'><strong>Iuda.</strong></span> <span class='ocrx_word' id='word_1_324' title='bbox 1194 2420 1271 2474; x_wconf 87' lang='lat' dir='ltr'><strong>De</strong></span> <span class='ocrx_word' id='word_1_325' title='bbox 1313 2422 1554 2493; x_wconf 73' lang='lat' dir='ltr'><strong>germine,</strong></span> <span class='ocrx_word' id='word_1_326' title='bbox 1582 2422 1660 2488; x_wconf 82' lang='lat' dir='ltr'><strong>ﬁli</strong></span> <span class='ocrx_word' id='word_1_327' title='bbox 1698 2424 1798 2483; x_wconf 87' lang='lat' dir='ltr'><strong>uti,</strong></span> <span class='ocrx_word' id='word_1_328' title='bbox 1829 2422 2132 2486; x_wconf 83' lang='lat' dir='ltr'><strong>ascendisti,</strong></span> 
     </span>
    </p>
   </div>
   <div class='ocr_carea' id='block_1_42' title="bbox 563 2511 2135 2580">
    <p class='ocr_par' dir='ltr' id='par_1_42' title="bbox 563 2511 2135 2580">
     <span class='ocr_line' id='line_1_42' title="bbox 563 2511 2135 2580; baseline -0.003 -13"><span class='ocrx_word' id='word_1_329' title='bbox 563 2515 805 2568; x_wconf 80' lang='lat' dir='ltr'><strong>recubans</strong></span> <span class='ocrx_word' id='word_1_330' title='bbox 833 2513 1065 2565; x_wconf 86' lang='lat' dir='ltr'><strong>dormisti</strong></span> <span class='ocrx_word' id='word_1_331' title='bbox 1092 2511 1237 2580; x_wconf 85' lang='lat' dir='ltr'><strong>quasi</strong></span> <span class='ocrx_word' id='word_1_332' title='bbox 1265 2511 1365 2578; x_wconf 84' lang='lat' dir='ltr'><strong>leo,</strong></span> <span class='ocrx_word' id='word_1_333' title='bbox 1396 2511 1540 2577; x_wconf 84' lang='lat' dir='ltr'><strong>quasi</strong></span> <span class='ocrx_word' id='word_1_334' title='bbox 1567 2512 1765 2564; x_wconf 84' lang='lat' dir='ltr'><strong>catulus</strong></span> <span class='ocrx_word' id='word_1_335' title='bbox 1797 2511 1976 2563; x_wconf 86' lang='lat' dir='ltr'><strong>leonis.</strong></span> <span class='ocrx_word' id='word_1_336' title='bbox 2011 2513 2135 2576; x_wconf 76' lang='lat' dir='ltr'><strong>Quis</strong></span> 
     </span>
    </p>
   </div>
   <div class='ocr_carea' id='block_1_43' title="bbox 564 2599 2137 2675">
    <p class='ocr_par' dir='ltr' id='par_1_43' title="bbox 564 2599 2137 2675">
     <span class='ocr_line' id='line_1_43' title="bbox 564 2599 2137 2675; baseline -0.004 -16"><span class='ocrx_word' id='word_1_337' title='bbox 564 2605 819 2659; x_wconf 78' lang='lat' dir='ltr'><strong>suscitabit</strong></span> <span class='ocrx_word' id='word_1_338' title='bbox 863 2619 977 2656; x_wconf 85' lang='lat' dir='ltr'><strong>eum</strong></span> <span class='ocrx_word' id='word_1_339' title='bbox 1024 2600 1187 2672; x_wconf 74' lang='lat' dir='ltr'><strong>(Gen.</strong></span> <span class='ocrx_word' id='word_1_340' title='bbox 1214 2617 1366 2665; x_wconf 63' lang='grc' dir='ltr'>χιιι,</span> <span class='ocrx_word' id='word_1_341' title='bbox 1393 2602 1445 2665; x_wconf 88' lang='lat'><strong>8,</strong></span> <span class='ocrx_word' id='word_1_342' title='bbox 1487 2600 1582 2671; x_wconf 90' lang='lat'><strong>9)?</strong></span> <span class='ocrx_word' id='word_1_343' title='bbox 1629 2599 1961 2654; x_wconf 80' lang='lat' dir='ltr'><strong>Pulchriores</strong></span> <span class='ocrx_word' id='word_1_344' title='bbox 2003 2602 2137 2675; x_wconf 79' lang='lat' dir='ltr'><strong>oculi</strong></span> 
     </span>
    </p>
   </div>
   <div class='ocr_carea' id='block_1_44' title="bbox 565 2690 2133 2767">
    <p class='ocr_par' dir='ltr' id='par_1_44' title="bbox 565 2690 2133 2767">
     <span class='ocr_line' id='line_1_44' title="bbox 565 2690 2133 2767; baseline -0.004 -15"><span class='ocrx_word' id='word_1_345' title='bbox 565 2704 669 2767; x_wconf 79' lang='lat' dir='ltr'><strong>ejus</strong></span> <span class='ocrx_word' id='word_1_346' title='bbox 691 2697 825 2760; x_wconf 79' lang='lat' dir='ltr'><strong>vino,</strong></span> <span class='ocrx_word' id='word_1_347' title='bbox 853 2706 900 2748; x_wconf 88' lang='lat' dir='ltr'><strong>et</strong></span> <span class='ocrx_word' id='word_1_348' title='bbox 928 2696 1103 2748; x_wconf 87' lang='lat' dir='ltr'><strong>dentes</strong></span> <span class='ocrx_word' id='word_1_349' title='bbox 1144 2696 1254 2765; x_wconf 86' lang='lat' dir='ltr'><strong>ejus</strong></span> <span class='ocrx_word' id='word_1_350' title='bbox 1297 2693 1425 2745; x_wconf 84' lang='lat' dir='ltr'><strong>lacte</strong></span> <span class='ocrx_word' id='word_1_351' title='bbox 1460 2693 1781 2745; x_wconf 74' lang='lat' dir='ltr'><strong>candidiores</strong></span> <span class='ocrx_word' id='word_1_352' title='bbox 1827 2690 1991 2761; x_wconf 80' lang='lat' dir='ltr'><strong>(Ibid.</strong></span> <span class='ocrx_word' id='word_1_353' title='bbox 2021 2692 2133 2761; x_wconf 68' lang='grc'><strong>12).</strong></span> 
     </span>
    </p>
   </div>
   <div class='ocr_carea' id='block_1_45' title="bbox 564 2772 2141 2860">
    <p class='ocr_par' dir='ltr' id='par_1_45' title="bbox 564 2772 2141 2860">
     <span class='ocr_line' id='line_1_45' title="bbox 564 2772 2141 2860; baseline -0.001 -19"><span class='ocrx_word' id='word_1_354' title='bbox 564 2792 708 2855; x_wconf 67' lang='lat' dir='ltr'><strong>Quis,</strong></span> <span class='ocrx_word' id='word_1_355' title='bbox 742 2789 942 2860; x_wconf 89' lang='lat' dir='ltr'><strong>inquit,</strong></span> <span class='ocrx_word' id='word_1_356' title='bbox 976 2788 1235 2843; x_wconf 87' lang='lat' dir='ltr'><strong>suscitabit</strong></span> <span class='ocrx_word' id='word_1_357' title='bbox 1263 2787 1420 2840; x_wconf 82' lang='lat' dir='ltr'><strong>eum?</strong></span> <span class='ocrx_word' id='word_1_358' title='bbox 1469 2787 1532 2839; x_wconf 80' lang='lat' dir='ltr'><strong>Et</strong></span> <span class='ocrx_word' id='word_1_359' title='bbox 1577 2786 1701 2840; x_wconf 87' lang='lat' dir='ltr'><strong>licet</strong></span> <span class='ocrx_word' id='word_1_360' title='bbox 1746 2785 1862 2852; x_wconf 89' lang='lat' dir='ltr'><strong>ipse</strong></span> <span class='ocrx_word' id='word_1_361' title='bbox 1902 2786 2097 2840; x_wconf 84' lang='lat' dir='ltr'><strong>dixerit</strong></span> <span class='ocrx_word' id='word_1_362' title='bbox 2120 2772 2141 2839; x_wconf 56' lang='grc' dir='ltr'><strong>ε⁴</strong></span> 
     </span>
    </p>
   </div>
   <div class='ocr_carea' id='block_1_46' title="bbox 563 2876 2136 2951">
    <p class='ocr_par' dir='ltr' id='par_1_46' title="bbox 563 2876 2136 2951">
     <span class='ocr_line' id='line_1_46' title="bbox 563 2876 2136 2951; baseline -0.003 -17"><span class='ocrx_word' id='word_1_363' title='bbox 563 2879 717 2951; x_wconf 74' lang='lat'><strong>277</strong></span> <span class='ocrx_word' id='word_1_364' title='bbox 757 2878 1070 2935; x_wconf 81' lang='lat' dir='ltr'><strong>Potestutem</strong></span> <span class='ocrx_word' id='word_1_365' title='bbox 1118 2879 1277 2929; x_wconf 85' lang='lat' dir='ltr'><strong>habeo</strong></span> <span class='ocrx_word' id='word_1_366' title='bbox 1322 2876 1539 2947; x_wconf 83' lang='lat' dir='ltr'><strong>ponendi</strong></span> <span class='ocrx_word' id='word_1_367' title='bbox 1585 2877 1811 2929; x_wconf 80' lang='lat' dir='ltr'><strong>animum</strong></span> <span class='ocrx_word' id='word_1_368' title='bbox 1856 2892 2048 2940; x_wconf 88' lang='lat' dir='ltr'><strong>meam,</strong></span> <span class='ocrx_word' id='word_1_369' title='bbox 2090 2887 2136 2930; x_wconf 91' lang='lat' dir='ltr'><strong>et</strong></span> 
     </span>
    </p>
   </div>
   <div class='ocr_carea' id='block_1_47' title="bbox 562 2970 2137 3041">
    <p class='ocr_par' dir='ltr' id='par_1_47' title="bbox 562 2970 2137 3041">
     <span class='ocr_line' id='line_1_47' title="bbox 562 2970 2137 3041; baseline 0.001 -16"><span class='ocrx_word' id='word_1_370' title='bbox 562 2980 855 3039; x_wconf 79' lang='lat' dir='ltr'><strong>potestatem</strong></span> <span class='ocrx_word' id='word_1_371' title='bbox 882 2970 1044 3026; x_wconf 80' lang='lat' dir='ltr'><strong>habeo</strong></span> <span class='ocrx_word' id='word_1_372' title='bbox 1072 2970 1254 3024; x_wconf 81' lang='lat' dir='ltr'><strong>iterum</strong></span> <span class='ocrx_word' id='word_1_373' title='bbox 1283 2970 1517 3029; x_wconf 85' lang='lat' dir='ltr'><strong>sumendi</strong></span> <span class='ocrx_word' id='word_1_374' title='bbox 1552 2985 1665 3024; x_wconf 87' lang='lat' dir='ltr'><strong>eum</strong></span> <span class='ocrx_word' id='word_1_375' title='bbox 1708 2970 1888 3041; x_wconf 76' lang='lat' dir='ltr'><strong>(Joan.</strong></span> <span class='ocrx_word' id='word_1_376' title='bbox 1921 2986 1989 3035; x_wconf 75' lang='grc' dir='ltr'><strong>χ,</strong></span> <span class='ocrx_word' id='word_1_377' title='bbox 2022 2970 2137 3040; x_wconf 77' lang='grc'><strong>18),</strong></span> 
     </span>
    </p>
   </div>
   <div class='ocr_carea' id='block_1_48' title="bbox 2242 1770 3816 1859">
    <p class='ocr_par' dir='ltr' id='par_1_48' title="bbox 2242 1770 3816 1859">
     <span class='ocr_line' id='line_1_48' title="bbox 2242 1770 3816 1859; baseline 0.003 -24"><span class='ocrx_word' id='word_1_378' title='bbox 2242 1783 2425 1857; x_wconf 86' lang='lat' dir='ltr'><strong>nullus</strong></span> <span class='ocrx_word' id='word_1_379' title='bbox 2471 1791 2554 1859; x_wconf 88' lang='lat' dir='ltr'><strong>est</strong></span> <span class='ocrx_word' id='word_1_380' title='bbox 2610 1785 2696 1852; x_wconf 91' lang='lat' dir='ltr'><strong>qui</strong></span> <span class='ocrx_word' id='word_1_381' title='bbox 2756 1770 2915 1837; x_wconf 83' lang='lat' dir='ltr'><strong>faciat</strong></span> <span class='ocrx_word' id='word_1_382' title='bbox 2964 1784 3163 1837; x_wconf 87' lang='lat' dir='ltr'><strong>bonum</strong></span> <span class='ocrx_word' id='word_1_383' title='bbox 3197 1820 3212 1845; x_wconf 87' lang='lat'><strong>,</strong></span> <span class='ocrx_word' id='word_1_384' title='bbox 3267 1798 3374 1852; x_wconf 88' lang='lat' dir='ltr'><strong>quo</strong></span> <span class='ocrx_word' id='word_1_385' title='bbox 3428 1784 3505 1838; x_wconf 90' lang='lat' dir='ltr'><strong>ira</strong></span> <span class='ocrx_word' id='word_1_386' title='bbox 3556 1786 3649 1840; x_wconf 88' lang='lat' dir='ltr'><strong>Dei</strong></span> <span class='ocrx_word' id='word_1_387' title='bbox 3697 1788 3816 1854; x_wconf 82' lang='lat' dir='ltr'><strong>pla-</strong></span> 
     </span>
    </p>
   </div>
   <div class='ocr_carea' id='block_1_49' title="bbox 2239 1873 3814 1945">
    <p class='ocr_par' dir='ltr' id='par_1_49' title="bbox 2239 1873 3814 1945">
     <span class='ocr_line' id='line_1_49' title="bbox 2239 1873 3814 1945; baseline 0.003 -20"><span class='ocrx_word' id='word_1_388' title='bbox 2239 1883 2410 1926; x_wconf 91' lang='lat' dir='ltr'><strong>cetur.</strong></span> <span class='ocrx_word' id='word_1_389' title='bbox 2462 1873 2555 1928; x_wconf 79' lang='lat' dir='ltr'><strong>Est</strong></span> <span class='ocrx_word' id='word_1_390' title='bbox 2610 1873 2754 1937; x_wconf 84' lang='lat' dir='ltr'><strong>enim</strong></span> <span class='ocrx_word' id='word_1_391' title='bbox 2812 1875 2988 1926; x_wconf 86' lang='lat' dir='ltr'><strong>omnis</strong></span> <span class='ocrx_word' id='word_1_392' title='bbox 3034 1874 3259 1943; x_wconf 89' lang='lat' dir='ltr'><strong>populus</strong></span> <span class='ocrx_word' id='word_1_393' title='bbox 3312 1876 3474 1945; x_wconf 75' lang='grc'><strong>278</strong></span> <span class='ocrx_word' id='word_1_394' title='bbox 3548 1874 3814 1940; x_wconf 81' lang='lat' dir='ltr'><strong>inﬁdelis,</strong></span> 
     </span>
    </p>
   </div>
   <div class='ocr_carea' id='block_1_50' title="bbox 2242 1963 3812 2037">
    <p class='ocr_par' dir='ltr' id='par_1_50' title="bbox 2242 1963 3812 2037">
     <span class='ocr_line' id='line_1_50' title="bbox 2242 1963 3812 2037; baseline 0.003 -20"><span class='ocrx_word' id='word_1_395' title='bbox 2242 1963 2489 2030; x_wconf 88' lang='lat' dir='ltr'><strong>perjuriis</strong></span> <span class='ocrx_word' id='word_1_396' title='bbox 2533 1963 2781 2037; x_wconf 87' lang='lat' dir='ltr'><strong>deditus,</strong></span> <span class='ocrx_word' id='word_1_397' title='bbox 2841 1965 2997 2019; x_wconf 75' lang='lat' dir='ltr'><strong>furtis</strong></span> <span class='ocrx_word' id='word_1_398' title='bbox 3052 1964 3355 2029; x_wconf 82' lang='lat' dir='ltr'><strong>obnoxius,</strong></span> <span class='ocrx_word' id='word_1_399' title='bbox 3405 1967 3456 2019; x_wconf 91' lang='lat' dir='ltr'><strong>in</strong></span> <span class='ocrx_word' id='word_1_400' title='bbox 3508 1966 3812 2022; x_wconf 88' lang='lat' dir='ltr'><strong>homicidiis</strong></span> 
     </span>
    </p>
   </div>
   <div class='ocr_carea' id='block_1_51' title="bbox 2242 2053 3814 2124">
    <p class='ocr_par' dir='ltr' id='par_1_51' title="bbox 2242 2053 3814 2124">
     <span class='ocr_line' id='line_1_51' title="bbox 2242 2053 3814 2124; baseline 0.001 -19"><span class='ocrx_word' id='word_1_401' title='bbox 2242 2061 2518 2121; x_wconf 89' lang='lat' dir='ltr'><strong>promptus</strong></span> <span class='ocrx_word' id='word_1_402' title='bbox 2548 2094 2565 2120; x_wconf 94' lang='lat'><strong>,</strong></span> <span class='ocrx_word' id='word_1_403' title='bbox 2616 2068 2646 2107; x_wconf 91' lang='lat' dir='ltr'><strong>a</strong></span> <span class='ocrx_word' id='word_1_404' title='bbox 2696 2054 2885 2122; x_wconf 79' lang='lat' dir='ltr'><strong>quibus</strong></span> <span class='ocrx_word' id='word_1_405' title='bbox 2944 2054 3117 2110; x_wconf 88' lang='lat' dir='ltr'><strong>nullus</strong></span> <span class='ocrx_word' id='word_1_406' title='bbox 3159 2053 3382 2124; x_wconf 59' lang='lat' dir='ltr'><strong>justitia‘.</strong></span> <span class='ocrx_word' id='word_1_407' title='bbox 3429 2054 3635 2109; x_wconf 89' lang='lat' dir='ltr'><strong>fructus</strong></span> <span class='ocrx_word' id='word_1_408' title='bbox 3685 2058 3814 2108; x_wconf 82' lang='lat' dir='ltr'><strong>ulla-</strong></span> 
     </span>
    </p>
   </div>
   <div class='ocr_carea' id='block_1_52' title="bbox 2239 2142 3819 2219">
    <p class='ocr_par' dir='ltr' id='par_1_52' title="bbox 2239 2142 3819 2219">
     <span class='ocr_line' id='line_1_52' title="bbox 2239 2142 3819 2219; baseline 0.002 -22"><span class='ocrx_word' id='word_1_409' title='bbox 2239 2152 2392 2211; x_wconf 83' lang='lat' dir='ltr'><strong>tenus</strong></span> <span class='ocrx_word' id='word_1_410' title='bbox 2421 2144 2613 2199; x_wconf 88' lang='lat' dir='ltr'><strong>crescit</strong></span> <span class='ocrx_word' id='word_1_411' title='bbox 2642 2142 2701 2210; x_wconf 76' lang='lat' dir='ltr'><strong>d;</strong></span> <span class='ocrx_word' id='word_1_412' title='bbox 2733 2160 2837 2198; x_wconf 91' lang='lat' dir='ltr'><strong>non</strong></span> <span class='ocrx_word' id='word_1_413' title='bbox 2880 2145 3102 2200; x_wconf 69' lang='lat' dir='ltr'><strong>decimae</strong></span> <span class='ocrx_word' id='word_1_414' title='bbox 3128 2146 3353 2209; x_wconf 84' lang='lat' dir='ltr'><strong>dantur,</strong></span> <span class='ocrx_word' id='word_1_415' title='bbox 3397 2161 3501 2199; x_wconf 88' lang='lat' dir='ltr'><strong>nott</strong></span> <span class='ocrx_word' id='word_1_416' title='bbox 3545 2162 3819 2219; x_wconf 74' lang='lat' dir='ltr'><strong>pauperes</strong></span> 
     </span>
    </p>
   </div>
   <div class='ocr_carea' id='block_1_53' title="bbox 2238 2235 3812 2306">
    <p class='ocr_par' dir='ltr' id='par_1_53' title="bbox 2238 2235 3812 2306">
     <span class='ocr_line' id='line_1_53' title="bbox 2238 2235 3812 2306; baseline 0.001 -19"><span class='ocrx_word' id='word_1_417' title='bbox 2238 2235 2467 2295; x_wconf 82' lang='lat' dir='ltr'><strong>aluntur,</strong></span> <span class='ocrx_word' id='word_1_418' title='bbox 2517 2250 2622 2295; x_wconf 87' lang='lat' dir='ltr'><strong>non</strong></span> <span class='ocrx_word' id='word_1_419' title='bbox 2672 2244 2923 2306; x_wconf 76' lang='lat' dir='ltr'><strong>teguntur</strong></span> <span class='ocrx_word' id='word_1_420' title='bbox 2952 2235 3101 2299; x_wconf 89' lang='lat' dir='ltr'><strong>nudi,</strong></span> <span class='ocrx_word' id='word_1_421' title='bbox 3148 2251 3252 2289; x_wconf 92' lang='lat' dir='ltr'><strong>non</strong></span> <span class='ocrx_word' id='word_1_422' title='bbox 3287 2237 3551 2306; x_wconf 78' lang='lat' dir='ltr'><strong>peregrini</strong></span> <span class='ocrx_word' id='word_1_423' title='bbox 3581 2236 3812 2305; x_wconf 81' lang='lat' dir='ltr'><strong>hospitio</strong></span> 
     </span>
    </p>
   </div>
   <div class='ocr_carea' id='block_1_54' title="bbox 2239 2324 3811 2391">
    <p class='ocr_par' dir='ltr' id='par_1_54' title="bbox 2239 2324 3811 2391">
     <span class='ocr_line' id='line_1_54' title="bbox 2239 2324 3811 2391; baseline 0.004 -15"><span class='ocrx_word' id='word_1_424' title='bbox 2239 2324 2604 2391; x_wconf 88' lang='lat' dir='ltr'><strong>recipiuntur,</strong></span> <span class='ocrx_word' id='word_1_425' title='bbox 2658 2334 2749 2378; x_wconf 89' lang='lat' dir='ltr'><strong>aut</strong></span> <span class='ocrx_word' id='word_1_426' title='bbox 2793 2328 2913 2378; x_wconf 87' lang='lat' dir='ltr'><strong>cibo</strong></span> <span class='ocrx_word' id='word_1_427' title='bbox 2966 2326 3289 2380; x_wconf 87' lang='lat' dir='ltr'><strong>suflicienter</strong></span> <span class='ocrx_word' id='word_1_428' title='bbox 3333 2329 3642 2380; x_wconf 86' lang='lat' dir='ltr'><strong>satiantur:</strong></span> <span class='ocrx_word' id='word_1_429' title='bbox 3692 2328 3811 2382; x_wconf 86' lang='lat' dir='ltr'><strong>ideo</strong></span> 
     </span>
    </p>
   </div>
   <div class='ocr_carea' id='block_1_55' title="bbox 2240 2412 3810 2483">
    <p class='ocr_par' dir='ltr' id='par_1_55' title="bbox 2240 2412 3810 2483">
     <span class='ocr_line' id='line_1_55' title="bbox 2240 2412 3810 2483; baseline 0.004 -18"><span class='ocrx_word' id='word_1_430' title='bbox 2240 2412 2353 2467; x_wconf 70' lang='lat' dir='ltr'><strong>bmc</strong></span> <span class='ocrx_word' id='word_1_431' title='bbox 2381 2415 2533 2482; x_wconf 85' lang='lat' dir='ltr'><strong>plaga</strong></span> <span class='ocrx_word' id='word_1_432' title='bbox 2560 2416 2889 2483; x_wconf 83' lang='lat' dir='ltr'><strong>supervenit.</strong></span> <span class='ocrx_word' id='word_1_433' title='bbox 2924 2416 3074 2470; x_wconf 87' lang='lat' dir='ltr'><strong>Nunc</strong></span> <span class='ocrx_word' id='word_1_434' title='bbox 3100 2428 3278 2471; x_wconf 89' lang='lat' dir='ltr'><strong>autem</strong></span> <span class='ocrx_word' id='word_1_435' title='bbox 3300 2417 3422 2471; x_wconf 89' lang='lat' dir='ltr'><strong>dico</strong></span> <span class='ocrx_word' id='word_1_436' title='bbox 3448 2418 3602 2472; x_wconf 72' lang='lat' dir='ltr'><strong>rubis</strong></span> <span class='ocrx_word' id='word_1_437' title='bbox 3631 2436 3648 2473; x_wconf 88' lang='lat'><strong>:</strong></span> <span class='ocrx_word' id='word_1_438' title='bbox 3676 2420 3810 2472; x_wconf 86' lang='lat' dir='ltr'><strong>Con-</strong></span> 
     </span>
    </p>
   </div>
   <div class='ocr_carea' id='block_1_56' title="bbox 2238 2507 3815 2584">
    <p class='ocr_par' dir='ltr' id='par_1_56' title="bbox 2238 2507 3815 2584">
     <span class='ocr_line' id='line_1_56' title="bbox 2238 2507 3815 2584; baseline 0.004 -28"><span class='ocrx_word' id='word_1_439' title='bbox 2238 2507 2403 2573; x_wconf 80' lang='lat' dir='ltr'><strong>gerite</strong></span> <span class='ocrx_word' id='word_1_440' title='bbox 2426 2521 2636 2561; x_wconf 90' lang='lat' dir='ltr'><strong>omnem</strong></span> <span class='ocrx_word' id='word_1_441' title='bbox 2680 2507 3029 2560; x_wconf 74' lang='lat' dir='ltr'><strong>substantiam</strong></span> <span class='ocrx_word' id='word_1_442' title='bbox 3082 2518 3309 2561; x_wconf 84' lang='lat' dir='ltr'><strong>vestram</strong></span> <span class='ocrx_word' id='word_1_443' title='bbox 3356 2508 3490 2561; x_wconf 77' lang='lat' dir='ltr'><strong>infra</strong></span> <span class='ocrx_word' id='word_1_444' title='bbox 3535 2524 3815 2584; x_wconf 75' lang='lat' dir='ltr'><strong>murorum</strong></span> 
     </span>
    </p>
   </div>
   <div class='ocr_carea' id='block_1_57' title="bbox 2239 2597 3807 2673">
    <p class='ocr_par' dir='ltr' id='par_1_57' title="bbox 2239 2597 3807 2673">
     <span class='ocr_line' id='line_1_57' title="bbox 2239 2597 3807 2673; baseline 0.003 -24"><span class='ocrx_word' id='word_1_445' title='bbox 2239 2607 2385 2665; x_wconf 82' lang='lat' dir='ltr'><strong>septa</strong></span> <span class='ocrx_word' id='word_1_446' title='bbox 2409 2638 2423 2661; x_wconf 94' lang='lat'><strong>,</strong></span> <span class='ocrx_word' id='word_1_447' title='bbox 2457 2613 2523 2652; x_wconf 92' lang='lat' dir='ltr'><strong>ne</strong></span> <span class='ocrx_word' id='word_1_448' title='bbox 2547 2614 2573 2650; x_wconf 86' lang='lat' dir='ltr'><strong>a</strong></span> <span class='ocrx_word' id='word_1_449' title='bbox 2604 2597 2967 2673; x_wconf 75' lang='lat' dir='ltr'><strong>Langobardis</strong></span> <span class='ocrx_word' id='word_1_450' title='bbox 3010 2598 3322 2670; x_wconf 87' lang='lat' dir='ltr'><strong>diripiatur;</strong></span> <span class='ocrx_word' id='word_1_451' title='bbox 3369 2609 3425 2654; x_wconf 90' lang='lat' dir='ltr'><strong>et</strong></span> <span class='ocrx_word' id='word_1_452' title='bbox 3452 2616 3546 2655; x_wconf 88' lang='lat' dir='ltr'><strong>vos</strong></span> <span class='ocrx_word' id='word_1_453' title='bbox 3585 2601 3731 2668; x_wconf 87' lang='lat' dir='ltr'><strong>ipsos</strong></span> <span class='ocrx_word' id='word_1_454' title='bbox 3760 2602 3807 2654; x_wconf 91' lang='lat' dir='ltr'><strong>in</strong></span> 
     </span>
    </p>
   </div>
   <div class='ocr_carea' id='block_1_58' title="bbox 2241 2674 3817 2759">
    <p class='ocr_par' dir='ltr' id='par_1_58' title="bbox 2241 2674 3817 2759">
     <span class='ocr_line' id='line_1_58' title="bbox 2241 2674 3817 2759; baseline 0.003 -18"><span class='ocrx_word' id='word_1_455' title='bbox 2241 2689 2378 2759; x_wconf 82' lang='lat' dir='ltr'><strong>locis</strong></span> <span class='ocrx_word' id='word_1_456' title='bbox 2422 2689 2741 2745; x_wconf 78' lang='lat' dir='ltr'><strong>ﬁrmissimis</strong></span> <span class='ocrx_word' id='word_1_457' title='bbox 2770 2692 3115 2744; x_wconf 85' lang='lat' dir='ltr'><strong>communite.</strong></span> <span class='ocrx_word' id='word_1_458' title='bbox 3147 2692 3270 2745; x_wconf 67' lang='lat' dir='ltr'><strong>llaec</strong></span> <span class='ocrx_word' id='word_1_459' title='bbox 3299 2705 3364 2745; x_wconf 90' lang='lat' dir='ltr'><strong>eo</strong></span> <span class='ocrx_word' id='word_1_460' title='bbox 3391 2692 3664 2759; x_wconf 82' lang='lat' dir='ltr'><strong>loquente,</strong></span> <span class='ocrx_word' id='word_1_461' title='bbox 3694 2674 3817 2745; x_wconf 57' lang='lat' dir='ltr'><strong>om?</strong></span> 
     </span>
    </p>
   </div>
   <div class='ocr_carea' id='block_1_59' title="bbox 2241 2780 3809 2848">
    <p class='ocr_par' dir='ltr' id='par_1_59' title="bbox 2241 2780 3809 2848">
     <span class='ocr_line' id='line_1_59' title="bbox 2241 2780 3809 2848; baseline 0 -16"><span class='ocrx_word' id='word_1_462' title='bbox 2241 2794 2337 2834; x_wconf 91' lang='lat' dir='ltr'><strong>nes</strong></span> <span class='ocrx_word' id='word_1_463' title='bbox 2364 2780 2714 2848; x_wconf 78' lang='lat' dir='ltr'><strong>obstupefacti</strong></span> <span class='ocrx_word' id='word_1_464' title='bbox 2764 2791 2817 2833; x_wconf 83' lang='lat' dir='ltr'><strong>et</strong></span> <span class='ocrx_word' id='word_1_465' title='bbox 2866 2781 3227 2836; x_wconf 87' lang='lat' dir='ltr'><strong>valedicentes</strong></span> <span class='ocrx_word' id='word_1_466' title='bbox 3264 2795 3387 2835; x_wconf 91' lang='lat' dir='ltr'><strong>cum</strong></span> <span class='ocrx_word' id='word_1_467' title='bbox 3429 2796 3618 2848; x_wconf 87' lang='lat' dir='ltr'><strong>magna</strong></span> <span class='ocrx_word' id='word_1_468' title='bbox 3651 2780 3809 2835; x_wconf 65' lang='lat' dir='ltr'><strong>aduii.</strong></span> 
     </span>
    </p>
   </div>
   <div class='ocr_carea' id='block_1_60' title="bbox 2240 2871 3809 2943">
    <p class='ocr_par' dir='ltr' id='par_1_60' title="bbox 2240 2871 3809 2943">
     <span class='ocr_line' id='line_1_60' title="bbox 2240 2871 3809 2943; baseline -0.001 -20"><span class='ocrx_word' id='word_1_469' title='bbox 2240 2872 2446 2943; x_wconf 84' lang='lat' dir='ltr'><strong>ratione</strong></span> <span class='ocrx_word' id='word_1_470' title='bbox 2491 2871 2563 2941; x_wconf 84' lang='lat' dir='ltr'><strong>ad</strong></span> <span class='ocrx_word' id='word_1_471' title='bbox 2605 2872 2818 2939; x_wconf 83' lang='lat' dir='ltr'><strong>propria</strong></span> <span class='ocrx_word' id='word_1_472' title='bbox 2849 2880 2973 2935; x_wconf 86' lang='lat' dir='ltr'><strong>sunt</strong></span> <span class='ocrx_word' id='word_1_473' title='bbox 3017 2871 3267 2940; x_wconf 83' lang='lat' dir='ltr'><strong>regressi.</strong></span> <span class='ocrx_word' id='word_1_474' title='bbox 3300 2871 3574 2925; x_wconf 79' lang='lat' dir='ltr'><strong>Monacbis</strong></span> <span class='ocrx_word' id='word_1_475' title='bbox 3603 2884 3809 2939; x_wconf 68' lang='lat' dir='ltr'><strong>quoque</strong></span> 
     </span>
    </p>
   </div>
   <div class='ocr_carea' id='block_1_61' title="bbox 2242 2960 3813 3036">
    <p class='ocr_par' dir='ltr' id='par_1_61' title="bbox 2242 2960 3813 3036">
     <span class='ocr_line' id='line_1_61' title="bbox 2242 2960 3813 3036; baseline 0.001 -23"><span class='ocrx_word' id='word_1_476' title='bbox 2242 2960 2376 3036; x_wconf 77' lang='lat' dir='ltr'><strong>dixit</strong></span> <span class='ocrx_word' id='word_1_477' title='bbox 2409 2961 2732 3024; x_wconf 80' lang='lat' dir='ltr'><strong>:Absccdite</strong></span> <span class='ocrx_word' id='word_1_478' title='bbox 2770 2970 2823 3015; x_wconf 92' lang='lat' dir='ltr'><strong>et</strong></span> <span class='ocrx_word' id='word_1_479' title='bbox 2854 2976 2947 3014; x_wconf 88' lang='lat' dir='ltr'><strong>vos</strong></span> <span class='ocrx_word' id='word_1_480' title='bbox 2975 2976 3003 3014; x_wconf 88' lang='lat' dir='ltr'><strong>a</strong></span> <span class='ocrx_word' id='word_1_481' title='bbox 3035 2960 3174 3023; x_wconf 78' lang='lat' dir='ltr'><strong>luco,</strong></span> <span class='ocrx_word' id='word_1_482' title='bbox 3206 2960 3511 3016; x_wconf 82' lang='lat' dir='ltr'><strong>auferentes</strong></span> <span class='ocrx_word' id='word_1_483' title='bbox 3542 2961 3813 3016; x_wconf 84' lang='lat' dir='ltr'><strong>vobiscum</strong></span> 
     </span>
    </p>
   </div>
   <div class='ocr_carea' id='block_1_62' title="bbox 561 3053 3810 3134">
    <p class='ocr_par' dir='ltr' id='par_1_62' title="bbox 561 3053 3810 3134">
     <span class='ocr_line' id='line_1_62' title="bbox 561 3053 3810 3134; baseline -0.004 -18"><span class='ocrx_word' id='word_1_484' title='bbox 561 3074 734 3117; x_wconf 88' lang='lat' dir='ltr'><strong>tamen</strong></span> <span class='ocrx_word' id='word_1_485' title='bbox 766 3061 961 3117; x_wconf 84' lang='lat' dir='ltr'><strong>Paulus</strong></span> <span class='ocrx_word' id='word_1_486' title='bbox 987 3062 1263 3128; x_wconf 85' lang='lat' dir='ltr'><strong>apostolus</strong></span> <span class='ocrx_word' id='word_1_487' title='bbox 1288 3061 1400 3115; x_wconf 89' lang='lat' dir='ltr'><strong>ait:</strong></span> <span class='ocrx_word' id='word_1_488' title='bbox 1436 3062 1537 3125; x_wconf 72' lang='lat' dir='ltr'><strong>Qui</strong></span> <span class='ocrx_word' id='word_1_489' title='bbox 1565 3079 1666 3115; x_wconf 86' lang='lat' dir='ltr'><strong>non</strong></span> <span class='ocrx_word' id='word_1_490' title='bbox 1695 3063 1963 3130; x_wconf 77' lang='lat' dir='ltr'><strong>crediderit</strong></span> <span class='ocrx_word' id='word_1_491' title='bbox 1998 3064 2139 3134; x_wconf 78' lang='lat' dir='ltr'><strong>quod</strong></span> <span class='ocrx_word' id='word_1_492' title='bbox 2165 3067 2212 3133; x_wconf 74' lang='grc' dir='ltr'>ο</span> <span class='ocrx_word' id='word_1_493' title='bbox 2246 3068 2364 3123; x_wconf 73' lang='lat' dir='ltr'><strong>quae</strong></span> <span class='ocrx_word' id='word_1_494' title='bbox 2394 3053 2633 3131; x_wconf 64' lang='lat' dir='ltr'><strong>habetis;</strong></span> <span class='ocrx_word' id='word_1_495' title='bbox 2669 3068 2795 3109; x_wconf 84' lang='lat' dir='ltr'><strong>ecce</strong></span> <span class='ocrx_word' id='word_1_496' title='bbox 2844 3055 2987 3131; x_wconf 79' lang='lat' dir='ltr'><strong>enim</strong></span> <span class='ocrx_word' id='word_1_497' title='bbox 3040 3055 3428 3122; x_wconf 87' lang='lat' dir='ltr'><strong>appropinquat</strong></span> <span class='ocrx_word' id='word_1_498' title='bbox 3471 3067 3608 3121; x_wconf 90' lang='lat' dir='ltr'><strong>gens</strong></span> <span class='ocrx_word' id='word_1_499' title='bbox 3661 3066 3810 3119; x_wconf 86' lang='lat' dir='ltr'><strong>quam</strong></span> 
     </span>
    </p>
   </div>
   <div class='ocr_carea' id='block_1_63' title="bbox 563 3152 2134 3229">
    <p class='ocr_par' dir='ltr' id='par_1_63' title="bbox 563 3152 2134 3229">
     <span class='ocr_line' id='line_1_63' title="bbox 563 3152 2134 3229; baseline 0.001 -24"><span class='ocrx_word' id='word_1_500' title='bbox 563 3152 699 3206; x_wconf 87' lang='lat' dir='ltr'><strong>Deus</strong></span> <span class='ocrx_word' id='word_1_501' title='bbox 720 3154 865 3207; x_wconf 90' lang='lat' dir='ltr'><strong>illum</strong></span> <span class='ocrx_word' id='word_1_502' title='bbox 894 3152 1154 3210; x_wconf 83' lang='lat' dir='ltr'><strong>suscitavit</strong></span> <span class='ocrx_word' id='word_1_503' title='bbox 1179 3168 1212 3205; x_wconf 90' lang='lat' dir='ltr'><strong>a</strong></span> <span class='ocrx_word' id='word_1_504' title='bbox 1237 3154 1467 3217; x_wconf 86' lang='lat' dir='ltr'><strong>mortuis,</strong></span> <span class='ocrx_word' id='word_1_505' title='bbox 1491 3153 1661 3206; x_wconf 83' lang='lat' dir='ltr'><strong>salvus</strong></span> <span class='ocrx_word' id='word_1_506' title='bbox 1685 3169 1795 3229; x_wconf 78' lang='lat' dir='ltr'><strong>esse</strong></span> <span class='ocrx_word' id='word_1_507' title='bbox 1822 3170 1921 3208; x_wconf 89' lang='lat' dir='ltr'><strong>non</strong></span> <span class='ocrx_word' id='word_1_508' title='bbox 1952 3155 2134 3225; x_wconf 85' lang='lat' dir='ltr'><strong>poterit</strong></span> 
     </span>
    </p>
   </div>
   <div class='ocr_carea' id='block_1_64' title="bbox 562 3243 2135 3316">
    <p class='ocr_par' dir='ltr' id='par_1_64' title="bbox 562 3243 2135 3316">
     <span class='ocr_line' id='line_1_64' title="bbox 562 3243 2135 3316; baseline 0.001 -19"><span class='ocrx_word' id='word_1_509' title='bbox 562 3246 735 3313; x_wconf 82' lang='lat' dir='ltr'><strong>(Rom.</strong></span> <span class='ocrx_word' id='word_1_510' title='bbox 762 3260 795 3297; x_wconf 73' lang='grc' dir='ltr'><strong>ι</strong></span> <span class='ocrx_word' id='word_1_511' title='bbox 816 3287 829 3309; x_wconf 91' lang='grc'><em>,</em></span> <span class='ocrx_word' id='word_1_512' title='bbox 860 3243 938 3313; x_wconf 85' lang='grc'><strong>9).</strong></span> <span class='ocrx_word' id='word_1_513' title='bbox 969 3244 1094 3299; x_wconf 74' lang='grc' dir='ltr'><strong>Ηερο</strong></span> <span class='ocrx_word' id='word_1_514' title='bbox 1122 3254 1177 3298; x_wconf 92' lang='lat' dir='ltr'><strong>et</strong></span> <span class='ocrx_word' id='word_1_515' title='bbox 1206 3244 1304 3297; x_wconf 88' lang='lat' dir='ltr'><strong>alia</strong></span> <span class='ocrx_word' id='word_1_516' title='bbox 1338 3246 1488 3298; x_wconf 91' lang='lat' dir='ltr'><strong>nobis</strong></span> <span class='ocrx_word' id='word_1_517' title='bbox 1516 3246 1836 3309; x_wconf 87' lang='lat' dir='ltr'><strong>dicentibus,</strong></span> <span class='ocrx_word' id='word_1_518' title='bbox 1865 3262 2135 3316; x_wconf 87' lang='lat' dir='ltr'><strong>nunquam</strong></span> 
     </span>
    </p>
   </div>
   <div class='ocr_carea' id='block_1_65' title="bbox 561 3318 2133 3401">
    <p class='ocr_par' dir='ltr' id='par_1_65' title="bbox 561 3318 2133 3401">
     <span class='ocr_line' id='line_1_65' title="bbox 561 3318 2133 3401; baseline 0.002 -14"><span class='ocrx_word' id='word_1_519' title='bbox 561 3343 909 3401; x_wconf 82' lang='lat' dir='ltr'><strong>compunctus</strong></span> <span class='ocrx_word' id='word_1_520' title='bbox 936 3342 1018 3386; x_wconf 89' lang='lat' dir='ltr'><strong>est</strong></span> <span class='ocrx_word' id='word_1_521' title='bbox 1049 3335 1210 3385; x_wconf 89' lang='lat' dir='ltr'><strong>miser</strong></span> <span class='ocrx_word' id='word_1_522' title='bbox 1237 3333 1305 3388; x_wconf 88' lang='lat' dir='ltr'><strong>ad</strong></span> <span class='ocrx_word' id='word_1_523' title='bbox 1346 3333 1691 3391; x_wconf 86' lang='lat' dir='ltr'><strong>credendum.</strong></span> <span class='ocrx_word' id='word_1_524' title='bbox 1724 3336 1874 3389; x_wconf 89' lang='lat' dir='ltr'><strong>Tunc</strong></span> <span class='ocrx_word' id='word_1_525' title='bbox 1921 3318 2019 3389; x_wconf 26' lang='lat' dir='ltr'><strong>rex:</strong></span> <span class='ocrx_word' id='word_1_526' title='bbox 2061 3337 2133 3390; x_wconf 88' lang='lat' dir='ltr'><strong>si-</strong></span> 
     </span>
    </p>
   </div>
   <div class='ocr_carea' id='block_1_66' title="bbox 562 3422 2137 3494">
    <p class='ocr_par' dir='ltr' id='par_1_66' title="bbox 562 3422 2137 3494">
     <span class='ocr_line' id='line_1_66' title="bbox 562 3422 2137 3494; baseline -0.001 -14"><span class='ocrx_word' id='word_1_527' title='bbox 562 3426 702 3480; x_wconf 88' lang='lat' dir='ltr'><strong>lente</strong></span> <span class='ocrx_word' id='word_1_528' title='bbox 751 3424 864 3489; x_wconf 90' lang='lat' dir='ltr'><strong>illo,</strong></span> <span class='ocrx_word' id='word_1_529' title='bbox 907 3439 1027 3477; x_wconf 90' lang='lat' dir='ltr'><strong>cum</strong></span> <span class='ocrx_word' id='word_1_530' title='bbox 1080 3422 1285 3477; x_wconf 86' lang='lat' dir='ltr'><strong>videret</strong></span> <span class='ocrx_word' id='word_1_531' title='bbox 1338 3438 1458 3477; x_wconf 88' lang='lat' dir='ltr'><strong>eum</strong></span> <span class='ocrx_word' id='word_1_532' title='bbox 1511 3424 1592 3479; x_wconf 90' lang='lat' dir='ltr'><strong>bis</strong></span> <span class='ocrx_word' id='word_1_533' title='bbox 1640 3426 1979 3494; x_wconf 79' lang='lat' dir='ltr'><strong>sermonibus</strong></span> <span class='ocrx_word' id='word_1_534' title='bbox 2032 3441 2137 3479; x_wconf 92' lang='lat' dir='ltr'><strong>non</strong></span> 
     </span>
    </p>
   </div>
   <div class='ocr_carea' id='block_1_67' title="bbox 562 3504 2147 3585">
    <p class='ocr_par' dir='ltr' id='par_1_67' title="bbox 562 3504 2147 3585">
     <span class='ocr_line' id='line_1_67' title="bbox 562 3504 2147 3585; baseline 0.001 -14"><span class='ocrx_word' id='word_1_535' title='bbox 562 3516 875 3585; x_wconf 83' lang='lat' dir='ltr'><strong>compungi,</strong></span> <span class='ocrx_word' id='word_1_536' title='bbox 908 3516 970 3567; x_wconf 90' lang='lat' dir='ltr'><strong>ad</strong></span> <span class='ocrx_word' id='word_1_537' title='bbox 1004 3529 1091 3569; x_wconf 90' lang='lat' dir='ltr'><strong>me</strong></span> <span class='ocrx_word' id='word_1_538' title='bbox 1119 3529 1432 3579; x_wconf 86' lang='lat' dir='ltr'><strong>conversus,</strong></span> <span class='ocrx_word' id='word_1_539' title='bbox 1464 3517 1695 3584; x_wconf 86' lang='lat' dir='ltr'><strong>postulat</strong></span> <span class='ocrx_word' id='word_1_540' title='bbox 1729 3525 1783 3569; x_wconf 93' lang='lat' dir='ltr'><strong>ut</strong></span> <span class='ocrx_word' id='word_1_541' title='bbox 1811 3526 2026 3584; x_wconf 87' lang='lat' dir='ltr'><strong>accepta</strong></span> <span class='ocrx_word' id='word_1_542' title='bbox 2056 3504 2147 3572; x_wconf 10' lang='lat' dir='ltr'><strong>be-V</strong></span> 
     </span>
    </p>
   </div>
   <div class='ocr_carea' id='block_1_68' title="bbox 564 3605 2136 3679">
    <p class='ocr_par' dir='ltr' id='par_1_68' title="bbox 564 3605 2136 3679">
     <span class='ocr_line' id='line_1_68' title="bbox 564 3605 2136 3679; baseline -0.001 -17"><span class='ocrx_word' id='word_1_543' title='bbox 564 3609 860 3663; x_wconf 86' lang='lat' dir='ltr'><strong>nedlctione</strong></span> <span class='ocrx_word' id='word_1_544' title='bbox 887 3614 915 3644; x_wconf 70' lang='grc'><strong>⁸</strong></span> <span class='ocrx_word' id='word_1_545' title='bbox 941 3605 1262 3665; x_wconf 80' lang='lat' dir='ltr'><strong>discederet.</strong></span> <span class='ocrx_word' id='word_1_546' title='bbox 1309 3606 1399 3679; x_wconf 26' lang='lat' dir='ltr'><strong>Ait,</strong></span> <span class='ocrx_word' id='word_1_547' title='bbox 1436 3608 1576 3661; x_wconf 88' lang='lat' dir='ltr'><strong>enim</strong></span> <span class='ocrx_word' id='word_1_548' title='bbox 1611 3623 1625 3660; x_wconf 90' lang='lat'><strong>:</strong></span> <span class='ocrx_word' id='word_1_549' title='bbox 1677 3606 1889 3671; x_wconf 83' lang='lat' dir='ltr'><strong>Dicam,</strong></span> <span class='ocrx_word' id='word_1_550' title='bbox 1936 3608 2136 3676; x_wconf 86' lang='lat' dir='ltr'><strong>inquit,</strong></span> 
     </span>
    </p>
   </div>
   <div class='ocr_carea' id='block_1_69' title="bbox 566 3686 2139 3768">
    <p class='ocr_par' dir='ltr' id='par_1_69' title="bbox 566 3686 2139 3768">
     <span class='ocr_line' id='line_1_69' title="bbox 566 3686 2139 3768; baseline -0.002 -13"><span class='ocrx_word' id='word_1_551' title='bbox 566 3703 695 3764; x_wconf 87' lang='lat' dir='ltr'><strong>tibi,</strong></span> <span class='ocrx_word' id='word_1_552' title='bbox 726 3716 759 3753; x_wconf 91' lang='grc' dir='ltr'><strong>ο</strong></span> <span class='ocrx_word' id='word_1_553' title='bbox 786 3699 1057 3764; x_wconf 82' lang='lat' dir='ltr'><strong>sacerdos,</strong></span> <span class='ocrx_word' id='word_1_554' title='bbox 1086 3697 1229 3768; x_wconf 84' lang='lat' dir='ltr'><strong>quod</strong></span> <span class='ocrx_word' id='word_1_555' title='bbox 1256 3697 1420 3751; x_wconf 87' lang='lat' dir='ltr'><strong>Jacob</strong></span> <span class='ocrx_word' id='word_1_556' title='bbox 1450 3698 1584 3755; x_wconf 84' lang='lat' dir='ltr'><strong>dixit</strong></span> <span class='ocrx_word' id='word_1_557' title='bbox 1607 3686 1669 3752; x_wconf 80' lang='lat' dir='ltr'><strong>ad</strong></span> <span class='ocrx_word' id='word_1_558' title='bbox 1696 3698 1942 3768; x_wconf 83' lang='lat' dir='ltr'><strong>angelum</strong></span> <span class='ocrx_word' id='word_1_559' title='bbox 1970 3700 2058 3768; x_wconf 89' lang='lat' dir='ltr'><strong>qui</strong></span> <span class='ocrx_word' id='word_1_560' title='bbox 2090 3699 2139 3752; x_wconf 90' lang='lat' dir='ltr'><strong>ei</strong></span> 
     </span>
    </p>
   </div>
   <div class='ocr_carea' id='block_1_70' title="bbox 566 3786 2142 3859">
    <p class='ocr_par' dir='ltr' id='par_1_70' title="bbox 566 3786 2142 3859">
     <span class='ocr_line' id='line_1_70' title="bbox 566 3786 2142 3859; baseline -0.004 -14"><span class='ocrx_word' id='word_1_561' title='bbox 566 3790 920 3859; x_wconf 84' lang='lat' dir='ltr'><strong>loquebatur:</strong></span> <span class='ocrx_word' id='word_1_562' title='bbox 957 3786 1079 3841; x_wconf 83' lang='lat' dir='ltr'><strong>Non</strong></span> <span class='ocrx_word' id='word_1_563' title='bbox 1126 3787 1378 3841; x_wconf 90' lang='lat' dir='ltr'><strong>dimittam</strong></span> <span class='ocrx_word' id='word_1_564' title='bbox 1419 3795 1483 3859; x_wconf 87' lang='lat' dir='ltr'><strong>te,</strong></span> <span class='ocrx_word' id='word_1_565' title='bbox 1520 3786 1619 3839; x_wconf 85' lang='lat' dir='ltr'><strong>nisi</strong></span> <span class='ocrx_word' id='word_1_566' title='bbox 1665 3788 1974 3841; x_wconf 76' lang='lat' dir='ltr'><strong>benedixcris</strong></span> <span class='ocrx_word' id='word_1_567' title='bbox 2017 3786 2142 3859; x_wconf 64' lang='lat' dir='ltr'><strong>milii</strong></span> 
     </span>
    </p>
   </div>
   <div class='ocr_carea' id='block_1_71' title="bbox 568 3876 2142 3955">
    <p class='ocr_par' dir='ltr' id='par_1_71' title="bbox 568 3876 2142 3955">
     <span class='ocr_line' id='line_1_71' title="bbox 568 3876 2142 3955; baseline -0.003 -20"><span class='ocrx_word' id='word_1_568' title='bbox 568 3880 721 3955; x_wconf 82' lang='lat' dir='ltr'><strong>(Gen.</strong></span> <span class='ocrx_word' id='word_1_569' title='bbox 755 3894 933 3942; x_wconf 70' lang='grc' dir='ltr'><strong>χχχιι,</strong></span> <span class='ocrx_word' id='word_1_570' title='bbox 966 3876 1081 3948; x_wconf 72' lang='lat'><strong>‘26).</strong></span> <span class='ocrx_word' id='word_1_571' title='bbox 1135 3877 1199 3931; x_wconf 81' lang='lat' dir='ltr'><strong>Et</strong></span> <span class='ocrx_word' id='word_1_572' title='bbox 1247 3877 1363 3932; x_wconf 72' lang='lat' dir='ltr'><strong>hlec</strong></span> <span class='ocrx_word' id='word_1_573' title='bbox 1402 3878 1605 3941; x_wconf 90' lang='lat' dir='ltr'><strong>dicens,</strong></span> <span class='ocrx_word' id='word_1_574' title='bbox 1654 3892 1850 3947; x_wconf 86' lang='lat' dir='ltr'><strong>aquam</strong></span> <span class='ocrx_word' id='word_1_575' title='bbox 1902 3879 2142 3931; x_wconf 88' lang='lat' dir='ltr'><strong>manibus</strong></span> 
     </span>
    </p>
   </div>
   <div class='ocr_carea' id='block_1_72' title="bbox 570 3967 2144 4045">
    <p class='ocr_par' dir='ltr' id='par_1_72' title="bbox 570 3967 2144 4045">
     <span class='ocr_line' id='line_1_72' title="bbox 570 3967 2144 4045; baseline -0.004 -18"><span class='ocrx_word' id='word_1_576' title='bbox 570 3976 765 4045; x_wconf 79' lang='lat' dir='ltr'><strong>porrigi</strong></span> <span class='ocrx_word' id='word_1_577' title='bbox 814 3975 999 4044; x_wconf 84' lang='lat' dir='ltr'><strong>jubet;</strong></span> <span class='ocrx_word' id='word_1_578' title='bbox 1040 3971 1231 4039; x_wconf 82' lang='lat' dir='ltr'><strong>quibus</strong></span> <span class='ocrx_word' id='word_1_579' title='bbox 1274 3970 1491 4034; x_wconf 89' lang='lat' dir='ltr'><strong>ablutis,</strong></span> <span class='ocrx_word' id='word_1_580' title='bbox 1538 3967 1675 4023; x_wconf 81' lang='lat' dir='ltr'><strong>facta</strong></span> <span class='ocrx_word' id='word_1_581' title='bbox 1711 3971 1951 4027; x_wconf 85' lang='lat' dir='ltr'><strong>oratione</strong></span> <span class='ocrx_word' id='word_1_582' title='bbox 1980 3969 2027 4037; x_wconf 77' lang='grc' dir='ltr'><strong>δ,</strong></span> <span class='ocrx_word' id='word_1_583' title='bbox 2058 3985 2144 4024; x_wconf 88' lang='lat' dir='ltr'><strong>ac-</strong></span> 
     </span>
    </p>
   </div>
   <div class='ocr_carea' id='block_1_73' title="bbox 567 4060 2142 4134">
    <p class='ocr_par' dir='ltr' id='par_1_73' title="bbox 567 4060 2142 4134">
     <span class='ocr_line' id='line_1_73' title="bbox 567 4060 2142 4134; baseline -0.005 -15"><span class='ocrx_word' id='word_1_584' title='bbox 567 4075 724 4133; x_wconf 86' lang='lat' dir='ltr'><strong>cepto</strong></span> <span class='ocrx_word' id='word_1_585' title='bbox 755 4077 890 4133; x_wconf 89' lang='lat' dir='ltr'><strong>pane</strong></span> <span class='ocrx_word' id='word_1_586' title='bbox 935 4062 1131 4134; x_wconf 83' lang='lat' dir='ltr'><strong>gratias</strong></span> <span class='ocrx_word' id='word_1_587' title='bbox 1167 4060 1274 4114; x_wconf 90' lang='lat' dir='ltr'><strong>Deo</strong></span> <span class='ocrx_word' id='word_1_588' title='bbox 1313 4068 1552 4128; x_wconf 84' lang='lat' dir='ltr'><strong>agentes,</strong></span> <span class='ocrx_word' id='word_1_589' title='bbox 1582 4069 1635 4112; x_wconf 90' lang='lat' dir='ltr'><strong>et</strong></span> <span class='ocrx_word' id='word_1_590' title='bbox 1676 4061 1772 4129; x_wconf 90' lang='lat' dir='ltr'><strong>ipsi</strong></span> <span class='ocrx_word' id='word_1_591' title='bbox 1817 4061 2142 4125; x_wconf 66' lang='lat' dir='ltr'><strong>accepimus,</strong></span> 
     </span>
    </p>
   </div>
   <div class='ocr_carea' id='block_1_74' title="bbox 568 4151 2145 4221">
    <p class='ocr_par' dir='ltr' id='par_1_74' title="bbox 568 4151 2145 4221">
     <span class='ocr_line' id='line_1_74' title="bbox 568 4151 2145 4221; baseline -0.003 -14"><span class='ocrx_word' id='word_1_592' title='bbox 568 4166 621 4207; x_wconf 89' lang='lat' dir='ltr'><strong>et</strong></span> <span class='ocrx_word' id='word_1_593' title='bbox 662 4154 769 4221; x_wconf 86' lang='lat' dir='ltr'><strong>regi</strong></span> <span class='ocrx_word' id='word_1_594' title='bbox 822 4154 1176 4219; x_wconf 81' lang='lat' dir='ltr'><strong>porreximus,</strong></span> <span class='ocrx_word' id='word_1_595' title='bbox 1220 4152 1516 4219; x_wconf 88' lang='lat' dir='ltr'><strong>baustoque</strong></span> <span class='ocrx_word' id='word_1_596' title='bbox 1559 4164 1731 4219; x_wconf 88' lang='lat' dir='ltr'><strong>mero,</strong></span> <span class='ocrx_word' id='word_1_597' title='bbox 1782 4151 2145 4204; x_wconf 82' lang='lat' dir='ltr'><strong>vatedicentes</strong></span> 
     </span>
    </p>
   </div>
   <div class='ocr_carea' id='block_1_75' title="bbox 569 4226 2145 4313">
    <p class='ocr_par' dir='ltr' id='par_1_75' title="bbox 569 4226 2145 4313">
     <span class='ocr_line' id='line_1_75' title="bbox 569 4226 2145 4313; baseline -0.002 -15"><span class='ocrx_word' id='word_1_598' title='bbox 569 4246 930 4300; x_wconf 87' lang='lat' dir='ltr'><strong>discessimus.</strong></span> <span class='ocrx_word' id='word_1_599' title='bbox 964 4241 1073 4299; x_wconf 81' lang='lat' dir='ltr'><strong>Rex</strong></span> <span class='ocrx_word' id='word_1_600' title='bbox 1108 4256 1234 4294; x_wconf 88' lang='lat' dir='ltr'><strong>vero</strong></span> <span class='ocrx_word' id='word_1_601' title='bbox 1263 4226 1487 4297; x_wconf 86' lang='lat' dir='ltr'><strong>ascenso</strong></span> <span class='ocrx_word' id='word_1_602' title='bbox 1515 4242 1691 4311; x_wconf 88' lang='lat' dir='ltr'><strong>equite</strong></span> <span class='ocrx_word' id='word_1_603' title='bbox 1741 4240 1814 4313; x_wconf 88' lang='grc'><strong>[1.</strong></span> <span class='ocrx_word' id='word_1_604' title='bbox 1846 4242 2003 4313; x_wconf 88' lang='lat' dir='ltr'><strong>equo]</strong></span> <span class='ocrx_word' id='word_1_605' title='bbox 2048 4242 2145 4295; x_wconf 78' lang='lat' dir='ltr'><strong>Pa-</strong></span> 
     </span>
    </p>
   </div>
   <div class='ocr_carea' id='block_1_76' title="bbox 512 4332 2142 4411">
    <p class='ocr_par' dir='ltr' id='par_1_76' title="bbox 512 4332 2142 4411">
     <span class='ocr_line' id='line_1_76' title="bbox 512 4332 2142 4411; baseline 0.001 -26"><span class='ocrx_word' id='word_1_606' title='bbox 512 4348 513 4351; x_wconf 72' lang='lat'>‘</span> <span class='ocrx_word' id='word_1_607' title='bbox 570 4336 727 4388; x_wconf 89' lang='lat' dir='ltr'><strong>risios</strong></span> <span class='ocrx_word' id='word_1_608' title='bbox 756 4343 837 4388; x_wconf 90' lang='lat' dir='ltr'><strong>est</strong></span> <span class='ocrx_word' id='word_1_609' title='bbox 881 4346 1183 4403; x_wconf 83' lang='lat' dir='ltr'><strong>regressus,</strong></span> <span class='ocrx_word' id='word_1_610' title='bbox 1210 4346 1332 4385; x_wconf 89' lang='lat' dir='ltr'><strong>cum</strong></span> <span class='ocrx_word' id='word_1_611' title='bbox 1363 4332 1588 4411; x_wconf 80' lang='lat' dir='ltr'><strong>cuiijnge</strong></span> <span class='ocrx_word' id='word_1_612' title='bbox 1634 4342 1693 4407; x_wconf 85' lang='lat' dir='ltr'><strong>et</strong></span> <span class='ocrx_word' id='word_1_613' title='bbox 1735 4334 1873 4399; x_wconf 84' lang='lat' dir='ltr'><strong>lilia,</strong></span> <span class='ocrx_word' id='word_1_614' title='bbox 1907 4342 1962 4389; x_wconf 92' lang='lat' dir='ltr'><strong>et</strong></span> <span class='ocrx_word' id='word_1_615' title='bbox 2000 4333 2142 4388; x_wconf 92' lang='lat' dir='ltr'><strong>omni</strong></span> 
     </span>
    </p>
   </div>
   <div class='ocr_carea' id='block_1_77' title="bbox 570 4426 909 4483">
    <p class='ocr_par' dir='ltr' id='par_1_77' title="bbox 570 4426 909 4483">
     <span class='ocr_line' id='line_1_77' title="bbox 570 4426 909 4483; baseline -0.009 -6"><span class='ocrx_word' id='word_1_616' title='bbox 570 4426 763 4480; x_wconf 82' lang='lat' dir='ltr'><strong>familia</strong></span> <span class='ocrx_word' id='word_1_617' title='bbox 796 4439 909 4483; x_wconf 73' lang='lat' dir='ltr'><strong>sua.</strong></span> 
     </span>
    </p>
   </div>
   <div class='ocr_carea' id='block_1_78' title="bbox 642 4576 2141 4648">
    <p class='ocr_par' dir='ltr' id='par_1_78' title="bbox 642 4576 2141 4648">
     <span class='ocr_line' id='line_1_78' title="bbox 642 4576 2141 4648; baseline 0.005 -19"><span class='ocrx_word' id='word_1_618' title='bbox 642 4588 669 4618; x_wconf 79' lang='grc' dir='ltr'><strong>ι</strong></span> <span class='ocrx_word' id='word_1_619' title='bbox 710 4578 880 4646; x_wconf 75' lang='lat' dir='ltr'><strong>Reges</strong></span> <span class='ocrx_word' id='word_1_620' title='bbox 908 4576 977 4631; x_wconf 88' lang='lat' dir='ltr'><strong>ab</strong></span> <span class='ocrx_word' id='word_1_621' title='bbox 1012 4580 1275 4647; x_wconf 79' lang='lat' dir='ltr'><strong>episcopis</strong></span> <span class='ocrx_word' id='word_1_622' title='bbox 1302 4580 1751 4634; x_wconf 86' lang='lat' dir='ltr'><strong>benedicebantur</strong></span> <span class='ocrx_word' id='word_1_623' title='bbox 1779 4620 1794 4643; x_wconf 95' lang='lat'><strong>,</strong></span> <span class='ocrx_word' id='word_1_624' title='bbox 1841 4590 1899 4635; x_wconf 91' lang='lat' dir='ltr'><strong>ut</strong></span> <span class='ocrx_word' id='word_1_625' title='bbox 1946 4583 2141 4648; x_wconf 89' lang='lat' dir='ltr'><strong>passim</strong></span> 
     </span>
    </p>
   </div>
   <div class='ocr_carea' id='block_1_79' title="bbox 570 4649 2141 4719">
    <p class='ocr_par' dir='ltr' id='par_1_79' title="bbox 570 4649 2141 4719">
     <span class='ocr_line' id='line_1_79' title="bbox 570 4649 2141 4719; baseline 0.002 -16"><span class='ocrx_word' id='word_1_626' title='bbox 570 4649 729 4719; x_wconf 88' lang='lat' dir='ltr'><strong>Greg.</strong></span> <span class='ocrx_word' id='word_1_627' title='bbox 765 4660 1043 4701; x_wconf 78' lang='lat' dir='ltr'><strong>memorat.</strong></span> <span class='ocrx_word' id='word_1_628' title='bbox 1076 4650 1207 4702; x_wconf 82' lang='lat' dir='ltr'><strong>llinc</strong></span> <span class='ocrx_word' id='word_1_629' title='bbox 1233 4651 1288 4703; x_wconf 91' lang='lat' dir='ltr'><strong>S.</strong></span> <span class='ocrx_word' id='word_1_630' title='bbox 1315 4652 1541 4705; x_wconf 82' lang='lat' dir='ltr'><strong>Hilarius</strong></span> <span class='ocrx_word' id='word_1_631' title='bbox 1569 4660 1750 4705; x_wconf 89' lang='lat' dir='ltr'><strong>contra</strong></span> <span class='ocrx_word' id='word_1_632' title='bbox 1774 4651 2141 4707; x_wconf 69' lang='lat' dir='ltr'><strong>Consmntinin</strong></span> 
     </span>
    </p>
   </div>
   <div class='ocr_carea' id='block_1_80' title="bbox 569 4720 2139 4795">
    <p class='ocr_par' dir='ltr' id='par_1_80' title="bbox 569 4720 2139 4795">
     <span class='ocr_line' id='line_1_80' title="bbox 569 4720 2139 4795; baseline 0.002 -21"><span class='ocrx_word' id='word_1_633' title='bbox 569 4720 829 4795; x_wconf 75' lang='lat' dir='ltr'><strong>scribens,</strong></span> <span class='ocrx_word' id='word_1_634' title='bbox 976 4722 1273 4795; x_wconf 73' lang='lat' dir='ltr'><strong>exprobrat</strong></span> <span class='ocrx_word' id='word_1_635' title='bbox 1302 4738 1334 4795; x_wconf 81' lang='lat'><strong>:_</strong></span> <span class='ocrx_word' id='word_1_636' title='bbox 1363 4721 1563 4795; x_wconf 63' lang='lat' dir='ltr'><strong>Oscula</strong></span> <span class='ocrx_word' id='word_1_637' title='bbox 1593 4723 1875 4795; x_wconf 85' lang='lat' dir='ltr'><strong>sacerdotes</strong></span> <span class='ocrx_word' id='word_1_638' title='bbox 1912 4726 2102 4795; x_wconf 77' lang='lat' dir='ltr'><strong>excipis</strong></span> <span class='ocrx_word' id='word_1_639' title='bbox 2124 4763 2139 4786; x_wconf 90' lang='lat'><strong>,</strong></span> 
     </span>
    </p>
   </div>
   <div class='ocr_carea' id='block_1_81' title="bbox 570 4788 2153 4859">
    <p class='ocr_par' dir='ltr' id='par_1_81' title="bbox 570 4788 2153 4859">
     <span class='ocr_line' id='line_1_81' title="bbox 570 4788 2153 4859; baseline 0.003 -18"><span class='ocrx_word' id='word_1_640' title='bbox 570 4796 721 4859; x_wconf 79' lang='lat' dir='ltr'><strong>caput</strong></span> <span class='ocrx_word' id='word_1_641' title='bbox 740 4788 1085 4859; x_wconf 10' lang='lat' dir='ltr'><strong>ibenedictt’oni</strong></span> <span class='ocrx_word' id='word_1_642' title='bbox 1109 4790 1383 4852; x_wconf 78' lang='lat' dir='ltr'><strong>submittis,</strong></span> <span class='ocrx_word' id='word_1_643' title='bbox 1408 4800 1459 4840; x_wconf 88' lang='lat' dir='ltr'><strong>ut</strong></span> <span class='ocrx_word' id='word_1_644' title='bbox 1490 4791 1643 4857; x_wconf 81' lang='lat' dir='ltr'><strong>fidem</strong></span> <span class='ocrx_word' id='word_1_645' title='bbox 1674 4794 1854 4852; x_wconf 79' lang='lat' dir='ltr'><strong>calces.</strong></span> <span class='ocrx_word' id='word_1_646' title='bbox 2023 4788 2033 4795; x_wconf 80' lang='grc'><em>’</em></span> <span class='ocrx_word' id='word_1_647' title='bbox 2144 4802 2153 4815; x_wconf 78' lang='lat'><em>“</em></span> 
     </span>
    </p>
   </div>
   <div class='ocr_carea' id='block_1_82' title="bbox 642 4858 2145 4927">
    <p class='ocr_par' dir='ltr' id='par_1_82' title="bbox 642 4858 2145 4927">
     <span class='ocr_line' id='line_1_82' title="bbox 642 4858 2145 4927; baseline 0.004 -15"><span class='ocrx_word' id='word_1_648' title='bbox 642 4858 670 4898; x_wconf 76' lang='grc' dir='ltr'><strong>ι’</strong></span> <span class='ocrx_word' id='word_1_649' title='bbox 710 4858 1067 4927; x_wconf 77' lang='lat' dir='ltr'><strong>Hieronymus</strong></span> <span class='ocrx_word' id='word_1_650' title='bbox 1093 4859 1156 4911; x_wconf 88' lang='lat' dir='ltr'><strong>ad</strong></span> <span class='ocrx_word' id='word_1_651' title='bbox 1190 4860 1532 4912; x_wconf 77' lang='lat' dir='ltr'><strong>Eusuichium</strong></span> <span class='ocrx_word' id='word_1_652' title='bbox 1568 4877 1581 4911; x_wconf 84' lang='lat'><strong>:</strong></span> <span class='ocrx_word' id='word_1_653' title='bbox 1619 4859 1721 4912; x_wconf 85' lang='lat' dir='ltr'><strong>Nec</strong></span> <span class='ocrx_word' id='word_1_654' title='bbox 1751 4864 1850 4913; x_wconf 84' lang='lat' dir='ltr'><strong>cibi</strong></span> <span class='ocrx_word' id='word_1_655' title='bbox 1878 4873 2145 4918; x_wconf 86' lang='lat' dir='ltr'><strong>sumantur</strong></span> 
     </span>
    </p>
   </div>
   <div class='ocr_carea' id='block_1_83' title="bbox 570 4929 2141 4996">
    <p class='ocr_par' dir='ltr' id='par_1_83' title="bbox 570 4929 2141 4996">
     <span class='ocr_line' id='line_1_83' title="bbox 570 4929 2141 4996; baseline 0.008 -19"><span class='ocrx_word' id='word_1_656' title='bbox 570 4932 667 4984; x_wconf 66' lang='lat' dir='ltr'><strong>nisi</strong></span> <span class='ocrx_word' id='word_1_657' title='bbox 690 4929 921 4981; x_wconf 82' lang='lat' dir='ltr'><strong>oratione</strong></span> <span class='ocrx_word' id='word_1_658' title='bbox 940 4931 1234 4996; x_wconf 71' lang='lat' dir='ltr'><strong>prwmissa;</strong></span> <span class='ocrx_word' id='word_1_659' title='bbox 1262 4944 1351 4981; x_wconf 74' lang='lat' dir='ltr'><strong>nec</strong></span> <span class='ocrx_word' id='word_1_660' title='bbox 1376 4930 1634 4983; x_wconf 82' lang='lat' dir='ltr'><strong>recedatur</strong></span> <span class='ocrx_word' id='word_1_661' title='bbox 1659 4948 1689 4982; x_wconf 87' lang='grc' dir='ltr'>α</span> <span class='ocrx_word' id='word_1_662' title='bbox 1712 4948 1906 4996; x_wconf 84' lang='lat' dir='ltr'><strong>mensa,</strong></span> <span class='ocrx_word' id='word_1_663' title='bbox 1937 4936 2031 4985; x_wconf 80' lang='lat' dir='ltr'><strong>nisi</strong></span> <span class='ocrx_word' id='word_1_664' title='bbox 2061 4953 2141 4989; x_wconf 86' lang='lat' dir='ltr'><strong>re-</strong></span> 
     </span>
    </p>
   </div>
   <div class='ocr_carea' id='block_1_84' title="bbox 570 4999 2135 5070">
    <p class='ocr_par' dir='ltr' id='par_1_84' title="bbox 570 4999 2135 5070">
     <span class='ocr_line' id='line_1_84' title="bbox 570 4999 2135 5070; baseline 0.004 -17"><span class='ocrx_word' id='word_1_665' title='bbox 570 5004 763 5070; x_wconf 75' lang='lat' dir='ltr'><strong>feratur</strong></span> <span class='ocrx_word' id='word_1_666' title='bbox 784 4999 1013 5070; x_wconf 75' lang='lat' dir='ltr'><strong>Creatori</strong></span> <span class='ocrx_word' id='word_1_667' title='bbox 1040 5000 1227 5070; x_wconf 85' lang='lat' dir='ltr'><strong>gratia.</strong></span> <span class='ocrx_word' id='word_1_668' title='bbox 1268 5001 1483 5068; x_wconf 86' lang='lat' dir='ltr'><strong>Singula</strong></span> <span class='ocrx_word' id='word_1_669' title='bbox 1515 4999 1710 5070; x_wconf 82' lang='lat' dir='ltr'><strong>fercula</strong></span> <span class='ocrx_word' id='word_1_670' title='bbox 1761 5004 2135 5070; x_wconf 82' lang='lat' dir='ltr'><strong>signabantur,</strong></span> 
     </span>
    </p>
   </div>
   <div class='ocr_carea' id='block_1_85' title="bbox 569 5068 2138 5142">
    <p class='ocr_par' dir='ltr' id='par_1_85' title="bbox 569 5068 2138 5142">
     <span class='ocr_line' id='line_1_85' title="bbox 569 5068 2138 5142; baseline 0.004 -19"><span class='ocrx_word' id='word_1_671' title='bbox 569 5068 632 5123; x_wconf 84' lang='lat' dir='ltr'><strong>ex</strong></span> <span class='ocrx_word' id='word_1_672' title='bbox 667 5072 759 5142; x_wconf 90' lang='lat' dir='ltr'><strong>li_h.</strong></span> <span class='ocrx_word' id='word_1_673' title='bbox 790 5086 807 5124; x_wconf 89' lang='grc' dir='ltr'><strong>ι</strong></span> <span class='ocrx_word' id='word_1_674' title='bbox 837 5069 905 5124; x_wconf 87' lang='lat' dir='ltr'><strong>de</strong></span> <span class='ocrx_word' id='word_1_675' title='bbox 931 5068 1078 5123; x_wconf 89' lang='lat' dir='ltr'><strong>Glor.</strong></span> <span class='ocrx_word' id='word_1_676' title='bbox 1114 5069 1295 5142; x_wconf 58' lang='lat' dir='ltr'><strong>illam,</strong></span> <span class='ocrx_word' id='word_1_677' title='bbox 1319 5084 1439 5142; x_wconf 73' lang='lat' dir='ltr'><strong>cap.</strong></span> <span class='ocrx_word' id='word_1_678' title='bbox 1468 5070 1557 5142; x_wconf 67' lang='lat'><strong>80,</strong></span> <span class='ocrx_word' id='word_1_679' title='bbox 1586 5069 1739 5142; x_wconf 77' lang='lat' dir='ltr'><strong>infra.</strong></span> <span class='ocrx_word' id='word_1_680' title='bbox 1769 5071 1858 5142; x_wconf 1' lang='lat' dir='ltr'><strong>(Et</strong></span> <span class='ocrx_word' id='word_1_681' title='bbox 1896 5068 2138 5141; x_wconf 60' lang='lat' dir='ltr'><strong>quaedam</strong></span> 
     </span>
    </p>
   </div>
   <div class='ocr_carea' id='block_1_86' title="bbox 569 5138 2147 5211">
    <p class='ocr_par' dir='ltr' id='par_1_86' title="bbox 569 5138 2147 5211">
     <span class='ocr_line' id='line_1_86' title="bbox 569 5138 2147 5211; baseline 0.001 -17"><span class='ocrx_word' id='word_1_682' title='bbox 569 5142 662 5194; x_wconf 84' lang='lat' dir='ltr'><strong>Dei</strong></span> <span class='ocrx_word' id='word_1_683' title='bbox 693 5140 889 5192; x_wconf 82' lang='lat' dir='ltr'><strong>famula</strong></span> <span class='ocrx_word' id='word_1_684' title='bbox 921 5141 1058 5208; x_wconf 90' lang='lat' dir='ltr'><strong>apud</strong></span> <span class='ocrx_word' id='word_1_685' title='bbox 1108 5138 1331 5209; x_wconf 78' lang='lat' dir='ltr'><strong>Gregor.</strong></span> <span class='ocrx_word' id='word_1_686' title='bbox 1361 5138 1431 5192; x_wconf 83' lang='lat' dir='ltr'><strong>M.</strong></span> <span class='ocrx_word' id='word_1_687' title='bbox 1465 5140 1553 5192; x_wconf 90' lang='lat' dir='ltr'><strong>lib.</strong></span> <span class='ocrx_word' id='word_1_688' title='bbox 1605 5156 1620 5194; x_wconf 85' lang='grc' dir='ltr'><strong>ι</strong></span> <span class='ocrx_word' id='word_1_689' title='bbox 1667 5138 2053 5210; x_wconf 63' lang='grc' dir='ltr'><strong>Βιδιοεζηόθρ.</strong></span> <span class='ocrx_word' id='word_1_690' title='bbox 2084 5144 2147 5211; x_wconf 66' lang='grc'><strong>4,⁷</strong></span> 
     </span>
    </p>
   </div>
   <div class='ocr_carea' id='block_1_87' title="bbox 570 5211 2137 5281">
    <p class='ocr_par' dir='ltr' id='par_1_87' title="bbox 570 5211 2137 5281">
     <span class='ocr_line' id='line_1_87' title="bbox 570 5211 2137 5281; baseline 0.004 -21"><span class='ocrx_word' id='word_1_691' title='bbox 570 5212 918 5281; x_wconf 80' lang='lat' dir='ltr'><strong>ntlactucara</strong></span> <span class='ocrx_word' id='word_1_692' title='bbox 950 5212 1105 5264; x_wconf 71' lang='lat' dir='ltr'><strong>oblita</strong></span> <span class='ocrx_word' id='word_1_693' title='bbox 1132 5211 1276 5279; x_wconf 82' lang='lat' dir='ltr'><strong>signa</strong></span> <span class='ocrx_word' id='word_1_694' title='bbox 1310 5211 1478 5263; x_wconf 86' lang='lat' dir='ltr'><strong>crucis</strong></span> <span class='ocrx_word' id='word_1_695' title='bbox 1516 5212 1804 5265; x_wconf 86' lang='lat' dir='ltr'><strong>benedicere</strong></span> <span class='ocrx_word' id='word_1_696' title='bbox 1831 5216 2137 5281; x_wconf 89' lang='lat' dir='ltr'><strong>momordit,</strong></span> 
     </span>
    </p>
   </div>
   <div class='ocr_carea' id='block_1_88' title="bbox 564 5279 1260 5344">
    <p class='ocr_par' dir='ltr' id='par_1_88' title="bbox 564 5279 1260 5344">
     <span class='ocr_line' id='line_1_88' title="bbox 564 5279 1260 5344; baseline 0.003 -12"><span class='ocrx_word' id='word_1_697' title='bbox 564 5294 596 5332; x_wconf 89' lang='lat' dir='ltr'><strong>a</strong></span> <span class='ocrx_word' id='word_1_698' title='bbox 626 5279 868 5333; x_wconf 74' lang='lat' dir='ltr'><strong>daemoiie</strong></span> <span class='ocrx_word' id='word_1_699' title='bbox 888 5294 1130 5344; x_wconf 87' lang='lat' dir='ltr'><strong>correpta</strong></span> <span class='ocrx_word' id='word_1_700' title='bbox 1162 5292 1260 5335; x_wconf 77' lang='lat' dir='ltr'><strong>est.</strong></span> 
     </span>
    </p>
   </div>
   <div class='ocr_carea' id='block_1_89' title="bbox 645 5350 2135 5425">
    <p class='ocr_par' dir='ltr' id='par_1_89' title="bbox 645 5350 2135 5425">
     <span class='ocr_line' id='line_1_89' title="bbox 645 5350 2135 5425; baseline 0.007 -27"><span class='ocrx_word' id='word_1_701' title='bbox 645 5358 667 5384; x_wconf 70' lang='grc' dir='ltr'><strong><em>ο</em></strong></span> <span class='ocrx_word' id='word_1_702' title='bbox 714 5350 787 5401; x_wconf 81' lang='lat' dir='ltr'><strong>Ex</strong></span> <span class='ocrx_word' id='word_1_703' title='bbox 824 5350 922 5402; x_wconf 90' lang='lat' dir='ltr'><strong>hoc</strong></span> <span class='ocrx_word' id='word_1_704' title='bbox 951 5352 1066 5425; x_wconf 77' lang='lat' dir='ltr'><strong>loco</strong></span> <span class='ocrx_word' id='word_1_705' title='bbox 1107 5353 1461 5425; x_wconf 81' lang='lat' dir='ltr'><strong>negotiatores</strong></span> <span class='ocrx_word' id='word_1_706' title='bbox 1494 5350 1767 5425; x_wconf 57' lang='lat' dir='ltr'><strong>[Egyptios</strong></span> <span class='ocrx_word' id='word_1_707' title='bbox 1807 5351 2002 5406; x_wconf 80' lang='lat' dir='ltr'><strong>Gallias</strong></span> <span class='ocrx_word' id='word_1_708' title='bbox 2030 5354 2135 5425; x_wconf 80' lang='lat' dir='ltr'><strong>fre-</strong></span> 
     </span>
    </p>
   </div>
   <div class='ocr_carea' id='block_1_90' title="bbox 565 5420 2139 5489">
    <p class='ocr_par' dir='ltr' id='par_1_90' title="bbox 565 5420 2139 5489">
     <span class='ocr_line' id='line_1_90' title="bbox 565 5420 2139 5489; baseline 0.008 -24"><span class='ocrx_word' id='word_1_709' title='bbox 565 5426 852 5489; x_wconf 76' lang='lat' dir='ltr'><strong>quentaSSe</strong></span> <span class='ocrx_word' id='word_1_710' title='bbox 882 5420 1180 5487; x_wconf 74' lang='lat' dir='ltr'><strong>Colligitur,</strong></span> <span class='ocrx_word' id='word_1_711' title='bbox 1231 5426 1318 5489; x_wconf 88' lang='lat' dir='ltr'><strong>qui</strong></span> <span class='ocrx_word' id='word_1_712' title='bbox 1352 5420 1455 5474; x_wconf 81' lang='lat' dir='ltr'><strong>non</strong></span> <span class='ocrx_word' id='word_1_713' title='bbox 1501 5426 1673 5473; x_wconf 89' lang='lat' dir='ltr'><strong>solum</strong></span> <span class='ocrx_word' id='word_1_714' title='bbox 1708 5423 1919 5488; x_wconf 85' lang='lat' dir='ltr'><strong>herbas,</strong></span> <span class='ocrx_word' id='word_1_715' title='bbox 1963 5424 2057 5477; x_wconf 84' lang='lat' dir='ltr'><strong>sed</strong></span> <span class='ocrx_word' id='word_1_716' title='bbox 2086 5434 2139 5479; x_wconf 87' lang='lat' dir='ltr'><strong>et</strong></span> 
     </span>
    </p>
   </div>
   <div class='ocr_carea' id='block_1_91' title="bbox 568 5488 2135 5558">
    <p class='ocr_par' dir='ltr' id='par_1_91' title="bbox 568 5488 2135 5558">
     <span class='ocr_line' id='line_1_91' title="bbox 568 5488 2135 5558; baseline 0.007 -20"><span class='ocrx_word' id='word_1_717' title='bbox 568 5494 810 5558; x_wconf 75' lang='lat' dir='ltr'><strong>chartam</strong></span> <span class='ocrx_word' id='word_1_718' title='bbox 844 5488 982 5558; x_wconf 83' lang='lat' dir='ltr'><strong>illam</strong></span> <span class='ocrx_word' id='word_1_719' title='bbox 1008 5488 1353 5558; x_wconf 63' lang='lat' dir='ltr'><strong>papyraceim</strong></span> <span class='ocrx_word' id='word_1_720' title='bbox 1377 5494 1510 5544; x_wconf 89' lang='lat' dir='ltr'><strong>adeo</strong></span> <span class='ocrx_word' id='word_1_721' title='bbox 1524 5493 1787 5545; x_wconf 81' lang='lat' dir='ltr'><strong>celebrem</strong></span> <span class='ocrx_word' id='word_1_722' title='bbox 1819 5494 2135 5550; x_wconf 78' lang='lat' dir='ltr'><strong>all&#39;erebant.</strong></span> 
     </span>
    </p>
   </div>
   <div class='ocr_carea' id='block_1_92' title="bbox 575 5556 2140 5627">
    <p class='ocr_par' dir='ltr' id='par_1_92' title="bbox 575 5556 2140 5627">
     <span class='ocr_line' id='line_1_92' title="bbox 575 5556 2140 5627; baseline 0.002 -15"><span class='ocrx_word' id='word_1_723' title='bbox 575 5557 727 5613; x_wconf 79' lang='lat' dir='ltr'><strong>Unde</strong></span> <span class='ocrx_word' id='word_1_724' title='bbox 751 5556 1037 5624; x_wconf 81' lang='lat' dir='ltr'><strong>Giegorius</strong></span> <span class='ocrx_word' id='word_1_725' title='bbox 1063 5556 1220 5626; x_wconf 81' lang='lat' dir='ltr'><strong>supra</strong></span> <span class='ocrx_word' id='word_1_726' title='bbox 1252 5562 1342 5613; x_wconf 87' lang='lat' dir='ltr'><strong>lib.</strong></span> <span class='ocrx_word' id='word_1_727' title='bbox 1374 5576 1422 5623; x_wconf 88' lang='lat' dir='ltr'><strong>v,</strong></span> <span class='ocrx_word' id='word_1_728' title='bbox 1450 5575 1570 5627; x_wconf 86' lang='lat' dir='ltr'><strong>cap.</strong></span> <span class='ocrx_word' id='word_1_729' title='bbox 1617 5560 1672 5623; x_wconf 83' lang='grc'><strong>5,</strong></span> <span class='ocrx_word' id='word_1_730' title='bbox 1700 5560 1860 5614; x_wconf 82' lang='lat' dir='ltr'><strong>Felici</strong></span> <span class='ocrx_word' id='word_1_731' title='bbox 1907 5563 2140 5617; x_wconf 65' lang='lat' dir='ltr'><strong>Naninco</strong></span> 
     </span>
    </p>
   </div>
   <div class='ocr_carea' id='block_1_93' title="bbox 568 5628 2136 5701">
    <p class='ocr_par' dir='ltr' id='par_1_93' title="bbox 568 5628 2136 5701">
     <span class='ocr_line' id='line_1_93' title="bbox 568 5628 2136 5701; baseline 0.004 -19"><span class='ocrx_word' id='word_1_732' title='bbox 568 5630 731 5697; x_wconf 71' lang='lat' dir='ltr'><strong>tonsi,</strong></span> <span class='ocrx_word' id='word_1_733' title='bbox 764 5630 853 5701; x_wconf 84' lang='lat' dir='ltr'><strong>qui</strong></span> <span class='ocrx_word' id='word_1_734' title='bbox 886 5640 1009 5680; x_wconf 81' lang='lat' dir='ltr'><strong>eum</strong></span> <span class='ocrx_word' id='word_1_735' title='bbox 1038 5628 1290 5691; x_wconf 57' lang='lat' dir='ltr'><strong>conviciis</strong></span> <span class='ocrx_word' id='word_1_736' title='bbox 1316 5631 1385 5683; x_wconf 90' lang='lat' dir='ltr'><strong>im</strong></span> <span class='ocrx_word' id='word_1_737' title='bbox 1394 5633 1639 5701; x_wconf 80' lang='lat' dir='ltr'><strong>petierat,</strong></span> <span class='ocrx_word' id='word_1_738' title='bbox 1668 5633 1989 5701; x_wconf 82' lang='lat' dir='ltr'><strong>rescribens,</strong></span> <span class='ocrx_word' id='word_1_739' title='bbox 2015 5649 2136 5694; x_wconf 87' lang='lat' dir='ltr'><strong>eum</strong></span> 
     </span>
    </p>
   </div>
   <div class='ocr_carea' id='block_1_94' title="bbox 2103 5732 2131 5753">
    <p class='ocr_par' dir='ltr' id='par_1_94' title="bbox 2103 5732 2131 5753">
     <span class='ocr_line' id='line_1_94' title="bbox 2103 5732 2131 5753; baseline 0 0"><span class='ocrx_word' id='word_1_740' title='bbox 2103 5732 2131 5753; x_wconf 72' lang='grc' dir='ltr'><strong><em>ο</em></strong></span> 
     </span>
    </p>
   </div>
   <div class='ocr_carea' id='block_1_95' title="bbox 2169 4447 2221 4531">
    <p class='ocr_par' dir='ltr' id='par_1_95' title="bbox 2169 4447 2221 4531">
     <span class='ocr_line' id='line_1_95' title="bbox 2169 4447 2221 4531; baseline 0 0"><span class='ocrx_word' id='word_1_741' title='bbox 2169 4447 2221 4531; x_wconf 64' lang='grc' dir='ltr'><strong><em>Ω</em></strong></span> 
     </span>
    </p>
   </div>
   <div class='ocr_carea' id='block_1_96' title="bbox 2190 3142 3805 3212">
    <p class='ocr_par' dir='ltr' id='par_1_96' title="bbox 2190 3142 3805 3212">
     <span class='ocr_line' id='line_1_96' title="bbox 2190 3142 3805 3212; baseline -0.002 -15"><span class='ocrx_word' id='word_1_742' title='bbox 2190 3150 2193 3153; x_wconf 73' lang='grc'>’</span> <span class='ocrx_word' id='word_1_743' title='bbox 2245 3143 2486 3212; x_wconf 56' lang='lat' dir='ltr'><strong>praedixi.</strong></span> <span class='ocrx_word' id='word_1_744' title='bbox 2516 3142 2820 3199; x_wconf 86' lang='lat' dir='ltr'><strong>Dicentibns</strong></span> <span class='ocrx_word' id='word_1_745' title='bbox 2849 3154 3025 3198; x_wconf 91' lang='lat' dir='ltr'><strong>autem</strong></span> <span class='ocrx_word' id='word_1_746' title='bbox 3057 3144 3161 3197; x_wconf 89' lang='lat' dir='ltr'><strong>illis</strong></span> <span class='ocrx_word' id='word_1_747' title='bbox 3188 3161 3201 3195; x_wconf 88' lang='lat'><strong>:</strong></span> <span class='ocrx_word' id='word_1_748' title='bbox 3230 3144 3340 3196; x_wconf 83' lang='lat' dir='ltr'><strong>Non</strong></span> <span class='ocrx_word' id='word_1_749' title='bbox 3365 3144 3716 3212; x_wconf 79' lang='lat' dir='ltr'><strong>relinquimzs</strong></span> <span class='ocrx_word' id='word_1_750' title='bbox 3741 3151 3805 3203; x_wconf 84' lang='lat' dir='ltr'><strong>te,</strong></span> 
     </span>
    </p>
   </div>
   <div class='ocr_carea' id='block_1_97' title="bbox 2243 3233 3817 3306">
    <p class='ocr_par' dir='ltr' id='par_1_97' title="bbox 2243 3233 3817 3306">
     <span class='ocr_line' id='line_1_97' title="bbox 2243 3233 3817 3306; baseline -0.004 -14"><span class='ocrx_word' id='word_1_751' title='bbox 2243 3236 2577 3292; x_wconf 88' lang='lat' dir='ltr'><strong>sanctissime</strong></span> <span class='ocrx_word' id='word_1_752' title='bbox 2608 3248 2774 3306; x_wconf 87' lang='lat' dir='ltr'><strong>pater,</strong></span> <span class='ocrx_word' id='word_1_753' title='bbox 2822 3238 2898 3290; x_wconf 90' lang='lat' dir='ltr'><strong>ait</strong></span> <span class='ocrx_word' id='word_1_754' title='bbox 2932 3253 2946 3291; x_wconf 89' lang='lat'><strong>:</strong></span> <span class='ocrx_word' id='word_1_755' title='bbox 2976 3234 3152 3290; x_wconf 88' lang='lat' dir='ltr'><strong>Nolite</strong></span> <span class='ocrx_word' id='word_1_756' title='bbox 3195 3236 3384 3289; x_wconf 92' lang='lat' dir='ltr'><strong>timere</strong></span> <span class='ocrx_word' id='word_1_757' title='bbox 3409 3250 3505 3302; x_wconf 90' lang='lat' dir='ltr'><strong>pro</strong></span> <span class='ocrx_word' id='word_1_758' title='bbox 3531 3249 3650 3299; x_wconf 88' lang='lat' dir='ltr'><strong>me;</strong></span> <span class='ocrx_word' id='word_1_759' title='bbox 3680 3233 3817 3303; x_wconf 9' lang='lat' dir='ltr'><strong>futuo,</strong></span> 
     </span>
    </p>
   </div>
   <div class='ocr_carea' id='block_1_98' title="bbox 2245 3327 3807 3399">
    <p class='ocr_par' dir='ltr' id='par_1_98' title="bbox 2245 3327 3807 3399">
     <span class='ocr_line' id='line_1_98' title="bbox 2245 3327 3807 3399; baseline -0.001 -17"><span class='ocrx_word' id='word_1_760' title='bbox 2245 3345 2361 3383; x_wconf 90' lang='lat' dir='ltr'><strong>rum</strong></span> <span class='ocrx_word' id='word_1_761' title='bbox 2393 3337 2476 3385; x_wconf 82' lang='lat' dir='ltr'><strong>est</strong></span> <span class='ocrx_word' id='word_1_762' title='bbox 2502 3330 2643 3389; x_wconf 86' lang='lat' dir='ltr'><strong>enim</strong></span> <span class='ocrx_word' id='word_1_763' title='bbox 2677 3337 2732 3382; x_wconf 92' lang='lat' dir='ltr'><strong>ut</strong></span> <span class='ocrx_word' id='word_1_764' title='bbox 2760 3330 2992 3383; x_wconf 83' lang='lat' dir='ltr'><strong>inferant</strong></span> <span class='ocrx_word' id='word_1_765' title='bbox 3022 3327 3150 3383; x_wconf 89' lang='lat' dir='ltr'><strong>mihi</strong></span> <span class='ocrx_word' id='word_1_766' title='bbox 3176 3329 3419 3399; x_wconf 83' lang='lat' dir='ltr'><strong>injurias,</strong></span> <span class='ocrx_word' id='word_1_767' title='bbox 3462 3328 3556 3383; x_wconf 85' lang='lat' dir='ltr'><strong>sed</strong></span> <span class='ocrx_word' id='word_1_768' title='bbox 3589 3344 3693 3382; x_wconf 84' lang='lat' dir='ltr'><strong>non</strong></span> <span class='ocrx_word' id='word_1_769' title='bbox 3723 3341 3807 3381; x_wconf 82' lang='lat' dir='ltr'><strong>n0-</strong></span> 
     </span>
    </p>
   </div>
   <div class='ocr_carea' id='block_1_99' title="bbox 2245 3412 3809 3494">
    <p class='ocr_par' dir='ltr' id='par_1_99' title="bbox 2245 3412 3809 3494">
     <span class='ocr_line' id='line_1_99' title="bbox 2245 3412 3809 3494; baseline -0.002 -21"><span class='ocrx_word' id='word_1_770' title='bbox 2245 3420 2442 3473; x_wconf 87' lang='lat' dir='ltr'><strong>cebnnt</strong></span> <span class='ocrx_word' id='word_1_771' title='bbox 2467 3434 2634 3488; x_wconf 88' lang='lat' dir='ltr'><strong>usque</strong></span> <span class='ocrx_word' id='word_1_772' title='bbox 2664 3419 2728 3472; x_wconf 91' lang='lat' dir='ltr'><strong>ad</strong></span> <span class='ocrx_word' id='word_1_773' title='bbox 2753 3429 3008 3494; x_wconf 77' lang='lat' dir='ltr'><strong>mortem.</strong></span> <span class='ocrx_word' id='word_1_774' title='bbox 3036 3412 3443 3481; x_wconf 76' lang='lat' dir='ltr'><strong>Discedentibus</strong></span> <span class='ocrx_word' id='word_1_775' title='bbox 3470 3428 3654 3473; x_wconf 87' lang='lat' dir='ltr'><strong>autem</strong></span> <span class='ocrx_word' id='word_1_776' title='bbox 3700 3430 3809 3473; x_wconf 86' lang='lat' dir='ltr'><strong>mo—</strong></span> 
     </span>
    </p>
   </div>
   <div class='ocr_carea' id='block_1_100' title="bbox 2246 3507 3805 3583">
    <p class='ocr_par' dir='ltr' id='par_1_100' title="bbox 2246 3507 3805 3583">
     <span class='ocr_line' id='line_1_100' title="bbox 2246 3507 3805 3583; baseline -0.003 -21"><span class='ocrx_word' id='word_1_777' title='bbox 2246 3508 2450 3574; x_wconf 85' lang='lat' dir='ltr'><strong>nachis,</strong></span> <span class='ocrx_word' id='word_1_778' title='bbox 2480 3510 2630 3583; x_wconf 84' lang='lat' dir='ltr'><strong>venit</strong></span> <span class='ocrx_word' id='word_1_779' title='bbox 2676 3524 2805 3580; x_wconf 77' lang='lat' dir='ltr'><strong>gens</strong></span> <span class='ocrx_word' id='word_1_780' title='bbox 2835 3510 2949 3574; x_wconf 85' lang='lat' dir='ltr'><strong>illa;</strong></span> <span class='ocrx_word' id='word_1_781' title='bbox 2982 3519 3035 3563; x_wconf 92' lang='lat' dir='ltr'><strong>et</strong></span> <span class='ocrx_word' id='word_1_782' title='bbox 3061 3509 3188 3563; x_wconf 92' lang='lat' dir='ltr'><strong>dum</strong></span> <span class='ocrx_word' id='word_1_783' title='bbox 3238 3520 3426 3563; x_wconf 79' lang='lat' dir='ltr'><strong>cuncta</strong></span> <span class='ocrx_word' id='word_1_784' title='bbox 3456 3524 3578 3577; x_wconf 59' lang='lat' dir='ltr'><strong>quae</strong></span> <span class='ocrx_word' id='word_1_785' title='bbox 3624 3507 3805 3575; x_wconf 85' lang='lat' dir='ltr'><strong>reperit</strong></span> 
     </span>
    </p>
   </div>
   <div class='ocr_carea' id='block_1_101' title="bbox 2247 3601 3808 3668">
    <p class='ocr_par' dir='ltr' id='par_1_101' title="bbox 2247 3601 3808 3668">
     <span class='ocr_line' id='line_1_101' title="bbox 2247 3601 3808 3668; baseline 0.003 -17"><span class='ocrx_word' id='word_1_786' title='bbox 2247 3609 2438 3663; x_wconf 84' lang='lat' dir='ltr'><strong>vastat,</strong></span> <span class='ocrx_word' id='word_1_787' title='bbox 2464 3602 2711 3668; x_wconf 84' lang='lat' dir='ltr'><strong>pervenit</strong></span> <span class='ocrx_word' id='word_1_788' title='bbox 2735 3603 2799 3654; x_wconf 89' lang='lat' dir='ltr'><strong>ad</strong></span> <span class='ocrx_word' id='word_1_789' title='bbox 2830 3601 3001 3655; x_wconf 90' lang='lat' dir='ltr'><strong>locum</strong></span> <span class='ocrx_word' id='word_1_790' title='bbox 3044 3602 3133 3655; x_wconf 92' lang='lat' dir='ltr'><strong>ubi</strong></span> <span class='ocrx_word' id='word_1_791' title='bbox 3181 3616 3400 3667; x_wconf 84' lang='lat' dir='ltr'><strong>saucius</strong></span> <span class='ocrx_word' id='word_1_792' title='bbox 3423 3601 3515 3655; x_wconf 88' lang='lat' dir='ltr'><strong>Dei</strong></span> <span class='ocrx_word' id='word_1_793' title='bbox 3547 3602 3808 3656; x_wconf 69' lang='lat' dir='ltr'><strong>reclausus</strong></span> 
     </span>
    </p>
   </div>
   <div class='ocr_carea' id='block_1_102' title="bbox 2252 3691 3807 3765">
    <p class='ocr_par' dir='ltr' id='par_1_102' title="bbox 2252 3691 3807 3765">
     <span class='ocr_line' id='line_1_102' title="bbox 2252 3691 3807 3765; baseline -0.001 -22"><span class='ocrx_word' id='word_1_794' title='bbox 2252 3701 2382 3745; x_wconf 84' lang='lat' dir='ltr'><strong>erat.</strong></span> <span class='ocrx_word' id='word_1_795' title='bbox 2428 3692 2618 3745; x_wconf 77' lang='lat' dir='ltr'><strong>Atille</strong></span> <span class='ocrx_word' id='word_1_796' title='bbox 2648 3708 2740 3758; x_wconf 89' lang='lat' dir='ltr'><strong>per</strong></span> <span class='ocrx_word' id='word_1_797' title='bbox 2773 3691 3058 3745; x_wconf 81' lang='lat' dir='ltr'><strong>fenestram</strong></span> <span class='ocrx_word' id='word_1_798' title='bbox 3110 3696 3274 3765; x_wconf 68' lang='lat' dir='ltr'><strong>turris</strong></span> <span class='ocrx_word' id='word_1_799' title='bbox 3321 3692 3553 3746; x_wconf 80' lang='lat' dir='ltr'><strong>ostendit</strong></span> <span class='ocrx_word' id='word_1_800' title='bbox 3613 3707 3671 3747; x_wconf 84' lang='lat' dir='ltr'><strong>se</strong></span> <span class='ocrx_word' id='word_1_801' title='bbox 3716 3691 3807 3746; x_wconf 87' lang='lat' dir='ltr'><strong>eis.</strong></span> 
     </span>
    </p>
   </div>
   <div class='ocr_carea' id='block_1_103' title="bbox 2249 3780 3810 3859">
    <p class='ocr_par' dir='ltr' id='par_1_103' title="bbox 2249 3780 3810 3859">
     <span class='ocr_line' id='line_1_103' title="bbox 2249 3780 3810 3859; baseline -0.001 -25"><span class='ocrx_word' id='word_1_802' title='bbox 2249 3780 2324 3859; x_wconf 86' lang='lat' dir='ltr'><strong>Illi</strong></span> <span class='ocrx_word' id='word_1_803' title='bbox 2358 3798 2483 3835; x_wconf 84' lang='lat' dir='ltr'><strong>vero</strong></span> <span class='ocrx_word' id='word_1_804' title='bbox 2509 3785 2901 3859; x_wconf 84' lang='lat' dir='ltr'><strong>circumeuntes</strong></span> <span class='ocrx_word' id='word_1_805' title='bbox 2934 3792 3160 3845; x_wconf 91' lang='lat' dir='ltr'><strong>turrem,</strong></span> <span class='ocrx_word' id='word_1_806' title='bbox 3186 3782 3390 3837; x_wconf 90' lang='lat' dir='ltr'><strong>aditum</strong></span> <span class='ocrx_word' id='word_1_807' title='bbox 3422 3798 3517 3852; x_wconf 85' lang='lat' dir='ltr'><strong>per</strong></span> <span class='ocrx_word' id='word_1_808' title='bbox 3542 3798 3703 3843; x_wconf 82' lang='lat' dir='ltr'><strong>ouem</strong></span> <span class='ocrx_word' id='word_1_809' title='bbox 3736 3783 3810 3834; x_wconf 76' lang='lat' dir='ltr'><strong>iu—</strong></span> 
     </span>
    </p>
   </div>
   <div class='ocr_carea' id='block_1_104' title="bbox 2248 3856 3808 3942">
    <p class='ocr_par' dir='ltr' id='par_1_104' title="bbox 2248 3856 3808 3942">
     <span class='ocr_line' id='line_1_104' title="bbox 2248 3856 3808 3942; baseline -0.001 -16"><span class='ocrx_word' id='word_1_810' title='bbox 2248 3856 2599 3940; x_wconf 81' lang='lat' dir='ltr'><strong>gredereniur</strong></span> <span class='ocrx_word' id='word_1_811' title='bbox 2624 3856 2691 3929; x_wconf 81' lang='lat' dir='ltr'><strong>ad</strong></span> <span class='ocrx_word' id='word_1_812' title='bbox 2722 3887 2865 3939; x_wconf 87' lang='lat' dir='ltr'><strong>eum,</strong></span> <span class='ocrx_word' id='word_1_813' title='bbox 2922 3874 3160 3927; x_wconf 88' lang='lat' dir='ltr'><strong>invenire</strong></span> <span class='ocrx_word' id='word_1_814' title='bbox 3203 3889 3307 3926; x_wconf 91' lang='lat' dir='ltr'><strong>non</strong></span> <span class='ocrx_word' id='word_1_815' title='bbox 3364 3863 3637 3942; x_wconf 84' lang='lat' dir='ltr'><strong>poterant.</strong></span> <span class='ocrx_word' id='word_1_816' title='bbox 3676 3872 3808 3927; x_wconf 85' lang='lat' dir='ltr'><strong>Tum:</strong></span> 
     </span>
    </p>
   </div>
   <div class='ocr_carea' id='block_1_105' title="bbox 2249 3962 3807 4031">
    <p class='ocr_par' dir='ltr' id='par_1_105' title="bbox 2249 3962 3807 4031">
     <span class='ocr_line' id='line_1_105' title="bbox 2249 3962 3807 4031; baseline -0.001 -15"><span class='ocrx_word' id='word_1_817' title='bbox 2249 3964 2355 4031; x_wconf 85' lang='lat' dir='ltr'><strong>duo</strong></span> <span class='ocrx_word' id='word_1_818' title='bbox 2397 3965 2746 4016; x_wconf 48' lang='lat' dir='ltr'><strong>ascendentes</strong></span> <span class='ocrx_word' id='word_1_819' title='bbox 2804 3962 3122 4017; x_wconf 77' lang='lat' dir='ltr'><strong>detexerunt</strong></span> <span class='ocrx_word' id='word_1_820' title='bbox 3186 3968 3425 4028; x_wconf 85' lang='lat' dir='ltr'><strong>tectum,</strong></span> <span class='ocrx_word' id='word_1_821' title='bbox 3490 3973 3545 4017; x_wconf 89' lang='lat' dir='ltr'><strong>et</strong></span> <span class='ocrx_word' id='word_1_822' title='bbox 3577 3964 3807 4017; x_wconf 74' lang='lat' dir='ltr'><strong>videntes</strong></span> 
     </span>
    </p>
   </div>
   <div class='ocr_carea' id='block_1_106' title="bbox 2249 4053 3805 4139">
    <p class='ocr_par' dir='ltr' id='par_1_106' title="bbox 2249 4053 3805 4139">
     <span class='ocr_line' id='line_1_106' title="bbox 2249 4053 3805 4139; baseline -0.004 -31"><span class='ocrx_word' id='word_1_823' title='bbox 2249 4071 2371 4109; x_wconf 90' lang='lat' dir='ltr'><strong>eum</strong></span> <span class='ocrx_word' id='word_1_824' title='bbox 2401 4056 2635 4108; x_wconf 91' lang='lat' dir='ltr'><strong>cinctum</strong></span> <span class='ocrx_word' id='word_1_825' title='bbox 2682 4054 2907 4117; x_wconf 88' lang='lat' dir='ltr'><strong>catenis,</strong></span> <span class='ocrx_word' id='word_1_826' title='bbox 2955 4053 3306 4122; x_wconf 87' lang='lat' dir='ltr'><strong>indutumque</strong></span> <span class='ocrx_word' id='word_1_827' title='bbox 3343 4054 3526 4139; x_wconf 55' lang='lat' dir='ltr'><strong>Cilici-0</strong></span> <span class='ocrx_word' id='word_1_828' title='bbox 3550 4094 3567 4120; x_wconf 94' lang='lat'><strong>,</strong></span> <span class='ocrx_word' id='word_1_829' title='bbox 3591 4055 3805 4110; x_wconf 85' lang='lat' dir='ltr'><strong>dicunt:</strong></span> 
     </span>
    </p>
   </div>
   <div class='ocr_carea' id='block_1_107' title="bbox 2254 4143 3807 4208">
    <p class='ocr_par' dir='ltr' id='par_1_107' title="bbox 2254 4143 3807 4208">
     <span class='ocr_line' id='line_1_107' title="bbox 2254 4143 3807 4208; baseline -0.004 -8"><span class='ocrx_word' id='word_1_830' title='bbox 2254 4147 2349 4201; x_wconf 91' lang='lat' dir='ltr'><strong>llic</strong></span> <span class='ocrx_word' id='word_1_831' title='bbox 2376 4144 2689 4202; x_wconf 86' lang='lat' dir='ltr'><strong>malefactor</strong></span> <span class='ocrx_word' id='word_1_832' title='bbox 2713 4156 2816 4208; x_wconf 71' lang='grc' dir='ltr'><strong>εει,</strong></span> <span class='ocrx_word' id='word_1_833' title='bbox 2848 4155 2903 4199; x_wconf 93' lang='lat' dir='ltr'><strong>et</strong></span> <span class='ocrx_word' id='word_1_834' title='bbox 2933 4144 3284 4200; x_wconf 90' lang='lat' dir='ltr'><strong>homicidium</strong></span> <span class='ocrx_word' id='word_1_835' title='bbox 3317 4143 3445 4202; x_wconf 82' lang='lat' dir='ltr'><strong>fecit</strong></span> <span class='ocrx_word' id='word_1_836' title='bbox 3472 4162 3487 4198; x_wconf 93' lang='lat'><strong>:</strong></span> <span class='ocrx_word' id='word_1_837' title='bbox 3518 4146 3642 4200; x_wconf 86' lang='lat' dir='ltr'><strong>ideo</strong></span> <span class='ocrx_word' id='word_1_838' title='bbox 3664 4145 3713 4199; x_wconf 90' lang='lat' dir='ltr'><strong>in</strong></span> <span class='ocrx_word' id='word_1_839' title='bbox 3737 4144 3807 4195; x_wconf 88' lang='lat' dir='ltr'><strong>bis</strong></span> 
     </span>
    </p>
   </div>
   <div class='ocr_carea' id='block_1_108' title="bbox 2251 4220 3806 4305">
    <p class='ocr_par' dir='ltr' id='par_1_108' title="bbox 2251 4220 3806 4305">
     <span class='ocr_line' id='line_1_108' title="bbox 2251 4220 3806 4305; baseline -0.003 -16"><span class='ocrx_word' id='word_1_840' title='bbox 2251 4220 2591 4305; x_wconf 87' lang='lat' dir='ltr'><strong>ligaminibns</strong></span> <span class='ocrx_word' id='word_1_841' title='bbox 2637 4234 2845 4289; x_wconf 87' lang='lat' dir='ltr'><strong>vinctus</strong></span> <span class='ocrx_word' id='word_1_842' title='bbox 2876 4242 3108 4293; x_wconf 87' lang='lat' dir='ltr'><strong>tenetur.</strong></span> <span class='ocrx_word' id='word_1_843' title='bbox 3163 4233 3467 4305; x_wconf 86' lang='lat' dir='ltr'><strong>Vocatoque</strong></span> <span class='ocrx_word' id='word_1_844' title='bbox 3509 4238 3806 4305; x_wconf 84' lang='lat' dir='ltr'><strong>interprete,</strong></span> 
     </span>
    </p>
   </div>
   <div class='ocr_carea' id='block_1_109' title="bbox 2248 4326 3805 4398">
    <p class='ocr_par' dir='ltr' id='par_1_109' title="bbox 2248 4326 3805 4398">
     <span class='ocr_line' id='line_1_109' title="bbox 2248 4326 3805 4398; baseline -0.003 -16"><span class='ocrx_word' id='word_1_845' title='bbox 2248 4328 2589 4387; x_wconf 84' lang='lat' dir='ltr'><strong>sciscitantur</strong></span> <span class='ocrx_word' id='word_1_846' title='bbox 2609 4328 2677 4382; x_wconf 90' lang='lat' dir='ltr'><strong>ab</strong></span> <span class='ocrx_word' id='word_1_847' title='bbox 2703 4342 2768 4381; x_wconf 92' lang='lat' dir='ltr'><strong>eo</strong></span> <span class='ocrx_word' id='word_1_848' title='bbox 2798 4326 2923 4396; x_wconf 89' lang='lat' dir='ltr'><strong>quid</strong></span> <span class='ocrx_word' id='word_1_849' title='bbox 2957 4328 3079 4380; x_wconf 77' lang='lat' dir='ltr'><strong>mali</strong></span> <span class='ocrx_word' id='word_1_850' title='bbox 3105 4327 3316 4397; x_wconf 87' lang='lat' dir='ltr'><strong>fecerit,</strong></span> <span class='ocrx_word' id='word_1_851' title='bbox 3356 4340 3414 4383; x_wconf 89' lang='lat' dir='ltr'><strong>ut</strong></span> <span class='ocrx_word' id='word_1_852' title='bbox 3439 4329 3534 4385; x_wconf 88' lang='lat' dir='ltr'><strong>tali</strong></span> <span class='ocrx_word' id='word_1_853' title='bbox 3565 4326 3805 4398; x_wconf 90' lang='lat' dir='ltr'><strong>supplicio</strong></span> 
     </span>
    </p>
   </div>
   <div class='ocr_carea' id='block_1_110' title="bbox 2250 4421 3805 4483">
    <p class='ocr_par' dir='ltr' id='par_1_110' title="bbox 2250 4421 3805 4483">
     <span class='ocr_line' id='line_1_110' title="bbox 2250 4421 3805 4483; baseline 0 -9"><span class='ocrx_word' id='word_1_854' title='bbox 2250 4430 2565 4480; x_wconf 84' lang='lat' dir='ltr'><strong>arctaretur.</strong></span> <span class='ocrx_word' id='word_1_855' title='bbox 2612 4424 2683 4475; x_wconf 83' lang='lat' dir='ltr'><strong>At</strong></span> <span class='ocrx_word' id='word_1_856' title='bbox 2724 4421 2815 4477; x_wconf 89' lang='lat' dir='ltr'><strong>ille</strong></span> <span class='ocrx_word' id='word_1_857' title='bbox 2865 4424 3054 4475; x_wconf 82' lang='lat' dir='ltr'><strong>fatetur</strong></span> <span class='ocrx_word' id='word_1_858' title='bbox 3084 4436 3143 4475; x_wconf 88' lang='lat' dir='ltr'><strong>se</strong></span> <span class='ocrx_word' id='word_1_859' title='bbox 3174 4422 3500 4478; x_wconf 89' lang='lat' dir='ltr'><strong>homicidam</strong></span> <span class='ocrx_word' id='word_1_860' title='bbox 3532 4439 3671 4483; x_wconf 85' lang='lat' dir='ltr'><strong>esse.</strong></span> <span class='ocrx_word' id='word_1_861' title='bbox 3700 4434 3805 4476; x_wconf 84' lang='lat' dir='ltr'><strong>om-</strong></span> 
     </span>
    </p>
   </div>
   <div class='ocr_carea' id='block_1_111' title="bbox 2249 4574 3803 4645">
    <p class='ocr_par' dir='ltr' id='par_1_111' title="bbox 2249 4574 3803 4645">
     <span class='ocr_line' id='line_1_111' title="bbox 2249 4574 3803 4645; baseline -0.005 -12"><span class='ocrx_word' id='word_1_862' title='bbox 2249 4578 2456 4633; x_wconf 86' lang='lat' dir='ltr'><strong>felicem</strong></span> <span class='ocrx_word' id='word_1_863' title='bbox 2486 4574 2721 4630; x_wconf 84' lang='lat' dir='ltr'><strong>futurum</strong></span> <span class='ocrx_word' id='word_1_864' title='bbox 2741 4574 2904 4632; x_wconf 80' lang='lat' dir='ltr'><strong>fuisse</strong></span> <span class='ocrx_word' id='word_1_865' title='bbox 2925 4575 3074 4638; x_wconf 92' lang='lat' dir='ltr'><strong>dicit,</strong></span> <span class='ocrx_word' id='word_1_866' title='bbox 3093 4574 3136 4628; x_wconf 90' lang='lat' dir='ltr'><strong>si</strong></span> <span class='ocrx_word' id='word_1_867' title='bbox 3160 4576 3332 4645; x_wconf 90' lang='lat' dir='ltr'><strong>ipsum</strong></span> <span class='ocrx_word' id='word_1_868' title='bbox 3356 4578 3587 4633; x_wconf 85' lang='lat' dir='ltr'><strong>Massilia</strong></span> <span class='ocrx_word' id='word_1_869' title='bbox 3612 4577 3803 4632; x_wconf 77' lang='lat' dir='ltr'><strong>habuis-</strong></span> 
     </span>
    </p>
   </div>
   <div class='ocr_carea' id='block_1_112' title="bbox 2248 4647 3803 4714">
    <p class='ocr_par' dir='ltr' id='par_1_112' title="bbox 2248 4647 3803 4714">
     <span class='ocr_line' id='line_1_112' title="bbox 2248 4647 3803 4714; baseline -0.001 -13"><span class='ocrx_word' id='word_1_870' title='bbox 2248 4658 2332 4702; x_wconf 87' lang='lat' dir='ltr'><strong>set</strong></span> <span class='ocrx_word' id='word_1_871' title='bbox 2358 4647 2688 4714; x_wconf 84' lang='lat' dir='ltr'><strong>episcopnm,</strong></span> <span class='ocrx_word' id='word_1_872' title='bbox 2716 4648 2855 4713; x_wconf 90' lang='lat' dir='ltr'><strong>quod</strong></span> <span class='ocrx_word' id='word_1_873' title='bbox 2886 4661 2951 4699; x_wconf 90' lang='lat' dir='ltr'><strong>eo</strong></span> <span class='ocrx_word' id='word_1_874' title='bbox 2982 4654 3136 4710; x_wconf 89' lang='lat' dir='ltr'><strong>pacto</strong></span> <span class='ocrx_word' id='word_1_875' title='bbox 3167 4651 3299 4701; x_wconf 90' lang='lat' dir='ltr'><strong>satis</strong></span> <span class='ocrx_word' id='word_1_876' title='bbox 3324 4652 3523 4702; x_wconf 55' lang='lat' dir='ltr'><strong>chartae</strong></span> <span class='ocrx_word' id='word_1_877' title='bbox 3548 4649 3803 4703; x_wconf 79' lang='lat' dir='ltr'><strong>habuisset</strong></span> 
     </span>
    </p>
   </div>
   <div class='ocr_carea' id='block_1_113' title="bbox 2253 4715 3802 4784">
    <p class='ocr_par' dir='ltr' id='par_1_113' title="bbox 2253 4715 3802 4784">
     <span class='ocr_line' id='line_1_113' title="bbox 2253 4715 3802 4784; baseline 0.001 -19"><span class='ocrx_word' id='word_1_878' title='bbox 2253 4734 2345 4783; x_wconf 85' lang='lat' dir='ltr'><strong>pro</strong></span> <span class='ocrx_word' id='word_1_879' title='bbox 2366 4718 2733 4771; x_wconf 70' lang='lat' dir='ltr'><strong>desc‘ribendis</strong></span> <span class='ocrx_word' id='word_1_880' title='bbox 2756 4715 3055 4778; x_wconf 72' lang='lat' dir='ltr'><strong>conviciis;</strong></span> <span class='ocrx_word' id='word_1_881' title='bbox 3097 4732 3218 4771; x_wconf 89' lang='lat' dir='ltr'><strong>cum</strong></span> <span class='ocrx_word' id='word_1_882' title='bbox 3248 4720 3455 4772; x_wconf 86' lang='lat' dir='ltr'><strong>scilicet</strong></span> <span class='ocrx_word' id='word_1_883' title='bbox 3478 4734 3545 4773; x_wconf 88' lang='lat' dir='ltr'><strong>eo</strong></span> <span class='ocrx_word' id='word_1_884' title='bbox 3573 4718 3802 4784; x_wconf 80' lang='lat' dir='ltr'><strong>frequen-</strong></span> 
     </span>
    </p>
   </div>
   <div class='ocr_carea' id='block_1_114' title="bbox 2252 4784 3801 4857">
    <p class='ocr_par' dir='ltr' id='par_1_114' title="bbox 2252 4784 3801 4857">
     <span class='ocr_line' id='line_1_114' title="bbox 2252 4784 3801 4857; baseline -0.004 -16"><span class='ocrx_word' id='word_1_885' title='bbox 2252 4797 2330 4841; x_wconf 84' lang='lat' dir='ltr'><strong>ter</strong></span> <span class='ocrx_word' id='word_1_886' title='bbox 2372 4790 2686 4842; x_wconf 87' lang='lat' dir='ltr'><strong>advenirent</strong></span> <span class='ocrx_word' id='word_1_887' title='bbox 2729 4787 2963 4855; x_wconf 64' lang='lat' dir='ltr'><strong>:Egyptii</strong></span> <span class='ocrx_word' id='word_1_888' title='bbox 3016 4797 3364 4851; x_wconf 78' lang='lat' dir='ltr'><strong>mercatores,</strong></span> <span class='ocrx_word' id='word_1_889' title='bbox 3412 4789 3506 4857; x_wconf 88' lang='lat' dir='ltr'><strong>qui</strong></span> <span class='ocrx_word' id='word_1_890' title='bbox 3555 4784 3801 4857; x_wconf 83' lang='lat' dir='ltr'><strong>ejusmodi</strong></span> 
     </span>
    </p>
   </div>
   <div class='ocr_carea' id='block_1_115' title="bbox 2249 4856 3809 4932">
    <p class='ocr_par' dir='ltr' id='par_1_115' title="bbox 2249 4856 3809 4932">
     <span class='ocr_line' id='line_1_115' title="bbox 2249 4856 3809 4932; baseline -0.003 -21"><span class='ocrx_word' id='word_1_891' title='bbox 2249 4864 2461 4932; x_wconf 72' lang='lat' dir='ltr'><strong>chartas</strong></span> <span class='ocrx_word' id='word_1_892' title='bbox 2481 4857 2539 4932; x_wconf 71' lang='lat' dir='ltr'><strong>in</strong></span> <span class='ocrx_word' id='word_1_893' title='bbox 2568 4856 2769 4932; x_wconf 76' lang='lat' dir='ltr'><strong>Gallias</strong></span> <span class='ocrx_word' id='word_1_894' title='bbox 2799 4857 3153 4932; x_wconf 74' lang='lat' dir='ltr'><strong>advehebant.</strong></span> <span class='ocrx_word' id='word_1_895' title='bbox 3190 4858 3320 4932; x_wconf 71' lang='lat' dir='ltr'><strong>Vide</strong></span> <span class='ocrx_word' id='word_1_896' title='bbox 3354 4856 3624 4932; x_wconf 27' lang='lat' dir='ltr'><strong>Ma’billon.</strong></span> <span class='ocrx_word' id='word_1_897' title='bbox 3657 4859 3741 4909; x_wconf 76' lang='grc' dir='ltr'>ιιι».</span> <span class='ocrx_word' id='word_1_898' title='bbox 3775 4868 3809 4932; x_wconf 24' lang='grc' dir='ltr'><strong>μιν</strong></span> 
     </span>
    </p>
   </div>
   <div class='ocr_carea' id='block_1_116' title="bbox 2251 4922 3801 4996">
    <p class='ocr_par' dir='ltr' id='par_1_116' title="bbox 2251 4922 3801 4996">
     <span class='ocr_line' id='line_1_116' title="bbox 2251 4922 3801 4996; baseline -0.003 -15"><span class='ocrx_word' id='word_1_899' title='bbox 2251 4932 2317 4982; x_wconf 91' lang='lat' dir='ltr'><strong>de</strong></span> <span class='ocrx_word' id='word_1_900' title='bbox 2359 4930 2434 4982; x_wconf 72' lang='lat' dir='ltr'><strong>lle</strong></span> <span class='ocrx_word' id='word_1_901' title='bbox 2481 4923 2790 4995; x_wconf 85' lang='lat' dir='ltr'><strong>Diplomat.,</strong></span> <span class='ocrx_word' id='word_1_902' title='bbox 2821 4941 2941 4996; x_wconf 89' lang='lat' dir='ltr'><strong>cap.</strong></span> <span class='ocrx_word' id='word_1_903' title='bbox 2973 4927 3006 4986; x_wconf 87' lang='lat'>8</span> <span class='ocrx_word' id='word_1_904' title='bbox 3032 4968 3046 4993; x_wconf 88' lang='lat'><strong>,</strong></span> <span class='ocrx_word' id='word_1_905' title='bbox 3077 4935 3133 4981; x_wconf 88' lang='lat' dir='ltr'><strong>et</strong></span> <span class='ocrx_word' id='word_1_906' title='bbox 3172 4928 3497 4984; x_wconf 85' lang='lat' dir='ltr'><strong>Aiteserram</strong></span> <span class='ocrx_word' id='word_1_907' title='bbox 3542 4930 3594 4984; x_wconf 87' lang='lat' dir='ltr'><strong>ili</strong></span> <span class='ocrx_word' id='word_1_908' title='bbox 3636 4941 3744 4996; x_wconf 86' lang='lat' dir='ltr'><strong>cap.</strong></span> <span class='ocrx_word' id='word_1_909' title='bbox 3772 4922 3801 4975; x_wconf 85' lang='lat'><strong>5</strong></span> 
     </span>
    </p>
   </div>
   <div class='ocr_carea' id='block_1_117' title="bbox 2249 4998 3017 5066">
    <p class='ocr_par' dir='ltr' id='par_1_117' title="bbox 2249 4998 3017 5066">
     <span class='ocr_line' id='line_1_117' title="bbox 2249 4998 3017 5066; baseline -0.004 -13"><span class='ocrx_word' id='word_1_910' title='bbox 2249 5000 2343 5053; x_wconf 78' lang='lat' dir='ltr'><strong>liii.</strong></span> <span class='ocrx_word' id='word_1_911' title='bbox 2365 5015 2395 5056; x_wconf 86' lang='lat' dir='ltr'><strong>v</strong></span> <span class='ocrx_word' id='word_1_912' title='bbox 2426 5001 2580 5066; x_wconf 84' lang='lat' dir='ltr'><strong>hujus</strong></span> <span class='ocrx_word' id='word_1_913' title='bbox 2608 4998 2873 5051; x_wconf 69' lang='lat' dir='ltr'><strong>Historiae.</strong></span> <span class='ocrx_word' id='word_1_914' title='bbox 3016 5002 3017 5005; x_wconf 68' lang='grc'><em>“</em></span> 
     </span>
    </p>
   </div>
   <div class='ocr_carea' id='block_1_118' title="bbox 2321 5065 3800 5136">
    <p class='ocr_par' dir='ltr' id='par_1_118' title="bbox 2321 5065 3800 5136">
     <span class='ocr_line' id='line_1_118' title="bbox 2321 5065 3800 5136; baseline -0.001 -14"><span class='ocrx_word' id='word_1_915' title='bbox 2321 5067 2347 5105; x_wconf 71' lang='grc' dir='ltr'><strong><em>ἀ</em></strong></span> <span class='ocrx_word' id='word_1_916' title='bbox 2390 5070 2477 5122; x_wconf 75' lang='lat' dir='ltr'><strong>Sic</strong></span> <span class='ocrx_word' id='word_1_917' title='bbox 2504 5068 2691 5130; x_wconf 80' lang='lat' dir='ltr'><strong>Corb.;</strong></span> <span class='ocrx_word' id='word_1_918' title='bbox 2741 5067 2828 5119; x_wconf 78' lang='lat' dir='ltr'><strong>alii</strong></span> <span class='ocrx_word' id='word_1_919' title='bbox 2863 5081 3007 5129; x_wconf 87' lang='lat' dir='ltr'><strong>vero,</strong></span> <span class='ocrx_word' id='word_1_920' title='bbox 3062 5065 3300 5136; x_wconf 84' lang='lat' dir='ltr'><strong>gliscit...</strong></span> <span class='ocrx_word' id='word_1_921' title='bbox 3349 5085 3546 5136; x_wconf 80' lang='lat' dir='ltr'><strong>panper</strong></span> <span class='ocrx_word' id='word_1_922' title='bbox 3566 5071 3731 5127; x_wconf 85' lang='lat' dir='ltr'><strong>alitur.</strong></span> <span class='ocrx_word' id='word_1_923' title='bbox 3756 5072 3800 5136; x_wconf 84' lang='lat' dir='ltr'><strong>et</strong></span> 
     </span>
    </p>
   </div>
   <div class='ocr_carea' id='block_1_119' title="bbox 2249 5135 3797 5204">
    <p class='ocr_par' dir='ltr' id='par_1_119' title="bbox 2249 5135 3797 5204">
     <span class='ocr_line' id='line_1_119' title="bbox 2249 5135 3797 5204; baseline -0.003 -10"><span class='ocrx_word' id='word_1_924' title='bbox 2249 5150 2441 5195; x_wconf 75' lang='lat' dir='ltr'><strong>caztera</strong></span> <span class='ocrx_word' id='word_1_925' title='bbox 2493 5140 2544 5192; x_wconf 93' lang='lat' dir='ltr'><strong>in</strong></span> <span class='ocrx_word' id='word_1_926' title='bbox 2589 5138 2842 5204; x_wconf 86' lang='lat' dir='ltr'><strong>singulari</strong></span> <span class='ocrx_word' id='word_1_927' title='bbox 2892 5135 3145 5202; x_wconf 77' lang='lat' dir='ltr'><strong>numero;</strong></span> <span class='ocrx_word' id='word_1_928' title='bbox 3197 5151 3250 5192; x_wconf 88' lang='lat' dir='ltr'><strong>et</strong></span> <span class='ocrx_word' id='word_1_929' title='bbox 3279 5140 3356 5194; x_wconf 79' lang='lat' dir='ltr'><strong>sic</strong></span> <span class='ocrx_word' id='word_1_930' title='bbox 3388 5135 3651 5195; x_wconf 84' lang='lat' dir='ltr'><strong>habentur</strong></span> <span class='ocrx_word' id='word_1_931' title='bbox 3674 5135 3797 5204; x_wconf 82' lang='lat' dir='ltr'><strong>apud</strong></span> 
     </span>
    </p>
   </div>
   <div class='ocr_carea' id='block_1_120' title="bbox 2251 5207 3797 5278">
    <p class='ocr_par' dir='ltr' id='par_1_120' title="bbox 2251 5207 3797 5278">
     <span class='ocr_line' id='line_1_120' title="bbox 2251 5207 3797 5278; baseline 0.001 -15"><span class='ocrx_word' id='word_1_932' title='bbox 2251 5211 2468 5263; x_wconf 85' lang='lat' dir='ltr'><strong>Paulum</strong></span> <span class='ocrx_word' id='word_1_933' title='bbox 2498 5209 2783 5265; x_wconf 84' lang='lat' dir='ltr'><strong>Diaconntn</strong></span> <span class='ocrx_word' id='word_1_934' title='bbox 2810 5207 2903 5259; x_wconf 90' lang='lat' dir='ltr'><strong>lib.</strong></span> <span class='ocrx_word' id='word_1_935' title='bbox 2928 5222 2985 5278; x_wconf 80' lang='lat' dir='ltr'><strong>l_ll</strong></span> <span class='ocrx_word' id='word_1_936' title='bbox 3010 5208 3206 5278; x_wconf 87' lang='lat' dir='ltr'><strong>Histor.</strong></span> <span class='ocrx_word' id='word_1_937' title='bbox 3233 5209 3595 5278; x_wconf 88' lang='lat' dir='ltr'><strong>Langobard.,</strong></span> <span class='ocrx_word' id='word_1_938' title='bbox 3618 5225 3727 5275; x_wconf 87' lang='lat' dir='ltr'><strong>cap.</strong></span> <span class='ocrx_word' id='word_1_939' title='bbox 3754 5208 3797 5278; x_wconf 78' lang='lat' dir='ltr'><strong>‘l_.</strong></span> 
     </span>
    </p>
   </div>
   <div class='ocr_carea' id='block_1_121' title="bbox 2248 5275 3799 5346">
    <p class='ocr_par' dir='ltr' id='par_1_121' title="bbox 2248 5275 3799 5346">
     <span class='ocr_line' id='line_1_121' title="bbox 2248 5275 3799 5346; baseline -0.005 -13"><span class='ocrx_word' id='word_1_940' title='bbox 2248 5281 2335 5335; x_wconf 90' lang='lat' dir='ltr'><strong>ubi</strong></span> <span class='ocrx_word' id='word_1_941' title='bbox 2370 5281 2591 5346; x_wconf 84' lang='lat' dir='ltr'><strong>Hospitii</strong></span> <span class='ocrx_word' id='word_1_942' title='bbox 2621 5278 2801 5331; x_wconf 78' lang='lat' dir='ltr'><strong>laudes</strong></span> <span class='ocrx_word' id='word_1_943' title='bbox 2831 5293 2893 5329; x_wconf 76' lang='lat' dir='ltr'><strong>ex</strong></span> <span class='ocrx_word' id='word_1_944' title='bbox 2919 5276 3175 5345; x_wconf 85' lang='lat' dir='ltr'><strong>Gregorio</strong></span> <span class='ocrx_word' id='word_1_945' title='bbox 3195 5275 3469 5334; x_wconf 75' lang='lat' dir='ltr'><strong>describit.</strong></span> <span class='ocrx_word' id='word_1_946' title='bbox 3501 5280 3575 5334; x_wconf 90' lang='lat' dir='ltr'><strong>De</strong></span> <span class='ocrx_word' id='word_1_947' title='bbox 3602 5275 3799 5346; x_wconf 65' lang='lat' dir='ltr'><strong>decimis</strong></span> 
     </span>
    </p>
   </div>
   <div class='ocr_carea' id='block_1_122' title="bbox 2248 5343 3797 5411">
    <p class='ocr_par' dir='ltr' id='par_1_122' title="bbox 2248 5343 3797 5411">
     <span class='ocr_line' id='line_1_122' title="bbox 2248 5343 3797 5411; baseline -0.001 -9"><span class='ocrx_word' id='word_1_948' title='bbox 2248 5343 2516 5404; x_wconf 83' lang='lat' dir='ltr'><strong>solvendis</strong></span> <span class='ocrx_word' id='word_1_949' title='bbox 2553 5363 2707 5403; x_wconf 87' lang='lat' dir='ltr'><strong>conc.</strong></span> <span class='ocrx_word' id='word_1_950' title='bbox 2725 5347 2926 5401; x_wconf 84' lang='lat' dir='ltr'><strong>Matisc.</strong></span> <span class='ocrx_word' id='word_1_951' title='bbox 2950 5362 3005 5409; x_wconf 86' lang='grc' dir='ltr'>ιι,</span> <span class='ocrx_word' id='word_1_952' title='bbox 3031 5343 3119 5401; x_wconf 76' lang='lat' dir='ltr'><strong>an.</strong></span> <span class='ocrx_word' id='word_1_953' title='bbox 3144 5347 3271 5411; x_wconf 78' lang='lat'><strong>585,</strong></span> <span class='ocrx_word' id='word_1_954' title='bbox 3296 5364 3418 5403; x_wconf 89' lang='lat' dir='ltr'><strong>can.</strong></span> <span class='ocrx_word' id='word_1_955' title='bbox 3441 5351 3496 5405; x_wconf 84' lang='lat'><strong>5.</strong></span> <span class='ocrx_word' id='word_1_956' title='bbox 3517 5348 3716 5403; x_wconf 87' lang='lat' dir='ltr'><strong>Fideles</strong></span> <span class='ocrx_word' id='word_1_957' title='bbox 3740 5343 3797 5393; x_wconf 74' lang='lat' dir='ltr'><strong>all</strong></span> 
     </span>
    </p>
   </div>
   <div class='ocr_carea' id='block_1_123' title="bbox 2244 5416 3799 5486">
    <p class='ocr_par' dir='ltr' id='par_1_123' title="bbox 2244 5416 3799 5486">
     <span class='ocr_line' id='line_1_123' title="bbox 2244 5416 3799 5486; baseline -0.003 -13"><span class='ocrx_word' id='word_1_958' title='bbox 2244 5420 2573 5474; x_wconf 86' lang='lat' dir='ltr'><strong>decimarum</strong></span> <span class='ocrx_word' id='word_1_959' title='bbox 2601 5420 2923 5472; x_wconf 80' lang='lat' dir='ltr'><strong>solutionem</strong></span> <span class='ocrx_word' id='word_1_960' title='bbox 2959 5418 3239 5472; x_wconf 87' lang='lat' dir='ltr'><strong>hortantur</strong></span> <span class='ocrx_word' id='word_1_961' title='bbox 3284 5428 3464 5486; x_wconf 86' lang='lat' dir='ltr'><strong>patres</strong></span> <span class='ocrx_word' id='word_1_962' title='bbox 3502 5434 3652 5474; x_wconf 84' lang='lat' dir='ltr'><strong>conc.</strong></span> <span class='ocrx_word' id='word_1_963' title='bbox 3703 5416 3799 5467; x_wconf 84' lang='lat' dir='ltr'><strong>Tu-</strong></span> 
     </span>
    </p>
   </div>
   <div class='ocr_carea' id='block_1_124' title="bbox 2245 5486 3799 5560">
    <p class='ocr_par' dir='ltr' id='par_1_124' title="bbox 2245 5486 3799 5560">
     <span class='ocr_line' id='line_1_124' title="bbox 2245 5486 3799 5560; baseline -0.006 -15"><span class='ocrx_word' id='word_1_964' title='bbox 2245 5506 2363 5545; x_wconf 92' lang='lat' dir='ltr'><strong>ron.</strong></span> <span class='ocrx_word' id='word_1_965' title='bbox 2396 5506 2453 5552; x_wconf 84' lang='grc' dir='ltr'>ιι.</span> <span class='ocrx_word' id='word_1_966' title='bbox 2482 5508 2571 5545; x_wconf 89' lang='lat' dir='ltr'><strong>an.</strong></span> <span class='ocrx_word' id='word_1_967' title='bbox 2598 5489 2722 5553; x_wconf 75' lang='lat'><strong>567,</strong></span> <span class='ocrx_word' id='word_1_968' title='bbox 2744 5489 2809 5543; x_wconf 88' lang='lat' dir='ltr'><strong>ad</strong></span> <span class='ocrx_word' id='word_1_969' title='bbox 2839 5486 3045 5541; x_wconf 85' lang='lat' dir='ltr'><strong>cladem</strong></span> <span class='ocrx_word' id='word_1_970' title='bbox 3094 5489 3461 5559; x_wconf 84' lang='lat' dir='ltr'><strong>avertendam,</strong></span> <span class='ocrx_word' id='word_1_971' title='bbox 3494 5504 3610 5560; x_wconf 76' lang='lat' dir='ltr'><strong>qua:</strong></span> <span class='ocrx_word' id='word_1_972' title='bbox 3641 5488 3799 5541; x_wconf 82' lang='lat' dir='ltr'><strong>inimi-</strong></span> 
     </span>
    </p>
   </div>
   <div class='ocr_carea' id='block_1_125' title="bbox 2246 5563 2421 5616">
    <p class='ocr_par' dir='ltr' id='par_1_125' title="bbox 2246 5563 2421 5616">
     <span class='ocr_line' id='line_1_125' title="bbox 2246 5563 2421 5616; baseline 0.017 -3"><span class='ocrx_word' id='word_1_973' title='bbox 2246 5563 2421 5616; x_wconf 87' lang='lat' dir='ltr'><strong>nebat.</strong></span> 
     </span>
    </p>
   </div>
  </div>
