3942 6190
149 215 235 267 377

1089 214 1403 271 HISTORIA
1443 213 1884 269 FRANCORUM.
1927 212 2129 269 LIBER
2169 213 2454 272 SEXTUS.

3274 217 3380 273 373

150 330 317 395 nisque
342 323 588 382 criminis
616 341 785 381 reum.
839 328 989 384 Tunc
1034 345 1171 384 unus
1194 372 1209 395 ,
1254 341 1497 386 extracto
1523 330 1698 401 gladio
1728 338 1773 394 Α
1805 330 2161 385 admiratione
2190 332 2424 397 dicente,
2457 330 2537 384 vir
2564 332 2651 386 Dei
2679 331 2822 389 omni
2864 332 3157 387 intentione
3184 347 3371 387 vanam

152 427 197 468 ut
234 415 282 468 in
326 424 484 483 caput
522 415 643 485 ejus
675 418 915 483 libraret,
964 419 1183 473 dextera
1217 421 1267 474 in
1303 422 1418 489 ipso
1446 421 1553 475 ictu
1582 435 1701 474 sus-

152 519 295 589 pensa
327 504 562 572 diriguit,
593 520 691 560 nec
716 522 833 559 eam
864 508 928 559 ad
959 522 1020 561 se
1050 510 1213 575 potuit
1248 524 1523 564 revocare.
1553 509 1703 563 Tunc

152 595 357 667 giadium
403 595 613 661 laxans,
662 604 820 650 terrae
862 597 1078 666 dejecit.
1124 600 1247 655 Haec
1298 600 1538 654 videntes
1568 598 1701 653 socii

155 688 268 754 ejus,
310 686 594 740 clamorem
653 687 707 741 in
756 688 946 742 caelum
996 689 1282 753 dederunt,
1334 688 1629 759 flagitantes
1671 688 1711 743 a'

155 785 332 840 sancto,
364 786 416 830 ut
444 777 571 847 quid
602 778 687 853 agi
731 788 1003 845 oporteret
1049 779 1343 834 clementer
1384 780 1698 834 insinuaret.

158 867 256 935 Ipse
281 882 397 920 vero
439 868 693 936 imposito
737 870 903 940 279
945 870 1139 925 salutis
1186 871 1379 939 signo,
1427 870 1701 923 brachium

154 958 338 1010 tanititi
367 958 617 1014 restituit.
641 960 734 1014 ille
755 972 932 1015 autem
956 962 1006 1014 in
1031 961 1219 1015 eodem
1244 961 1362 1013 loco
1384 974 1698 1024 conversus,

154 1064 398 1107 tonsurato
414 1069 473 1107 ea
483 1055 592 1123 pite
614 1055 958 1110 fidelissimus
981 1055 1276 1109 monachus
1292 1068 1432 1111 nunc
1457 1053 1699 1106 habetur.

158 1144 256 1196 Duo
277 1159 395 1198 vero
416 1144 585 1199 duces
615 1153 641 1182 ι
673 1145 761 1213 qui
789 1161 912 1199 eum
941 1145 1244 1207 audierunt,
1295 1142 1705 1213 incolumespa-

154 1234 255 1285 trirc
281 1233 457 1286 redditi
506 1242 670 1308 sunt;
714 1234 802 1302 qui
848 1249 977 1288 vero
1018 1240 1459 1301 contempserunt
1505 1244 1704 1298 prmce-

155 1332 284 1393 ptum
328 1324 460 1391 ejus,
515 1314 896 1378 miserabiliter
922 1323 974 1378 in
1010 1326 1122 1392 ipsa
1148 1322 1422 1377 Provincia
1454 1329 1579 1374 sttnt
1603 1321 1671 1373 de

150 1412 316 1467 functi.
368 1413 513 1467 Multi
570 1425 749 1470 autem
795 1431 863 1468 ex
906 1415 1094 1483 ipsisa
1122 1414 1402 1468 daemoniis
1448 1410 1699 1476 correpti,

148 1503 426 1561 clamabant
455 1519 469 1556 :
514 1502 625 1563 Cur
651 1519 768 1570 nos,
818 1515 1004 1561 sant-te
1032 1515 1087 1567 et
1115 1505 1443 1567 beatissime,
1472 1504 1549 1558 sic
1575 1518 1698 1557 eru-

145 1593 245 1669 cias
276 1602 326 1647 et
376 1594 655 1661 incendis?
693 1596 786 1651 sed
818 1596 1061 1666 imposita
1087 1596 1167 1650 eis
1199 1611 1379 1659 manu,
1415 1593 1701 1649 mundabat

143 1698 245 1753 eos.
272 1685 503 1739 Posthmc
532 1685 692 1739 homo
709 1694 827 1740 erat
846 1686 1247 1757 Andegavensis
1270 1688 1464 1752 incola,
1492 1684 1583 1754 qui
1607 1699 1699 1752 per

142 1776 343 1830 nimiam
387 1776 593 1831 febrem
621 1778 890 1845 eloquium
920 1782 1119 1847 pariter
1145 1779 1489 1847 auditumque
1522 1778 1699 1847 perdi-

138 1866 307 1930 derat;
337 1877 533 1922 etcum
566 1868 634 1922 de
678 1868 826 1923 febre
855 1870 1234 1933 convaluisset,
1267 1870 1461 1925 surdus
1491 1884 1701 1938 perma-

138 1958 287 2014 nebat
327 1974 388 2013 ac
432 1970 634 2014 mutu=.
687 1959 849 2031 Igitur
896 1961 1153 2019 diaconus
1203 1977 1272 2017 ex
1304 1962 1574 2029 provincia
1608 1962 1698 2017 illa

136 2049 346 2106 Romam
386 2053 625 2109 directus
652 2062 737 2108 est
758 2094 773 2118 ,
808 2065 865 2108 ut
895 2054 1171 2110 beatorum
1200 2056 1563 2124 apostolorum
1615 2056 1697 2123 pi-

138 2157 313 2209 gnora,
345 2143 428 2198 vel
467 2145 790 2214 reliquorum
836 2156 1143 2200 sanctorum
1186 2148 1274 2211 qui
1323 2146 1506 2201 urbem
1555 2146 1696 2199 illam

134 2234 385 2297 muniunt,
433 2235 735 2290 exhiberet.
784 2236 885 2301 Qui
933 2251 1056 2292 cum
1099 2237 1165 2292 ad
1216 2246 1459 2306 parentes
1500 2235 1697 2293 infirmi

132 2323 269 2379 illius
290 2326 637 2391 pervenisset,
659 2336 844 2397 rogant
869 2336 925 2383 ut
951 2344 1070 2382 eum
1098 2328 1197 2383 sibi
1216 2330 1464 2382 comitem
1494 2328 1700 2383 itineris

132 2430 335 2470 sumere
366 2416 675 2485 dignaretur
698 2456 715 2484 ,
772 2419 958 2472 conlisi
1005 2418 1145 2486 qttod
1190 2423 1234 2471 si
1267 2419 1695 2479 beatissimorum

131 2490 483 2573 apostolorum
514 2508 689 2577 adiret
716 2510 985 2576 sepulcra,
1016 2510 1255 2575 protinus
1278 2520 1458 2576 posset
1488 2495 1697 2579 assequi

131 2596 457 2663 medicinam.
505 2598 771 2652 Euntibus
800 2608 977 2651 autem
1010 2599 1116 2650 illis
1142 2642 1157 2663 ,
1212 2609 1476 2652 Venerunt
1506 2600 1570 2651 ad
1623 2602 1699 2652 lo-

128 2699 242 2753 cum
290 2685 378 2739 ubi
424 2685 611 2741 beatus
652 2687 920 2753 llos;sitius
963 2687 1248 2740 habitabat.
1296 2688 1414 2757 Quo
1459 2690 1694 2742 salutato

127 2790 187 2828 ac
232 2776 541 2831 deosculato
565 2818 580 2842 ,
612 2792 801 2832 causas
841 2779 1045 2839 itineris
1075 2778 1329 2835 diaconus
1383 2781 1585 2847 pandit,
1634 2794 1696 2833 ac

128 2867 386 2933 proficisci
409 2882 467 2921 se
494 2868 717 2923 Romam
752 2870 945 2923 indicat
966 2910 981 2934 ,
1022 2884 1248 2938 seseque
1277 2871 1363 2924 his
1391 2872 1480 2940 qui
1510 2883 1695 2927 sancto

126 2959 233 3012 \iro
270 2959 338 3015 de
366 2959 632 3015 naucleris
678 2962 833 3016 amici
865 2969 1069 3025 essent,
1099 2962 1463 3018 commendari
1495 2962 1695 3032 depos-t-

1804 420 1976 472 vitans
2007 420 2254 488 gloriam,
2278 420 2354 475 ait
2393 436 2408 473 :
2455 420 2588 479 Sile.
2622 420 2741 483 sile,
2792 420 3140 475 dilectissime
3188 421 3378 487 frater,

1804 524 1908 563 non
1934 521 2048 563 ntec
2078 526 2177 579 ego
2226 512 2386 575 iacio,
2442 511 2535 564 sed
2581 511 2671 567 ille
2697 511 2786 579 qui
2835 512 3090 565 mundum
3120 528 3183 567 ex
3211 513 3380 568 nihilo

1802 599 2057 662 condidit,
2090 599 2177 667 qui
2220 614 2317 668 pro
2346 599 2497 654 nobis
2529 600 2796 655 hominem
2837 602 3168 667 suscipiens,
3214 616 3377 657 caecis

1803 688 1994 751 visum,
2027 689 2204 742 surdis
2230 688 2492 754 auditum,
2524 690 2682 743 mutis
2706 700 2921 757 pra-stat
2947 691 3239 758 eloquium,
3281 690 3373 757 qui

1803 779 2027 847 lcprosis
2054 788 2227 833 cutem
2258 778 2554 846 pristinam,
2587 780 2808 833 mortuis
2838 780 3018 842 vitam,
3044 790 3093 833 et
3127 780 3373 833 omnibus

1804 871 2028 925 infirmis
2072 868 2380 924 aflluentem
2413 872 2726 925 medicinam
2772 871 3027 931 indulget.
3076 870 3225 924 Tunc
3263 871 3378 923 dia-

1802 975 1970 1014 conus
1989 960 2223 1028 gaudens
2248 969 2302 1013 et
2328 960 2652 1023 valedicens,
2677 960 2934 1014 abscessit
2956 976 3075 1015 cum
3095 960 3376 1015 comitibus

1801 1052 1930 1105 suis.
1955 1050 2158 1117 Quibus
2170 1050 2587 1117 discedentibus,
2610 1051 2770 1103 homo
2786 1052 3019 1117 quidam,
3050 1051 3376 1111 Dominicus,

1802 1145 1879 1195 sic
1906 1142 2046 1195 enim
2079 1150 2194 1196 erat
2224 1140 2339 1193 viro
2370 1155 2563 1195 nomen
2592 1180 2607 1206 ,
2637 1155 2667 1194 a
2695 1144 2970 1194 nativitate
2997 1154 3190 1203 ctecus,
3217 1139 3387 1205 adve-A

1802 1232 1880 1287 nit
1910 1230 1974 1283 ad
2007 1230 2157 1284 istius
2188 1232 2423 1286 miraculi
2464 1233 2713 1285 virtutem
2746 1233 3093 1301 probandam.
3117 1231 3220 1297 Qui
3246 1231 3373 1284 dum

1804 1322 1853 1374 in
1886 1323 2213 1376 monasterio
2245 1324 2451 1375 duobus
2472 1333 2562 1377 aut
2594 1324 2761 1376 tribus
2790 1324 3059 1376 mensibus
3091 1321 3375 1387 resideret,

1802 1414 2028 1467 orationi
2059 1428 2121 1465 ac
2146 1411 2365 1481 jejuniis
2386 1429 2600 1479 vacans,
2633 1416 2844 1468 tandem
2878 1424 3029 1467 vocat
3072 1428 3194 1467 eum
3226 1414 3290 1466 ad
3318 1396 3385 1475 se.

1803 1506 1883 1561 vir
1912 1505 2001 1558 Dei
2030 1546 2046 1568 ,
2093 1516 2145 1559 et
2173 1506 2246 1558 ait
2278 1522 2293 1559 :
2345 1506 2436 1560 Vis
2466 1506 2704 1577 recipere
2735 1508 2942 1561 visum?
2988 1506 3085 1560 Cui
3132 1506 3221 1560 ille
3265 1508 3377 1558 ait:

1802 1596 2078 1656 Voluntas,
2103 1596 2292 1666 inquit,
2324 1613 2441 1652 mea
2471 1608 2586 1653 erat
2616 1601 2790 1667 ignota
2812 1614 3136 1669 cognoscere
3166 1609 3213 1651 ο.
3248 1597 3379 1652 Nam

1732 1707 1774 1766 Β
1803 1703 1921 1756 qua:
1947 1688 2017 1742 sit
2038 1690 2124 1743 lux
2156 1688 2360 1757 ignoro.
2390 1690 2562 1745 Unum
2596 1699 2798 1745 tantttm
2831 1694 2964 1756 scio,
3005 1691 3143 1759 quod
3171 1689 3237 1743 ab
3265 1704 3382 1744 om-

1805 1778 1963 1833 nibus
1990 1779 2319 1834 collaudatur
2342 1777 2403 1845 cl;
2437 1796 2535 1851 ego
2561 1792 2734 1836 autem
2763 1782 2832 1835 ab
2859 1782 3008 1835 initio
3037 1782 3209 1835 aetatis
3239 1794 3376 1835 mere

1803 1886 1970 1940 usque
1997 1887 2134 1927 nunc
2165 1872 2345 1927 videre
2372 1889 2475 1927 non
2517 1874 2710 1928 merui.
2741 1875 2889 1927 Tunc
2915 1890 3032 1927 cum
3062 1875 3181 1926 oleo
3210 1874 3381 1926 bene-

1802 1962 1948 2015 dirto
1972 1976 2130 2028 super
2159 1963 2342 2015 oculos
2369 1962 2483 2031 ejus
2513 1978 2726 2017 crucem
2756 1971 2992 2017 sanctam
3027 1962 3246 2025 faciens,
3266 1963 3337 2015 ait
3363 1979 3376 2015 :

1803 2051 1859 2105 In
1883 2054 2095 2107 nomine
2125 2052 2249 2108 Iesu
2276 2050 2475 2111 Christi
2502 2054 2855 2120 redemptoris
2884 2053 3050 2108 nostri
3073 2054 3380 2121 aperiantur

1804 2142 1944 2195 oculi
1971 2141 2066 2196 tui.
2114 2142 2182 2196 Et
2210 2143 2391 2198 statim
2435 2145 2601 2210 aperti
2633 2153 2757 2197 sunt
2805 2144 2942 2198 oculi
2974 2144 3123 2212 ejus;
3166 2153 3223 2197 et
3266 2150 3378 2199 erat

1801 2233 2092 2300 admirans,
2143 2248 2477 2301 cernensque
2525 2234 2788 2301 magnalia
2835 2234 2968 2300 Dei,
3012 2249 3130 2302 qua:
3173 2231 3227 2286 in
3277 2232 3379 2287 hoc

1803 2326 2004 2380 mundo
2033 2325 2269 2380 videbat.
2302 2325 2503 2379 Dehinc
2517 2325 2706 2381 mulier
2729 2325 3149 2395 quardam,qu:e,
3170 2332 3229 2376 ut
3256 2324 3372 2390 ipsa

1801 2416 2159 2483 declamabat,
2196 2420 2293 2472 tria
2325 2417 2527 2472 habens
2554 2419 2839 2480 dmmonia,
2893 2417 2957 2471 ad
2999 2432 3118 2471 eum
3152 2414 3379 2471 adducta

1800 2516 1913 2573 est;
1942 2524 2101 2574 quam
2132 2523 2253 2564 cum
2297 2518 2435 2563 tactu
2467 2524 2619 2564 sacro
2663 2509 3059 2574 benedixisset,
3111 2518 3268 2578 atque
3311 2522 3379 2562 ex

1800 2599 1922 2651 oleo
1952 2607 2137 2651 sancto
2162 2615 2378 2655 crucem
2412 2600 2573 2654 fronti
2619 2601 2733 2667 ejus
2764 2600 3143 2667 imposuisset,
3191 2598 3379 2666 ejectis

1799 2685 2130 2749 daemonibus
2160 2697 2377 2757 purgata
2407 2688 2673 2749 discessit,
2720 2688 2823 2742 Sed
2854 2696 2911 2741 et
2937 2688 3093 2741 aliam
3125 2688 3377 2755 puellam,

1799 2778 1867 2837 ab
1914 2779 2103 2846 spiritu
2136 2780 2410 2834 immundo
2436 2792 2699 2845 vexatam,
2743 2779 3113 2834 benedictione
3142 2780 3373 2837 sanavit.

1798 2868 1929 2923 Cum
1953 2878 2132 2924 autem
2155 2870 2263 2939 jam
2290 2872 2402 2926 dies
2429 2873 2609 2926 obitus
2637 2872 2753 2939 ejus
2776 2872 3249 2940 appropinquaret,
3277 2887 3377 2923 vo-

1800 2966 1940 3016 cavit
1967 2962 2032 3017 ad
2062 2978 2122 3018 se
2151 2964 2488 3032 praepositum
2524 2963 2831 3017 monasterii
2858 3005 2873 3027 ,
2906 2963 3091 3017 dicens
3122 2980 3136 3016 :
3173 2962 3379 3018 Exhibo

122 3051 207 3123 cit.
239 3052 475 3121 Cumque
505 3052 577 3107 ibi
610 3052 783 3108 adhuc
823 3065 1122 3108 moraretur
1142 3093 1159 3120 ,
1208 3055 1376 3109 sensit
1404 3054 1487 3112 vir
1511 3056 1695 3110 beatus
1722 3065 1766 3125 ρ
1803 3053 2203 3119 ferramentum,
2235 3062 2289 3108 et
2318 3055 2554 3123 irrumpe
2583 3056 2860 3123 parietem,
2905 3063 2958 3108 et
2980 3053 3134 3107 mitte
3163 3055 3381 3115 nuntios~

124 3154 211 3206 per
238 3140 491 3209 Spiritum
519 3143 727 3196 Domini
749 3144 935 3202 adesse
954 3144 1224 3199 virtutem.
1252 3144 1317 3198 Et
1335 3144 1409 3198 ait
1427 3144 1689 3200 diacono:

121 3229 387 3286 Infirmum
425 3236 512 3304 qui
546 3250 728 3291 comes
771 3237 844 3289 tui
876 3251 1014 3291 nunc
1043 3246 1123 3291 est
1169 3235 1393 3303 itineris,
1454 3252 1582 3307 rogo
1636 3248 1693 3293 ut

121 3323 250 3377 meis
270 3326 648 3393 conspectibus
676 3338 1049 3395 reprmsentes.
1076 3330 1145 3382 At
1166 3328 1252 3388 ille
1275 3328 1403 3381 nihil
1428 3340 1687 3399 moratus,

120 3415 379 3470 velociter
414 3417 481 3471 ad
527 3427 781 3473 metatum
831 3420 1015 3484 vadit,
1068 3419 1372 3487 invenitque
1420 3421 1689 3479 infirmum

120 3503 263 3561 febre
294 3508 534 3578 plenum,
580 3512 667 3580 qui
697 3528 789 3580 per
811 3518 1003 3566 nutum
1034 3527 1193 3571 aures
1216 3528 1339 3567 suas
1370 3514 1497 3567 dare
1527 3516 1689 3568 tinni-

120 3608 221 3655 tum
269 3604 570 3670 indicabat;
615 3605 1112 3676 apprehensumque
1150 3607 1299 3675 ducit
1340 3609 1404 3663 ad
1446 3622 1687 3665 sanctum

120 3690 226 3746 Dei.
263 3693 332 3747 At
360 3694 445 3748 ille
475 3699 810 3763 apprehensa
835 3713 993 3752 manu
1014 3699 1254 3765 caesarie,
1283 3702 1501 3755 attraxit
1527 3713 1688 3771 caput

117 3779 256 3834 illius
300 3782 353 3834 in
386 3782 695 3850 fenestram,
740 3797 1118 3858 assumptoque
1162 3791 1282 3845 oleo
1313 3792 1688 3850 benedictione

116 3874 461 3941 sanctificato,
496 3886 684 3933 tenens
714 3895 872 3934 manu
896 3881 1107 3935 sinistra
1143 3882 1376 3953 linguam
1406 3886 1522 3954 ejus
1550 3929 1564 3950 ,
1604 3888 1685 3942 ori

118 3965 406 4034 verticique
432 3968 622 4035 capitis
653 3967 865 4031 infudit,
892 3971 1076 4037 dicens
1102 3989 1114 4024 :
1149 3974 1202 4026 ln
1236 3975 1449 4029 nomine
1478 3976 1685 4032 Domini

118 4057 205 4109 mei
234 4058 370 4112 .lesu
395 4058 592 4114 Christi
613 4061 921 4129 aperiantur
944 4078 1101 4123 aures
1130 4075 1250 4130 tum,
1278 4079 1587 4135 reseretque
1623 4084 1685 4125 os

120 4154 252 4201 tuum
283 4150 456 4205 virtus
487 4151 573 4205 illa
594 4194 609 4215 ,
645 4168 764 4223 quae
795 4156 1061 4223 quondam
1090 4157 1156 4211 ab
1182 4157 1396 4214 homine
1421 4160 1584 4213 surdo
1624 4172 1678 4216 et

117 4253 248 4294 muto
302 4245 525 4298 noxium
575 4246 732 4315 ejccit
775 4248 1118 4303 daemonium.
1173 4251 1239 4304 Et
1295 4251 1407 4305 luce
1449 4253 1635 4313 dicens
1665 4294 1680 4318 ,

119 4334 403 4405 interrogat
426 4353 641 4392 nomen.
665 4340 753 4395 llle
767 4356 896 4397 vero
918 4344 1058 4396 clara
1083 4359 1213 4399 voce
1234 4348 1334 4398 ait:
1362 4346 1451 4401 Sic
1478 4346 1677 4403 dicorb.

114 4421 229 4479 Cum
265 4427 391 4480 hac
421 4428 638 4482 vidisset
664 4429 943 4496 diaconus,
967 4434 1041 4487 ait
1065 4452 1078 4488 :
1101 4435 1310 4501 Gratias
1334 4438 1426 4490 tibi
1461 4438 1682 4494 immen-
1714 4432 1764 4491 D

116 4528 187 4569 Sus
214 4519 423 4583 refero,
452 4519 578 4575 Jcsu
608 4521 841 4589 Christe,
874 4525 964 4593 qui
994 4527 1116 4580 talia
1150 4543 1243 4594 per
1281 4542 1492 4583 servum
1522 4533 1685 4603 280

118 4616 243 4677 tuum
278 4612 521 4680 dignaris
547 4616 851 4673 ostendere.
884 4618 1195 4685 Quzerebam
1230 4622 1443 4675 Petrum
1474 4663 1487 4685 ,
1534 4620 1682 4692 quae;

117 4703 285 4760 rebam
316 4704 536 4759 Paulum
579 4702 1050 4779 Laurentiumque,
1082 4712 1163 4764 vel
1193 4712 1425 4781 reliquos
1450 4714 1537 4781 qui
1572 4714 1681 4767 Ro-

118 4809 236 4849 mam
263 4798 491 4865 proprio
520 4812 713 4855 cruore
745 4800 1008 4855 illustrant
1040 4819 1054 4854 :
1102 4802 1185 4855 hic
1228 4818 1415 4857 omnes
1460 4804 1641 4875 reperi
1662 4844 1677 4869 ,

120 4883 186 4941 hic
210 4896 441 4942 cunctos
471 4889 671 4945 inveni.
731 4890 854 4947 [hec
904 4908 971 4947 eo
1027 4908 1146 4947 cum
1196 4894 1425 4947 maximo
1455 4892 1581 4949 ﬂetu
1624 4905 1679 4949 ct

187 5051 209 5081 ⁸
233 5048 292 5100 In
333 5043 540 5112 Regm.,
570 5044 687 5097 Duo
713 5060 828 5098 vero
849 5045 937 5111 qui
957 5062 1070 5097 eum
1095 5046 1351 5099 arlirrunt.
1380 5046 1568 5099 Paulus
1598 5056 1679 5100 ta-

120 5126 218 5167 men
250 5116 394 5169 liliro
425 5114 663 5178 laudato,
695 5130 812 5183 cap.
842 5117 899 5176 ‘2,
935 5115 1091 5171 habet
1122 5117 1223 5169 duo
1252 5119 1425 5169 duces.
1618 5124 1619 5127 “

177 5183 200 5221 δ
232 5185 391 5241 (lolii.
422 5195 473 5237 et
497 5186 719 5247 Chesn.,
752 5187 842 5237 Pir
872 5185 1012 5238 dicor

181 5264 200 5292 ε
234 5256 455 5318 Βθειιιιη
482 5257 655 5323 ignota
678 5258 986 5323 conspicere.

176 5323 198 5359 ⁴
233 5326 426 5389 Corh.,
456 5328 519 5379 ab
549 5326 836 5379 hominibus
866 5326 1121 5378 laudatur.

176 5396 443 5516 'loiiegmq
473 5395 683 5465 pedibus
708 5413 769 5449 ac
800 5396 1052 5461 manibus,
1078 5398 1379 5465 clevatisque
1405 5395 1473 5448 ad
1493 5395 1674 5450 coelum

176 5480 192 5513 ll
215 5483 275 5516 ιι.

120 5466 275 5519 scalis.

182 5532 199 5569 ί
227 5536 412 5591 Mirum
440 5544 523 5591 est
550 5535 866 5591 Austadium
900 5536 952 5589 in
977 5536 1346 5605 episcoporum
1369 5536 1671 5590 Nicensium

113 5605 339 5668 catalogo
366 5607 560 5664 omitti.
589 5606 766 5662 Locus
799 5605 889 5659 ubi
913 5605 1043 5661 vixit
1068 5608 1338 5669 llosnitius
1370 5622 1533 5675 prope
1560 5606 1671 5661 Vil-

1798 3148 1861 3202 ad
1890 3148 2196 3215 episcopum
2227 3147 2476 3215 civitatis,
2512 3157 2569 3201 ut
2591 3147 2766 3203 veniat
2788 3146 2853 3200 ad
2883 3161 2967 3200 me
2989 3146 3376 3215 sepeliendum.

1800 3238 1893 3291 Die
1936 3238 2076 3292 enim
2107 3240 2261 3295 tertia
2291 3240 2357 3291 ab
2388 3238 2491 3293 hoc
2516 3240 2760 3306 egredior
2792 3238 2991 3292 mundo
3011 3281 3024 3302 ,
3058 3248 3111 3291 et
3136 3238 3277 3291 vado
3311 3241 3369 3295 in

1797 3330 2030 3397 requiem
2054 3330 2396 3397 destinatam,
2423 3346 2579 3399 quam
2605 3330 2733 3383 mihi
2763 3329 3016 3383 Dominus
3039 3330 3374 3403 repromisit.

1798 3419 1921 3485 llzec
1948 3435 2012 3475 eo
2036 3421 2277 3487 dicente,
2306 3422 2449 3478 misit
2481 3424 2796 3491 praepositus
2828 3422 3131 3475 monasterii
3155 3422 3219 3473 ad
3262 3422 3378 3489 epi-

1794 3522 2015 3579 scopum
2036 3512 2269 3567 civitatis
2324 3514 2604 3577 Nicensis,
2658 3513 2746 3583 qui
2787 3514 2837 3567 ei
2880 3514 2993 3566 haec
3048 3514 3375 3565 nuntiarent.

1794 3603 1951 3672 281
1981 3602 2223 3657 Posthaec
2251 3601 2514 3658 Crescens
2543 3603 2758 3671 quidam
2789 3603 2934 3655 venit
2962 3601 3027 3655 ad
3057 3600 3373 3667 fenestram,

1792 3702 1848 3747 et
1874 3684 2056 3747 videns
2086 3708 2207 3747 eum
2240 3695 2444 3748 catenis
2474 3696 2706 3748 vinctum
2732 3733 2746 3755 ,
2796 3692 3067 3747 vermibus
3112 3692 3328 3761 plenum
3356 3732 3372 3755 ,

1794 3782 1903 3835 ait:
1938 3781 1981 3834 0
2013 3783 2230 3837 domine
2257 3784 2356 3850 mi,
2401 3785 2627 3853 qualiter
2660 3795 2764 3837 tam
2795 3783 2967 3837 valida
3002 3792 3262 3836 tormenta
3296 3791 3375 3835 to-

1792 3882 1967 3938 lerare
1995 3890 2102 3937 tam
2134 3883 2340 3939 fortiter
2369 3884 2555 3954 petes?
2583 3883 2675 3938 Cui
2718 3884 2807 3939 ille
2832 3884 2908 3937 ait
2937 3899 2952 3941 :
2982 3880 3257 3935 Confortat
3287 3895 3374 3937 me

1790 3983 1880 4038 ille
1925 3998 2020 4053 pro
2049 3985 2201 4052 cujus
2233 3984 2448 4039 nomine
2482 3986 2595 4038 haec
2625 3984 2812 4053 patior.
2862 3983 2991 4036 Dico
3021 3992 3199 4057 autem
3234 3982 3326 4035 tibi
3353 4022 3371 4046 ,

1790 4087 1913 4156 quia
1934 4087 2044 4157 jam
2075 4087 2323 4141 absolvor
2346 4085 2521 4142 abhis
2550 4085 2793 4152 vinculis,
2818 4084 3026 4140 etvado
3053 4082 3106 4136 in
3133 4081 3371 4150 requiem

1790 4203 1987 4243 meam.
2022 4189 2357 4243 Adveniente
2408 4197 2581 4242 autem
2612 4187 2700 4243 die
2732 4186 2905 4249 tertia,
2952 4183 3198 4251 deposuit
3225 4193 3370 4237 cate-

1790 4301 1883 4353 nas
1913 4286 2109 4357 quibus
2135 4289 2346 4342 vinctus
2368 4296 2483 4345 erat
2507 4328 2522 4352 ,
2556 4286 2945 4357 prostravitque
2983 4300 3041 4339 so
3083 4285 3133 4337 in
3164 4284 3368 4336 oratio-

1792 4404 1944 4453 nem;
1992 4398 2048 4445 et
2075 4406 2195 4444 cum
2224 4390 2523 4445 diutissime
2547 4405 2666 4444 cum
2714 4387 2960 4457 lacrymis
2988 4393 3214 4450 orasset,
3244 4386 3358 4439 col-

1789 4494 1969 4547 locaus
1997 4509 2055 4548 se
2087 4508 2248 4564 super
2270 4508 2544 4549 scamnum
2572 4535 2587 4559 ,
2634 4493 2867 4548 extensis
2899 4490 3144 4559 pedibus,
3188 4491 3369 4545 elevao

1787 4596 1958 4665 tisque
2007 4597 2071 4650 ad
2128 4598 2321 4652 caalum
2378 4597 2714 4659 manibnse,
2767 4595 2966 4665 gratias
2996 4608 3160 4664 agens
3212 4593 3363 4659 Deo,

1787 4698 2001 4751 tradidit
2030 4698 2292 4765 spiritum.
2327 4699 2389 4752 Et
2418 4676 2597 4753 statim
2632 4712 2822 4751 omnes
2854 4711 3060 4751 vermes
3107 4696 3182 4749 illi
3204 4736 3220 4758 ,
3266 4695 3362 4762 qui

1784 4807 1998 4853 sanctos
2040 4807 2189 4852 artus
2234 4797 2574 4868 perforabant
2601 4838 2617 4859 ,
2668 4806 3019 4852 evanuerunt.
3056 4795 3362 4849 Adveniens

1785 4910 1961 4954 autem
2008 4900 2293 4955 Austadius
2328 4899 2344 4937 ί
2378 4904 2656 4971 episcopus
2688 4903 2897 4955 beatum
2928 4911 3121 4966 corpus
3159 4894 3366 4948 studio-

1785 5048 2135 5102 lam-liberam
2167 5049 2375 5105 visitur.
2409 5050 2693 5105 Peninsula
2725 5060 2832 5114 est,
2874 5057 2929 5101 ut
2949 5046 3131 5102 scribit
3168 5046 3359 5114 Petrus

1783 5118 2042 5180 Joﬂ‘redi,
2095 5118 2264 5173 tribus
2313 5121 2526 5174 circiter
2569 5113 2826 5184 passuum
2851 5118 3082 5171 millibus
3128 5131 3155 5167 a
3198 5113 3359 5168 Nicea

1785 5188 1913 5271 urbe
1943 5187 2150 5251 dissita,
2185 5204 2347 5271 prope
2373 5190 2614 5243 llerculei
2646 5205 2741 5242 seu
2767 5187 3129 5271 Villier-libera:
3150 5196 3358 5271 portus

1786 5258 1961 5313 fauces
2005 5272 2189 5312 versus
2218 5255 2510 5321 orientem;
2543 5274 2604 5310 ex
2636 5268 2889 5321 Corrupto
2917 5256 2974 5311 S.
3003 5255 3223 5321 Hospitii
3248 5269 3345 5307 no-

1786 5330 1925 5381 mine
1949 5328 2143 5381 dicitur
2164 5328 2341 5394 vulgo,
2374 5328 2716 5395 San-Sospir,
2752 5329 2835 5379 ubi
2861 5326 3140 5379 exstabant
3173 5324 3351 5378 adhuc

1781 5396 1897 5465 ejus
1925 5398 2154 5451 auctoris
2178 5398 2430 5466 temporis
2450 5398 2757 5451 monasterii
2788 5397 3009 5461 rudera;
3044 5394 3202 5449 turris
3226 5409 3358 5445 vero

1780 5476 1834 5519 et
1865 5469 2047 5535 templi
2099 5468 2270 5533 ipsius
2318 5466 2532 5522 nomine
2576 5467 2735 5521 dicati
2783 5467 3026 5531 reliquiae
3070 5466 3358 5519 destructa

1781 5545 1904 5589 sunt
1950 5538 2017 5592 ab
2064 5538 2217 5591 annis
2268 5537 2399 5593 circ.
2447 5536 2550 5603 6i),
2598 5553 2716 5591 cum
2749 5553 2842 5591 arx
2875 5536 3360 5604 ibidem,jubente

1784 5606 1999 5662 Victore
2030 5607 2255 5662 Amedeo
2284 5608 2566 5664 Sabaudizc
2589 5610 2744 5675 duce,
2768 5619 3072 5664 constructa
3104 5607 3204 5661 luit
3255 5606 3357 5659 Ec-
