3942 6190
511 147 618 203 373

1531 143 1585 199 5.
1628 139 1957 198 GREGORII
1995 135 2303 191 EPISCOPI
2339 135 2760 192 TURUNENSIS

3650 134 3793 191 580

510 254 724 312 sissime
768 252 1055 322 sepultum
1086 251 1355 306 mandavit
1382 260 1427 300 ³.
1468 252 1591 307 [hac
1620 253 1796 306 omnia
1826 252 1893 305 ab
1923 250 2086 319 ipsius
2115 248 2162 304 A
2196 244 2571 314 indulgentiam
2624 246 2962 315 deprecatus.
3014 241 3251 310 Quodam
3305 256 3433 297 vero
3480 250 3735 315 tempore
3767 290 3786 310 ,

514 360 608 400 ore
632 346 878 413 cognovi,
906 357 1061 410 quem
1090 344 1337 412 superius
1369 353 1573 398 mutum
1604 353 1659 398 et
1682 344 1899 397 surdum
1925 344 1991 394 ab
2020 356 2085 396 eo

512 442 753 491 sanatum
784 432 1024 500 exposui,
1049 434 1137 501 qui
1168 433 1330 487 multa
1372 434 1499 486 mihi
1528 442 1580 487 et
1610 433 1710 485 alia
1742 433 1808 486 de
1837 430 1955 499 ejus
1976 430 2085 482 vir-

513 525 715 579 tutibus
744 524 981 577 narravit
1011 541 1024 575 :
1073 523 1165 577 sed
1200 524 1473 591 prohibuit
1503 539 1590 578 me
1631 538 1718 578 res
1772 522 1855 575 illa
1905 522 2045 588 l0qui
2069 563 2083 585 ,

516 617 638 685 quia
690 616 866 670 audivi
902 615 1073 669 Vitam
1105 615 1272 683 ipsius
1321 629 1351 669 a
1404 616 1582 671 multis
1638 615 1803 669 fuisse
1854 612 2090 669 conscri-

516 720 681 775 piam.

597 795 710 850 \‘ll.
735 796 813 850 Eo
840 794 869 833 ι’
900 804 1141 864 tempore
1158 795 1440 851 Ferreolus
1467 795 1755 851 Uceeensis
1771 795 2054 865 episcopus
2072 834 2088 859 ,

520 901 726 957 magna:
753 887 837 939 vir
863 887 1162 941 sanctitatis
1180 928 1195 953 ,
1225 886 1394 952 obiit,
1422 887 1614 955 plenos
1640 886 1898 955 sapientia
1930 896 1985 942 et
2014 888 2092 942 in-

520 980 767 1045 tellectu;
791 980 878 1048 qui
908 980 1072 1034 libros
1098 979 1305 1048 aliquos
1336 979 1690 1047 epistularum
1712 1018 1725 1042 ,
1752 980 1899 1047 quasi
1931 978 2092 1034 Sido-

520 1073 666 1128 nium
695 1081 931 1136 secutus,
963 1071 1283 1139 composuit.
1311 1069 1435 1123 Post
1458 1070 1610 1137 cujus
1640 1069 1843 1123 obitum
1874 1069 2094 1124 Albinus

520 1179 585 1220 ex
618 1163 866 1233 praelecto
890 1177 982 1230 per
1004 1162 1316 1230 Dynamzum
1349 1170 1371 1197 ο
1403 1171 1662 1213 rectorem
1694 1160 1984 1213 Provincia:
2005 1174 2096 1213 ex-

524 1269 605 1316 tra
633 1260 772 1329 tegis
800 1259 1079 1314 consilium
1121 1258 1357 1327 suscepit
1400 1259 1800 1327 episcopatum;
1834 1271 1940 1324 quo
1987 1271 2093 1310 non

523 1351 749 1421 amplius
797 1365 954 1419 quam
1006 1349 1173 1403 tribus
1213 1358 1369 1404 utens
1415 1348 1726 1412 mensibus,
1757 1362 1877 1401 cum
1900 1347 1964 1401 ad
1995 1348 2097 1403 hoc

521 1456 680 1499 causa
711 1441 993 1498 restitisset
1019 1451 1075 1496 ut
1100 1452 1487 1507 removeretur,
1519 1442 1799 1497 defunctus
1822 1452 1924 1498 est.
1952 1442 2100 1497 Jovi-

526 1547 625 1587 nus
654 1534 844 1586 iterum
884 1533 971 1601 qui
1012 1533 1277 1601 quondam
1322 1532 1619 1586 Provinciae
1668 1542 1844 1586 rector
1889 1530 2099 1609 fuerat,

2191 333 2315 387 dum
2346 350 2442 403 pro
2473 335 2611 389 furto
2641 338 2759 403 quis
2788 334 2854 388 ad
2897 332 3237 403 pendendum
3260 332 3639 400 deduceretur,
3668 336 3797 407 qui

2190 431 2245 477 et
2274 424 2324 476 in
2355 425 2475 477 aliis
2508 425 2688 477 multis
2715 424 3042 487 sceleribus,
3078 431 3187 476 tam
3214 423 3264 476 iu
3297 424 3453 477 furtis
3474 465 3487 487 ,
3518 440 3679 493 quam
3722 430 3790 481 in

2193 512 2491 567 homicidiis
2518 513 2869 567 accusabatur
2891 513 2957 566 ab
2980 512 3167 567 incolis
3190 513 3548 579 criminosius,
3572 526 3625 570 et
3648 518 3790 571 haec

2192 605 2239 657 ei
2268 606 2517 658 nuntiata
2536 606 2790 671 fuissent,
2824 604 2969 659 misit
2998 605 3317 660 monachum
3366 621 3518 662 suum
3553 609 3619 664 ad
3661 610 3793 665 de-

2194 698 2515 762 precandum
2541 695 2777 765 judicem
2814 693 2866 761 f‘,
2893 705 2951 751 ut
2979 696 3187 751 scilicet
3216 696 3498 766 culpabilis
3527 699 3616 754 ille
3643 700 3790 755 vita:

2193 786 2595 841 concederetur.
2619 786 2724 842 Sed
2751 787 3040 842 insultante
3062 786 3221 856 vulgo
3245 794 3407 855 atque
3422 787 3788 853 vociferante,

2193 876 2334 943 quod
2361 876 2407 929 si
2434 876 2520 930 hic
2542 877 2917 943 dimitteretur,
2948 892 3119 946 neque
3143 877 3372 947 regioni,
3399 893 3571 945 neque
3597 880 3784 947 judici

2195 967 2363 1036 possit
2390 982 2509 1022 esse
2539 970 2842 1023 consultum
2865 1009 2879 1031 ,
2909 969 3105 1023 dimitti
3138 984 3244 1025 non
3277 973 3470 1039 potuit.
3504 969 3717 1025 Interea
3758 980 3787 1018 ι

2194 1059 2498 1114 extenditur
2522 1061 2585 1125 ad
2617 1062 2863 1128 trocleas,
2895 1064 3056 1133 283
3077 1063 3238 1131 virgis
3267 1076 3330 1117 ac
3358 1062 3586 1116 fustibus
3612 1062 3783 1116 etudi-

2197 1156 2302 1213 tur,
2331 1158 2385 1202 et
2416 1149 2654 1216 patibulo
2680 1150 3082 1205 condemnatur.
3114 1153 3356 1220 Cumque
3388 1161 3613 1206 maestus
3648 1166 3785 1205 tuo-

2198 1243 2399 1294 nachus
2428 1241 2605 1295 abbati
2630 1244 2991 1297 renuntiasset
3018 1260 3032 1296 :
3066 1243 3235 1307 Vade,
3265 1244 3469 1313 inquit,
3501 1244 3721 1299 attende
3751 1258 3788 1297 ει

2199 1331 2356 1400 longe
2376 1373 2391 1397 ,
2422 1332 2544 1400 quia
2587 1332 2722 1386 scito
2750 1332 2891 1401 quod
2913 1347 3068 1401 quem
3101 1333 3262 1387 homo
3292 1334 3517 1389 reddere
3555 1334 3736 1387 noluit
3764 1381 3784 1402 ,

2198 1421 2453 1476 Dominus
2487 1437 2585 1477 suo
2631 1438 2850 1478 munere
2896 1423 3131 1478 donabit.
3171 1424 3251 1477 Tu
3298 1439 3425 1478 vero
3474 1439 3591 1478 cum
3644 1440 3783 1479 eum

2199 1516 2389 1569 cadere
2419 1515 2652 1579 videris,
2687 1515 2929 1584 protinus
2970 1517 3365 1585 apprehensum
3413 1516 3666 1571 adducito
3724 1520 3790 1571 'm

528 1621 733 1690 regium
765 1620 831 1676 de
861 1596 1171 1689 episcopatu
1210 1632 1532 1690 prmccptum
1582 1624 1794 1691 accipit.
1828 1623 1931 1679 Sed
1962 1596 2097 1693 pri).
2132 1621 2181 1681 Β
2208 1608 2610 1659 monasterium.
2658 1596 2913 1661 Monacho
2948 1621 3075 1661 vero
3116 1607 3265 1675 jussa
3306 1609 3639 1676 complente,
3688 1607 3795 1663 ille

530 1711 673 1765 venit
691 1726 811 1767 eum
832 1711 1111 1767 Marcellus
1131 1713 1404 1777 diaconus,
1430 1713 1622 1769 Felicis
1640 1718 1904 1771 senatoris
1931 1717 2095 1772 filius.

530 1800 630 1866 Qui
657 1802 959 1855 convocatis
980 1804 1535 1869 comprovincialibus,
1568 1820 1664 1873 per
1686 1805 1970 1860 consilium
1996 1806 2101 1877 Dy-

530 1892 689 1946 namii
734 1894 1200 1966 episcOpuszsz
1228 1897 1504 1951 ordinatus
1543 1905 1645 1951 est.
1676 1897 1782 1952 Sed
1820 1909 1874 1952 et
1911 1899 2027 1967 ipse
2050 1901 2101 1954 vi

530 1983 770 2050 pulsatus
792 1985 1045 2054 deinceps
1065 2002 1094 2040 a
1121 1987 1341 2053 Iovino,
1374 1985 1429 2041 ut
1464 2001 1854 2055 removeretur,
1886 1994 2105 2046 conclu-

529 2088 621 2128 sus
650 2073 703 2128 in
738 2074 984 2142 civitate,
1018 2080 1213 2132 virtute
1256 2094 1315 2132 se
1358 2078 1643 2134 defensare
1679 2081 1969 2151 nitebatur,
2008 2084 2101 2139 sed

531 2178 653 2219 cum
682 2180 787 2219 non
816 2167 1035 2233 valeret,
1068 2169 1379 2223 muneribus
1409 2170 1550 2223 vicit.

610 2254 743 2309 Vlll.
774 2256 919 2310 Obiit
942 2254 967 2291 ά
991 2264 1045 2310 et
1075 2256 1366 2325 Eparchius
1394 2261 1665 2316 reclausus
1695 2263 2102 2333 Egolismensis,

534 2343 615 2398 vir
643 2345 934 2412 magnifica:
954 2347 1252 2402 sanctitatis
1274 2389 1290 2414 ,
1323 2365 1415 2418 per
1445 2366 1600 2420 quem
1636 2353 1777 2408 Deus
1807 2355 1971 2409 multa
2002 2356 2105 2411 mi-

538 2434 714 2489 racula
745 2436 1015 2503 Ostendit,
1047 2439 1115 2494 de
1140 2440 1369 2509 quibus,
1398 2444 1596 2499 relictis
1632 2446 1873 2513 plurimis
1893 2490 1906 2513 ,
1939 2462 2107 2517 pauca

543 2526 916 2597 perstringam.
947 2529 1300 2600 Petrogoricae
1330 2532 1477 2587 urbis
1498 2535 1673 2590 incola
1702 2536 1795 2590 fuit
1820 2577 1834 2602 ,
1866 2540 1959 2593 sed
1991 2547 2110 2607 post

540 2620 942 2675 conversionem
983 2622 1212 2678 clericus
1240 2624 1409 2680 factus
1434 2666 1449 2690 ,
1490 2627 1811 2695 Egolismam
1844 2630 2067 2687 veniens
2090 2672 2107 2699 ,

542 2708 788 2763 cellulam
815 2710 919 2765 sibi
946 2712 1243 2769 mdillcavit.
1275 2715 1329 2768 In
1360 2732 1462 2785 qua
1492 2718 1728 2773 collectis
1770 2722 1952 2787 paucis
1995 2736 2113 2776 mo-

541 2800 747 2865 nachis,
778 2801 827 2853 in
849 2800 1089 2857 oratione
1110 2805 1414 2859 morabatur
1433 2806 1673 2872 assidue;
1698 2817 1751 2864 et
1775 2809 1819 2863 si
1846 2809 2110 2880 eialiquid

541 2891 656 2945 auri
703 2892 1019 2961 argentique
1061 2894 1415 2962 offerebatur,
1464 2908 1554 2952 aut
1600 2901 1651 2953 in
1704 2902 2111 2957 necessitatibus

2205 1697 2562 1765 prosternitur
2587 1697 2645 1751 in
2670 1696 2947 1762 oratione,
2979 1704 3033 1750 et
3063 1704 3168 1749 tam
3197 1696 3287 1749 diu
3328 1695 3380 1749 in
3426 1696 3679 1765 lacryinis
3715 1697 3793 1749 ad

2207 1785 2486 1839 Dominum
2518 1787 2650 1840 fudit
2699 1800 2881 1855 preces
2908 1826 2922 1849 ,
2954 1786 3298 1854 quoadusque
3341 1786 3582 1853 disrupto
3620 1787 3793 1842 obice

2208 1890 2327 1929 cum
2357 1878 2557 1930 catenis
2587 1884 2743 1930 terra:
2770 1876 3139 1931 restitueretur
3161 1890 3445 1946 appensus.
3478 1877 3627 1931 Tunc
3666 1895 3792 1932 nio-

2211 1968 2409 2023 nachus
2440 1969 2826 2039 apprehensum
2854 1983 3006 2033 eum,
3037 1969 3240 2023 abbatis
3272 1971 3649 2038 conspectibus
3697 1972 3790 2024 in-

2208 2059 2470 2113 columem
2519 2067 2885 2127 repraesentat.
2936 2062 3005 2113 At
3050 2059 3140 2114 ille
3184 2060 3383 2130 gratias
3434 2061 3542 2115 Deo
3582 2076 3788 2129 agens,

2209 2148 2454 2204 comitem
2484 2149 2729 2204 arcessiri
2753 2149 2927 2217 jubet,
2955 2150 3137 2205 dicens
3163 2169 3175 2202 :
3201 2152 3425 2221 Semper
3444 2168 3531 2207 me
3553 2152 3789 2222 benigno

2211 2244 2388 2298 animo
2435 2244 2623 2298 solitus
2658 2258 2777 2298 eras
2822 2244 3042 2306 audire,
3081 2244 3152 2297 fili
3181 2244 3557 2310 dilectissime;
3588 2255 3643 2299 et
3681 2261 3783 2300 cur

2213 2335 2366 2389 hodie
2395 2335 2670 2389 induratus
2707 2334 2995 2399 hominem,
3021 2349 3117 2403 pro
3141 2335 3291 2403 cujus
3311 2334 3416 2389 vita
3445 2324 3786 2405 rogaveram,

2213 2440 2319 2478 non
2353 2425 2577 2478 laxasti?
2621 2424 2690 2477 At
2734 2424 2867 2479 ille:
2903 2423 3152 2477 Libenter
3204 2431 3287 2489 te,
3338 2423 3549 2493 inquit,
3591 2424 3785 2487 audio,

2210 2523 2395 2569 sancte
2426 2513 2711 2575 sacerdos;
2743 2513 2835 2567 sed
2887 2513 3197 2582 insurgente
3232 2512 3392 2580 vulgo
3438 2512 3580 2568 aliud
3600 2513 3813 2567 facere

2213 2621 2318 2660 non
2350 2605 2529 2674 potui,
2562 2605 2757 2658 timens
2796 2618 2956 2671 super
2982 2620 3067 2658 me
3102 2603 3435 2659 seditionem
3462 2606 3681 2660 moveri.
3720 2606 3789 2660 Et

2214 2699 2302 2753 ille
2331 2716 2343 2750 :
2371 2696 2483 2761 Tu,
2512 2696 2704 2766 inquit,
2738 2694 2901 2765 284
2930 2710 3014 2750 me
3044 2710 3145 2749 non
3178 2695 3407 2761 audisti,
3436 2696 3573 2752 Deus
3600 2706 3782 2751 autem

2214 2785 2400 2840 audire
2424 2785 2670 2854 dignatus
2698 2794 2802 2851 est,
2827 2794 2879 2838 et
2907 2798 3063 2852 quem
3095 2794 3147 2838 tu
3175 2784 3437 2840 tradidi3ti
3473 2786 3662 2846 morti.
3696 2786 3788 2841 ille

2213 2878 2335 2932 vita:
2362 2877 2613 2933 restituit.
2650 2875 2748 2942 En,
2783 2877 2973 2946 inquit,
2998 2890 3177 2931 coram
3206 2886 3256 2931 te
3285 2885 3423 2933 astat
3448 2891 3629 2933 sanus.
3663 2878 3789 2934 Haec

540 2996 853 3053 pauperum,
885 2992 976 3037 aut
1002 2983 1053 3037 in
1083 2985 1446 3055 redemptione
1471 2990 1797 3058 captivorum
1827 2991 2101 3047 distribue~
2135 2983 2185 3047 C
2215 2984 2280 3024 ⁰⁰
2298 2969 2529 3035 dicem",
2557 2969 2910 3039 pros‘emi‘"
2934 2966 2999 3022 ad
3023 2968 3186 3037 pedes
3205 2967 3321 3036 ei“
3344 2982 3523 3022 Comes
3544 2977 3787 3038 εωρθηδν

546 3070 653 3125 bat.
689 3071 846 3126 Panis
867 3072 918 3125 iu
951 3074 1140 3127 cellula
1169 3075 1258 3129 illa
1286 3092 1351 3131 eo
1381 3077 1591 3133 vivente
1619 3088 1805 3135 coctus
1837 3097 2109 3151 nunquam

547 3164 664 3231 fuit,
693 3166 787 3219 sed
817 3180 849 3218 a
875 3166 1078 3219 devotis
1102 3181 1225 3220 cum
1257 3172 1548 3223 necessitas
1587 3174 1891 3241 exegisset,
1925 3174 2117 3230 infere-

548 3256 721 3310 batur.
750 3256 990 3326 Magnam
1021 3257 1159 3311 enim
1190 3269 1453 3314 catervam
1492 3264 1803 3332 populorum
1854 3265 1922 3320 de
1967 3266 2117 3321 obla-

554 3346 785 3401 tionibus
828 3349 1139 3403 devotorum
1182 3350 1434 3415 redemit;
1472 3353 1777 3419 pusularum
1804 3364 1827 3391 θ
1854 3357 2114 3412 malarum

553 3450 809 3490 venenum
834 3438 1005 3492 crucis
1033 3440 1185 3507 signo
1214 3455 1355 3507 saepe
1378 3444 1725 3509 compressit,
1759 3446 2028 3501 dmmones
2050 3447 2117 3504 de

550 3527 784 3583 obsessis
812 3530 1127 3595 corporibus
1150 3532 1389 3586 oratione
1418 3533 1615 3601 abegit,
1642 3544 1695 3589 et
1719 3535 1984 3603 judicibus
2008 3538 2119 3607 ple-

550 3632 775 3687 rumque
806 3627 862 3673 ut
891 3619 1239 3688 culpabilibus
1268 3623 1638 3691 ignoscerent,
1670 3626 1957 3681 dulcedine
1996 3642 2120 3697 pro-

551 3711 667 3765 fusa
709 3711 1029 3780 imperavit,
1062 3716 1236 3781 potius
1278 3727 1435 3783 quam
1486 3716 1712 3785 rogavit.
1748 3716 1878 3771 Nam
1910 3716 1980 3771 ita
2007 3728 2123 3774 erat

551 3802 723 3858 dulcis
751 3803 1003 3875 alloquio,
1028 3813 1088 3860 ut
1105 3806 1151 3860 ei
1180 3821 1373 3876 negare
1397 3822 1503 3861 non
1528 3818 1762 3877 possent,
1786 3823 1907 3863 cum
1932 3810 2124 3866 fuisset

553 3960 711 4031 clcsia
738 3960 793 4015 S.
823 3960 1041 4017 Joannis
1071 3964 1265 4019 ibidem
1298 3974 1496 4020 structa
1516 4007 1531 4031 ,
1570 3969 1846 4021 monachis
1871 3969 2125 4023 deiicien-

555 4030 695 4105 tibus
724 4032 959 4105 Ebrardo
1000 4035 1176 4105 abbati
1219 4046 1272 4089 et
1308 4030 1581 4092 monachis
1610 4041 1666 4094 S.
1692 4040 1859 4093 Pontii
1887 4041 2123 4105 subjecta

556 4100 766 4223 Εὲίῐξιέι)
804 4104 1164 4160 Archinbaldo
1211 4108 1380 4175 episc.
1413 4108 1647 4163 Niciensi
1672 4149 1688 4175 ,
1723 4110 1935 4162 saeculo-
1958 4100 2007 4161 x'i
2049 4109 2125 4163 la-

633 4249 657 4276 ·
690 4241 897 4309 Corpus
923 4245 1038 4311 ejus
1064 4243 1114 4299 in
1147 4246 1255 4316 ipsa
1298 4248 1520 4301 ecclesia
1562 4246 1850 4316 cathedrali
1892 4246 2124 4300 Niciensi

562 4311 720 4364 etiam
754 4326 892 4366 nunc
935 4311 1197 4370 asservari
1245 4316 1457 4380 dicitur,
1483 4318 1570 4370 ubi
1601 4317 1791 4369 colitur
1818 4315 1905 4369 die
1932 4317 1996 4369 15
2018 4316 2123 4370 0c-

2218 3060 2243 3096 ιι
2266 3061 2405 3128 quod
2428 3060 2641 3115 videbat
2668 3059 2850 3114 vivere
2889 3073 3046 3127 quem
3081 3060 3131 3111 in
3172 3058 3357 3112 mortis
3399 3057 3612 3113 interitu
3662 3059 3787 3114 reli-

2216 3154 2434 3222 quisset.
2467 3152 2592 3207 Haec
2610 3167 2709 3221 ego
2729 3153 2795 3206 ab
2824 3152 2990 3218 ipsius
3018 3151 3230 3205 comitis
3267 3165 3359 3205 ore
3390 3151 3615 3219 cognovi
3643 3169 3657 3214 ;
3691 3152 3811 3207 sed‘

2219 3242 2398 3297 etalia
2424 3243 2585 3295 multa
2616 3242 2761 3307 fecit,
2792 3257 2911 3310 quae
2938 3242 3143 3310 insequi
3174 3241 3393 3310 longum
3430 3242 3627 3309 putavi.
3662 3242 3789 3297 Post

2218 3334 2563 3405 quadraginta
2594 3343 2819 3402 quatuor
2849 3348 2978 3388 vero
3005 3346 3175 3386 annos
3204 3332 3523 3388 reclusionis
3548 3346 3660 3387 suae
3694 3346 3787 3402 pa.

2220 3438 2436 3493 rumper
2459 3423 2604 3478 febre
2626 3423 2881 3491 pulsatus,
2916 3422 3134 3476 tradidit
3157 3421 3424 3490 spiritum,
3454 3430 3781 3490 protractus-

2220 3528 2323 3583 que
2341 3528 2369 3566 a
2390 3513 2600 3578 cellula,
2624 3512 2909 3581 sepultura:
2931 3510 3209 3565 mandatus
3238 3520 3340 3565 est.
3363 3512 3583 3580 Magnus
3603 3521 3779 3567 autem

2222 3616 2540 3669 conventus,
2570 3615 2625 3657 ut
2654 3604 2903 3673 diximus,
2936 3605 3003 3659 de
3029 3603 3321 3674 redemptis
3343 3603 3395 3657 in
3424 3604 3541 3671 ejus
3568 3619 3779 3674 proces-

2222 3700 2292 3755 sit
2318 3696 2583 3765 exsequiis
2612 3695 2651 3748 ί.

2294 3808 2385 3863 1X.
2437 3806 2725 3862 Domuolus
2764 3809 2776 3855 1
2827 3820 2952 3859 vero
2992 3806 3455 3861 Cenomannorum
3503 3808 3779 3877 episcopus

2297 3965 2324 4005 ἀ
2342 3967 2475 4045 Ἠρᾳ-
2493 3973 2650 4045 caput
2668 3964 2849 4045 ..ειυοά
2875 3963 3024 4045 deest
3050 3962 3288 4045 ian'orb.
3317 3964 3575 4045 et"Colb..,
3604 3966 3779 4045 lauda-

2228 4047 2310 4091 tur
2338 4038 2389 4090 in
2422 4033 2572 4090 libro'
2587 4035 2653 4090 de
2680 4033 2942 4088 Miraculis
2972 4034 3137 4089 Sancti
3159 4033 3427 4101 Eparchii,
3451 4035 3607 4103 cujus
3627 4038 3797 4089 verba

2228 4108 2469 4189 dedimus
2497 4107 2633 4159 inter
2661 4104 2838 4173 Elegia
2870 4119 2899 4157 a
2924 4105 3082 4159 variis
3112 4106 3419 4159 auctoribus
3444 4113 3631 4161 nostro
3654 4105 3778 4160 Gre-

2229 4177 2378 4246 gorio
2401 4177 2544 4230 data.

2303 4256 2333 4284 ε
2360 4247 2565 4315 llegm.,
2594 4244 2931 4315 postularunt.

2309 4317 2326 4353 ¹
2360 4312 2494 4371 Euin
2526 4313 2659 4369 infra
2690 4315 2935 4369 comitem
2971 4312 3218 4381 appellat.
3248 4312 3312 4366 Et
3349 4326 3539 4368 revera
3566 4315 3779 4371 comites

562 4361 1221 4467 ίρι,; κεέῑ.έέ,’τρτῑι;;’έι;ῑέ,ῑι
1247 4361 2120 4467 35's.;;.;;._.}}g:§“i;§s.;.§aie
2155 4361 2206 4421 ο
2229 4386 2293 4441 ad
2322 4361 2617 4467 magna
2633 4361 3578 4467 negavimus;asamagis

559 4450 620 4568 r2|
643 4449 799 4570 sMaii;
824 4449 1021 4573 De9|;oc
1050 4455 1240 4509 iterum
1266 4449 1555 4526 Gregorius
1578 4449 1672 4510 lib'.
1691 4455 1757 4510 de
1778 4453 1956 4508 Gloria
1982 4456 2123 4509 Con-

582 4534 639 4573 cs
701 4558 715 4573 .
740 4534 770 4571 c
809 4535 859 4573 n.
964 4558 978 4573 .

520 4576 525 4581 η
561 4532 668 4573 tess
701 4558 715 4577 ,
740 4534 859 4584 cap.
892 4532 978 4575 ω.

634 4587 656 4625 ιλ
694 4588 803 4641 lloc
823 4598 981 4657 caput
1010 4591 1158 4645 deest
1189 4595 1238 4647 in
1269 4596 1429 4651 Corb.
1460 4604 1512 4651 et
1541 4595 1687 4650 Colb.
1716 4595 2023 4651 Ferreolum
2046 4597 2124 4651 uti

604 4666 863 4740 iartyrcm.
885 4660 1356 4740 pleriquecolunt.
1390 4667 1703 4740 Ejusvitam
1732 4682 1802 4740 ex
1833 4682 1931 4721 ms.
1959 4666 2126 4740 Tolo-

580 4740 696 4783 ‘ano
724 4729 891 4804 edidit
922 4729 1081 4786 Marc.
1114 4737 1238 4787 Ant.
1272 4729 1530 4790 Dominici
1556 4777 1569 4798 ,
1605 4736 1690 4789 ubi
1726 4736 1915 4790 festum
1957 4737 2125 4804 ipsius

638 4816 805 4854 nonas
826 4800 1062 4857 Januarii
1092 4804 1351 4859 celebrari
1374 4806 1587 4860 dicitur.
1611 4800 1991 4861 Monasterium
2009 4821 2127 4861 con-

590 4872 733 4949 ‘idit,
767 4872 1108 4949 regulamque
1122 4874 1379 4949 jcdpsit,
1413 4890 1516 4929 non
1544 4878 1705 4949 semel
1739 4878 1931 4949 editam
1954 4917 1977 4949 ,ί
2010 4892 2130 4945 quae

591 4946 795 4997 tinetur
817 4943 868 4995 in
896 4942 1087 4997 Codice
1122 4942 1429 5014 regularum
1464 4958 1512 5001 et
1546 4947 1598 5001 in
1626 4946 1921 5001 Concordia
1961 4942 2131 5003 Bene-

591 5014 692 5066 ‘.cti
726 5013 943 5066 Aniaua:
970 5015 1191 5070 abbatis.

642 5092 665 5121 ε
699 5083 774 5137 De
802 5083 1058 5155 Dynamio
1086 5102 1189 5141 non
1222 5087 1385 5142 semel
1435 5085 1570 5140 infra
1602 5087 1906 5153 Gregorius.
1942 5086 1988 5141 ls
2020 5086 2132 5155 ipse

592 5162 652 5205 st
695 5156 783 5220 qui
823 5154 1035 5221 scripsit
1074 5157 1246 5212 Vitam
1293 5158 1349 5213 S.
1381 5158 1525 5212 Marii
1571 5156 1774 5209 abbatis
1805 5154 2133 5212 Bodaneusis

588 5224 881 5293 ariditeccsi
912 5225 1275 5293 Sislaricensi,
1320 5228 1491 5282 Vitam
1532 5229 1587 5283 S.
1628 5228 1837 5281 Maximi
1883 5227 2129 5280 liciorum

612 5292 839 5368 piscnpi,
880 5306 1010 5361 etc.;
1042 5298 1241 5353 litteras
1266 5292 1396 5353 vero
1425 5314 1453 5351 a
1484 5298 1742 5368 Gregorio
1782 5297 1967 5366 Magno
2010 5312 2129 5350 cum

613 5362 775 5439 liquot
821 5369 1149 5439 munusculis
1190 5369 1403 5439 recepit.
1444 5362 1905 5439 Ejusd'etnlaudc's
1941 5368 2135 5439 cecinit

587 5430 897 5501 fortunatus
928 5435 1018 5487 lib.
1049 5450 1124 5497 vt,
1154 5430 1326 5491 carm:
1348 5440 1403 5492 11
1439 5430 1497 5491 et
1526 5438 1611 5501 i2,
1638 5437 1725 5491 ubi
1756 5439 1913 5491 etiam
1944 5436 2012 5489 de
2040 5438 2133 5490 Al-

588 5494 736 5575 lino,
766 5500 1045 5575 Jovinuct
1073 5494 1378 5573 Theodoro,
1412 5508 1477 5561 de
1508 5494 1700 5575 quibus
1730 5507 1815 5561 h’c
1846 5506 2135 5575 Gregorius

588 5578 631 5626 lt
654 5569 786 5623 Infra
817 5585 930 5638 cap.
961 5574 1042 5624 ll.

2301 4465 2331 4504 ε
2360 4456 2450 4511 Sic
2476 4451 2652 4509 Casin.
2677 4462 2729 4507 et
2751 4453 2898 4517 Bec.;
2922 4455 3026 4519 alii,
3057 4451 3123 4507 1η
3146 4462 3281 4506 terra
3307 4454 3613 4518 extenditur,
3641 4455 3725 4509 ad.

2301 4523 2328 4562 ιι
2362 4526 2449 4581 Sic
2474 4528 2597 4580 cod.
2629 4523 2849 4593 lli-gon;
2881 4524 2967 4577 alii
2993 4564 3008 4589 ,
3040 4525 3108 4576 ad
3128 4524 3277 4593 pedes
3299 4524 3499 4576 comitis
3522 4526 3779 4593 stupentis.

2307 4596 2321 4633 ί
2358 4595 2501 4651 Obiit
2541 4610 2682 4648 anno
2711 4591 2849 4656 581,
2893 4594 3026 4648 die'l
3060 4591 3217 4658 Julii,
3247 4608 3354 4661 quo
3378 4593 3494 4660 ejus
3532 4591 3778 4649 festivitas

2232 4665 2502 4727 recolilur.
2537 4664 2662 4735 Ejus
2690 4663 2864 4717 Vitam
2898 4664 3084 4735 hi:ibes_
3104 4664 3239 4718 inter
3270 4665 3424 4735 Acta_
3440 4661 3540 4717 SS.
3572 4661 3696 4718 0rd.
3727 4665 3778 4720 S.

2233 4736 2507 4791 Benedicti
2548 4730 2685 4790 Suec.
2730 4750 2778 4797 ι,
2821 4750 2870 4800 p.
2912 4734 3033 4787 267.
3064 4732 3193 4787 Item
3222 4733 3358 4798 apud
3386 4730 3697 4798 Gononum,
3733 4742 3779 4788 ct

2234 4808 2390 4861 simul
2420 4821 2540 4861 curn
2574 4806 2713 4861 libro
2740 4805 2806 4857 de
2833 4806 2948 4873 ejus
2980 4802 3265 4856 virtutibus
3295 4803 3520 4873 iu_tomo
3545 4800 3567 4873 _l
3601 4802 3779 4857 Biblio-

2236 4876 2405 4931 thecze
2433 4892 2584 4931 nova:
2624 4869 2960 4939 Labbeifex
3005 4887 3107 4938 qua
3157 4879 3299 4937 patet
3327 4869 3649 4936 Eparchium
3696 4873 3781 4927 tri-

2234 4948 2379 5016 gin‘a
2420 4944 2757 5016 solummde
2784 4952 2847 5016 et_
2866 4957 3052 4996 novem
3079 4955 3250 4994 annos
3274 4939 3544 5016 reclusum
3575 4940 3773 4996 vixisse.

2239 5009 2345 5071 Sed
2378 5018 2603 5070 fortasse
2628 5012 2915 5082 Gregorius
2945 5022 3109 5065 totum
3140 5020 3349 5077 tempus
3388 5009 3670 5079 designare
3698 5027 3779 5064 vo-

2239 5086 2357 5154 luit,
2385 5101 2449 5141 ex
2482 5100 2589 5151 quo
2619 5081 2908 5154 Eparchius
2936 5082 3285 5154 monasticam
3304 5088 3516 5154 vestem
3549 5094 3783 5154 suscepe-

2238 5166 2316 5211 rat
2343 5149 2392 5209 ’θ
2438 5149 2678 5209 unum
2706 5150 2979 5209 Seilaciani
3028 5149 3334 5205 monasterii
3368 5150 3581 5205 abbate.
3622 5149 3692 5204 De
3730 5165 3783 5205 eo

2238 5226 2427 5281 iterum
2458 5224 2743 5291 Gregorius
2789 5222 2876 5291 lib.
2920 5221 2987 5274 de
3022 5220 3170 5291 Glor.
3211 5218 3490 5291 confess.,
3522 5234 3642 5290 cap.
3675 5220 3783 5274 101.

2242 5296 2409 5366 Vulgo
2438 5290 2630 5349 dicitur
2653 5290 3141 5366 saiut_Cybai-,.sub
3177 5290 3331 5366 cujus
3372 5292 3595 5366 nomine
3627 5298 3786 5345 exstat

2238 5359 2615 5420 monasterium
2629 5361 2841 5418 Ordinis
2865 5359 3031 5414 nostri
3055 5375 3219 5429 prope
3234 5362 3421 5415 urbem
3434 5359 3783 5422 lnculismani;

2239 5436 2334 5489 sed
2364 5437 2478 5504 ejus
2502 5434 2738 5504 reliquiae
2769 5447 2796 5484 a
2826 5431 3137 5486 Calvinistis
3164 5434 3459 5485 combusta:
3496 5442 3622 5484 sunt
3662 5445 3784 5484 anno

2244 5504 2399 5559 1558.

2367 5575 2477 5629 lluc
2506 5584 2662 5645 caput
2690 5572 2835 5629 deest
2865 5571 2916 5625 iu
2951 5570 3100 5624 Colb.
3136 5580 3187 5627 et
3215 5570 3355 5626 Corb
3409 5580 3474 5625 At
3503 5571 3686 5641 chtn.
3710 5571 3766 5626 ba
