3942 6190
178 231 257 287 581
1103 226 1419 288 HISTORIA
1460 228 1901 287 FRANCORUM.
1943 226 2143 285 LIBER
2181 229 2472 290 SEXTUS.

3293 237 3398 295 382

179 355 406 417 aegrotare
427 346 607 417 erepit.
646 346 909 416 Tempore
946 347 1086 402 enim
1128 346 1526 401 Chlothacharii
1574 346 1714 415 regis
1745 347 1797 407 Α
1822 358 2131 413 gressuum,
2162 359 2303 400 caeco
2330 345 2358 382 ι’
2389 343 2699 400 restitueret
2729 344 2922 401 visum.
2942 345 3042 414 Qui
3065 355 3187 415 post
3209 347 3397 420 viginti

180 440 293 509 apud
316 439 539 494 Parisios
582 440 647 493 ad
694 439 964 493 basilicam
1012 440 1183 494 sancti
1214 440 1479 493 Laurentii
1512 447 1536 474 ι
1567 439 1712 509 gregi

184 534 502 588 nionasteriali
540 533 858 602 prmfucrat;
903 534 998 588 sed
1028 535 1279 603 quoniam
1304 575 1317 597 ,
1366 533 1713 587 Childeberto

182 625 356 679 seniore
395 624 603 678 vivente
628 664 644 686 ,
698 638 912 691 semper
940 622 1358 678 Chlothachario
1397 624 1506 691 regi
1539 622 1713 676 fidelis

181 714 366 779 exstitit,
396 724 445 768 et
471 714 685 769 nuntios
717 715 857 768 illius
880 715 942 767 ad
966 714 1349 783 speculandum
1378 713 1569 767 missos
1597 727 1715 766 crc-

182 807 303 860 brius
345 806 649 873 occulebat,
684 807 1092 876 praestolabatur
1120 809 1280 879 285
1308 822 1400 861 rex
1447 808 1615 859 locum
1662 806 1713 858 in

178 910 264 963 quo
286 894 611 963 pontiﬁcatus
643 896 901 951 honorem
922 897 1210 965 acciperet.
1236 896 1491 965 Migraute
1534 906 1710 948 autem

176 986 485 1040 Avenuiensis
511 985 749 1041 civitatis
779 986 1058 1056 pontiﬁce,
1090 986 1249 1041 istum
1279 986 1403 1040 illuc
1430 985 1560 1039 dare
1581 984 1713 1039 deli-

173 1074 435 1130 beraverat.
471 1077 577 1131 Sed
627 1078 816 1131 beatus
860 1077 1151 1131 Domnolus
1193 1077 1305 1130 haec
1344 1076 1564 1129 audiens
1589 1116 1603 1139 ,
1646 1077 1710 1130 ad

173 1165 411 1221 basilicam
436 1168 607 1223 sancti
626 1168 834 1222 Martini
864 1169 1142 1236 antistitis,
1169 1183 1276 1237 quo
1304 1181 1427 1222 tunc
1458 1169 1710 1223 Chlotha-

174 1256 353 1311 charius
376 1274 463 1312 rex
492 1259 559 1313 ad
590 1259 888 1314 orationem
921 1268 1160 1321 venerat,
1190 1259 1447 1323 accessit,
1480 1269 1531 1312 et
1557 1269 1712 1313 nocte

170 1356 262 1401 tota
287 1348 332 1402 iu
361 1350 553 1418 vigiliis
597 1349 901 1413 excubans,
950 1365 1045 1418 per
1076 1348 1283 1417 priores
1320 1349 1409 1418 qui
1456 1349 1707 1413 aderant,

168 1440 260 1508 regi
301 1442 682 1509 suggestionem
733 1441 911 1494 intulit
956 1450 1011 1494 ut
1057 1454 1161 1493 non
1189 1439 1340 1507 quasi
1373 1439 1614 1507 captivus
1642 1439 1709 1493 ab

166 1530 263 1598 ejus
289 1532 616 1602 elongaretur
649 1543 897 1602 aspectu,
929 1547 1027 1586 nec
1066 1532 1403 1598 permitteret
1452 1532 1707 1600 simplici-

166 1629 302 1677 tatem
333 1622 468 1677 illius
510 1624 654 1677 inter
694 1632 974 1678 senatores
1022 1622 1343 1691 sophisdcos
1390 1636 1452 1675 ac
1499 1621 1707 1690 judiccs

1816 435 1951 489 dnos
1996 437 2333 504 episcopatus
2380 450 2580 500 annos,
2630 436 2759 489 dum
2800 450 2858 491 se
2906 446 3153 492 cerneret
3202 425 3391 495 morbo

1815 526 1961 596 regio
2006 527 2317 595 calculoquc
2360 527 2679 595 gravissime
2726 525 2977 596 fatigari,
3034 527 3389 585 Theodulium

1814 612 2060 672 abbatem
2092 619 2142 672 in
2174 619 2348 673 locum
2372 634 2524 672 suum
2545 620 2836 689 praeelegit,
2867 621 3018 689 cujus
3038 623 3276 677 assensui
3296 637 3392 679 rex

1817 709 2043 776 praebuit
2073 710 2400 765 voluntatem
2434 728 2447 763 :
2477 712 2571 765 sed
2603 726 2706 765 non
2738 711 2965 766 multum
2999 720 3118 779 post
3147 722 3390 783 tempus,

1816 808 2015 852 mutata
2067 802 2367 863 sententia,
2420 802 2472 853 in
2522 800 2916 855 Badechisilum
2950 812 2970 839 ε
3003 800 3193 855 domus
3232 803 3393 871 regite

1816 889 2071 957 majorem
2099 892 2417 946 transfertur
2443 891 2660 945 electio.
2698 892 3136 957 Qui‘tonsuratus
3158 892 3389 961 gradus,

1813 993 1947 1048 quos
1975 980 2159 1034 clerici
2188 981 2506 1045 sortiuntur,
2532 981 2862 1046 ascendens,
2895 990 3015 1051 post
3039 982 3391 1052 quadraginta

1814 1070 1946 1136 dies,
1981 1072 2245 1141 migrante
2273 1072 2578 1137 sacerdote,
2609 1071 2901 1127 successit.

1885 1162 1952 1215 Χ.
1988 1161 2078 1215 llis
2105 1161 2133 1199 ἀ
2162 1162 2349 1216 diebus
2395 1163 2611 1216 basilica
2655 1162 2825 1217 sancti
2877 1162 3087 1217 Martini
3118 1179 3153 1218 a
3178 1163 3388 1219 furibus

1814 1252 2032 1317 effracta
2060 1254 2176 1307 fuit.
2210 1253 2311 1318 Qui
2343 1265 2602 1321 ponentes
2626 1254 2690 1308 ad
2718 1248 3005 1306 feneStram
3038 1253 3235 1307 absidzc
3262 1269 3392 1309 can-

1811 1343 2027 1409 cellum,
2058 1345 2147 1413 qui
2192 1358 2357 1412 super
2389 1344 2648 1398 tumulum
2680 1344 2955 1412 cujusdam
2989 1342 3221 1399 defuncti
3252 1355 3387 1411 erat,

1811 1437 2163 1492 ascendentes
2204 1454 2299 1506 pcr
2325 1453 2472 1505 eum,
2522 1438 2737 1493 effracta
2764 1438 2932 1493 vitrea
2971 1449 3093 1494 sunt
3140 1441 3387 1508 ingressi,

1810 1528 2222 1598 auferentesque
2254 1529 2477 1582 multum
2510 1530 2623 1582 auri
2654 1529 2983 1599 argentique,
3024 1538 3078 1585 et
3106 1531 3387 1599 palliorum

1813 1618 2259 1685 holosericorum,
2293 1619 2561 1686 abierunt,
2617 1635 2721 1673 non
2752 1629 3049 1677 metuentes
3077 1638 3240 1691 super
3264 1640 3387 1679 san-

165 1711 524 1781 philosophicas
554 1712 787 1782 fatigari,
823 1726 1070 1767 asserens
1102 1712 1243 1765 hunc
1277 1712 1453 1766 locum
1487 1711 1703 1764 humili-
1741 1709 1783 1765 Β
1810 1720 1950 1765 ctum
1976 1714 2282 1781 sepulcrum
2318 1714 2505 1782 pedem
2539 1728 2758 1782 ponere,
2792 1716 2878 1770 ubi
2909 1718 2995 1770 vix
3020 1718 3100 1771 vel
3126 1734 3186 1772 os
3214 1720 3388 1788 appli-

163 1802 269 1856 tatis
300 1803 391 1857 sibi
434 1818 560 1858 esse
608 1803 785 1872 potius
809 1844 826 1870 ,
855 1812 1028 1871 tquam
1067 1802 1307 1855 honoris.
1338 1802 1418 1855 Ad
1470 1802 1580 1854 haec
1612 1812 1705 1855 rex

163 1906 396 1961 annuens,
425 1894 693 1963 migrante
718 1893 1043 1947 'lnnocentio
1070 1892 1539 1947 Genomannorum
1585 1893 1705 1960 epi-

161 1996 318 2053 scopo,
343 1985 516 2053 ipsum
550 1985 802 2039 Ecclesiae
826 1985 903 2038 illi
934 1984 1227 2039 antistitem
1260 1980 1564 2039 destinavit.
1589 1983 1704 2037 Jam

162 2085 399 2145 assumpto
419 2078 758 2145 episc0patu,
785 2074 945 2129 talem
972 2092 1029 2129 se
1059 2084 1369 2145 tantumque
1393 2075 1708 2144 prtebuit,ut

162 2166 204 2218 in
227 2181 431 2223 summae
462 2168 775 2225 sanctitatis
804 2166 1014 2222 culmen
1047 2176 1262 2222 evectus
1284 2208 1299 2232 ,
1340 2167 1501 2222 debili
1554 2182 1706 2223 usum

162 2299 233 2371 bet
259 2301 336 2358 hic
362 2301 680 2357 Mummolus
702 2345 717 2367 ,
749 2303 844 2359 sed
870 2304 1037 2367 infra,
1068 2314 1121 2356 ut
1152 2304 1332 2360 cmteri
1356 2344 1372 2371 ,
1401 2303 1705 2359 Domnolus.

160 2370 451 2442 Subscripsit
479 2388 639 2429 conc.
662 2374 862 2429 Turon.
894 2392 955 2441 ιι,
988 2390 1076 2429 an.
1110 2374 1235 2428 567.

219 2451 240 2512 ξ
269 2443 381 2498 llaic
407 2444 634 2499 basilica
652 2447 811 2499 etiam
842 2460 984 2499 nunc
1004 2454 1221 2511 perstat,
1241 2444 1527 2512 parochiali
1553 2445 1711 2500 tittth

161 2510 395 2581 insignita.
425 2514 518 2569 ubi
553 2517 736 2583 paucis
763 2518 829 2570 ab
862 2516 985 2570 hinc
1014 2516 1167 2568 annis
1196 2510 1403 2582 reperta
1430 2526 1552 2569 sunt
1571 2518 1709 2569 anti-

161 2596 242 2649 qua
257 2586 584 2655 _sarcophaga
606 2601 821 2655 gypsea,
850 2602 969 2655 qua:
991 2596 1286 2654 nongentos
1302 2587 1517 2640 circiter
1538 2601 1708 2640 annos

162 2653 510 2725 praeferebant.
527 2653 738 2725 'quibus
764 2653 964 2723 apertis
992 2653 1157 2725 nigra:
1177 2664 1354 2709 vestes
1374 2694 1391 2719 ,
1429 2664 1485 2711 et
1524 2670 1710 2710 mona-

160 2721 347 2778 chorum
369 2721 581 2795 effigies
604 2728 729 2780 visat
751 2721 894 2788 sunt,
914 2727 1009 2781 sed
1032 2721 1149 2794 quas
1173 2734 1229 2779 ut
1253 2727 1480 2793 primum
1508 2727 1708 2793 puriori

160 2805 259 2847 aere
278 2796 462 2850 amatae
496 2798 737 2858 fuerunt,
763 2800 813 2850 in
836 2798 1108 2864 pulverem
1138 2806 1262 2851 sunt
1284 2797 1534 2861 redactai,
1563 2798 1706 2865 quod

161 2874 279 2925 sape
308 2866 456 2921 nobis
490 2877 719 2923 testatus
741 2877 821 2921 est
847 2866 908 2921 V.
933 2868 1016 2921 Gl.
1049 2868 1296 2921 Nicolaus
1317 2867 1583 2934 Gobillon,
1610 2867 1709 2921 do-

160 2942 253 3005 etor
268 2936 614 3005 Sorbonicus,
633 2939 873 3005 ejusdem
889 2937 1134 2992 ecclesiae
1158 2947 1355 3003 pastor,
1369 2947 1421 2992 et
1435 2936 1705 2991 illustriss.

160 3004 524 3077 archiepiscopi
563 3004 727 3062 Paris.
759 3010 985 3062 vicarius
1015 3010 1294 3077 generalis.
1331 3009 1555 3061 Basilica
1583 3023 1708 3061 san-

1810 1820 1935 1860 care
1980 1808 2374 1874 praesumimus.
2422 1806 2525 1861 Sed
2553 1806 2720 1861 virtus
2749 1809 2917 1861 sancti
2949 1810 3116 1863 voluit
3147 1809 3388 1865 hanc-tc-

1814 1898 2114 1953 meritatem
2164 1898 2325 1952 etiam
2360 1912 2479 1952 cum
2507 1896 2707 1966 judicio
2753 1899 3097 1954 manifestare
3137 1901 3383 1955 terribili.

1808 1992 1938 2047 Nam
1972 1992 2025 2045 hi
2057 1982 2361 2060 perpetrato
2388 1990 2589 2045 scelere
2620 1991 2683 2042 ad
2718 1991 3161 2059 Burdegalensem
3201 1992 3385 2046 civita-

1811 2093 1914 2137 tem
1950 2082 2248 2147 venientes,
2309 2091 2429 2135 orto
2470 2081 2743 2149 seandalo,
2780 2097 2917 2135 unus
2946 2083 3169 2136 alterum
3216 2083 3384 2138 inter-

1808 2177 1967 2241 emit;
1992 2176 2173 2244 sicque
2193 2174 2455 2242 patefacto
2474 2189 2659 2243 opere,
2683 2172 2879 2241 furtum
2906 2185 3172 2243 repertum
3189 2186 3291 2243 est,
3320 2190 3382 2231 ac

1812 2319 1935 2385 post
1958 2311 2255 2385 Innocentii
2280 2310 2485 2385 obitum
2515 2312 2875 2385 vacassegdiu,
2904 2313 3067 2385 immo
3095 2325 3150 2369 et
3174 2316 3381 2385 aliquot

1810 2382 2064 2455 annis_ab
2109 2381 2423 2436 Scienfredo
2464 2381 2920 2455 pseudoepiseopo
2950 2384 3111 2455 fuisse
3149 2381 3380 2455 occupa-

1811 2462 1937 2505 tam.
1962 2451 2078 2506 Jam
2101 2466 2228 2505 vero
2250 2459 2430 2505 noster
2457 2450 2744 2523 Gregorius
2774 2453 2985 2521 scripsit
3013 2450 3333 2511 Domnolum
3363 2499 3381 2523 ,

1810 2533 2095 2590 antequam
2124 2531 2266 2576 esset
2293 2523 2594 2589 episeOpus,
2628 2522 2869 2576 abbatem
2902 2525 2960 2577 S.
2991 2523 3257 2579 Laurentii
3282 2526 3381 2579 Pa-

1810 2593 1951 2664 risiis
1970 2592 2172 2664 fuisse,
2189 2592 2460 2664 Chlotario
2485 2594 2597 2664 regi
2625 2594 3051 2660 acceptissimum
3076 2635 3090 2659 ,
3113 2596 3180 2648 ab
3203 2611 3380 2664 eoque

1812 2660 2175 2733 Avenioueusi
2216 2661 2329 2715 sedi
2358 2660 2677 2733 destinatum
2701 2702 2716 2724 ,
2746 2678 2904 2731 quam
2946 2664 3035 2717 ille
3082 2660 3342 2733 respuens
3363 2707 3382 2731 .

1814 2741 1993 2799 postea
2024 2732 2482 2786 Cenomannensis
2524 2731 2805 2799 episcopus
2849 2732 3017 2786 factus
3056 2734 3144 2786 sit.
3176 2731 3258 2790 De
3298 2736 3382 2791 his

1815 2803 1945 2856 nihil
1974 2804 2191 2856 omnino
2218 2801 2350 2855 Vita:
2386 2813 2587 2865 auCIor,
2631 2802 2723 2854 sed
2772 2804 3035 2855 contraria
3082 2806 3220 2872 apud
3260 2821 3380 2860 eum

1813 2888 1919 2927 non
1949 2872 2189 2926 invenias
2213 2890 2226 2926 :
2254 2872 2416 2925 immo
2432 2887 2558 2925 vero
2582 2872 2693 2939 ipse
2714 2880 2938 2925 testatur
2960 2887 3020 2927 se
3044 2872 3212 2928 Vitam
3238 2875 3380 2931 beati

1813 2943 1911 2997 viri
1942 2943 2264 3010 scripturum
2288 2942 2354 2995 ab
2382 2957 2446 3012 eo
2472 2942 2805 2996 solununodo
2835 2952 3095 3011 tempore,
3125 2960 3230 3012 quo
3259 2948 3378 3000 sedi

1813 3012 2238 3068 Cenomannensi
2266 3011 2541 3080 praefuisse
2564 3012 2725 3079 cmpit
2754 3030 2765 3064 :
2794 3012 2866 3065 Ab
2896 3013 3006 3078 illo,
3033 3011 3223 3082 inquit,
3254 3024 3379 3069 tent-

157 3073 212 3153 ειὶ
246 3073 482 3153 Martini,
648 3094 866 3153 quoque
898 3073 1231 3153 memorata,
1262 3078 1395 3153 haud
1449 3079 1632 3153 procul
1673 3094 1702 3131 a
1734 3080 1777 3142 C
1810 3100 1951 3153 pore,
1976 3073 2375 3151 anspicabirimr,
2400 3098 2508 3149 quo
2524 3098 2616 3135 nos
2638 3073 2859 3153 glorioso
2894 3073 3228 3137 suo'adv'entn
3263 3086 3384 3139 illa.

159 3141 484 3216 Laurentiana
522 3141 713 3203 dissita
753 3141 867 3216 est,
897 3150 1055 3203 hodie
1082 3149 1181 3203 sub
1218 3141 1387 3203 sancti
1418 3141 1627 3203 Martini
1668 3164 1698 3202 a

157 3214 341 3287 Qampis
370 3222 595 3274 nomine
626 3214 888 3285 celebris,
920 3221 986 3274 de
1017 3234 1117 3287 qua
1151 3220 1243 3274 lib.
1274 3235 1290 3272 ι
1318 3220 1383 3273 de
1424 3220 1605 3273 Mirac.
1641 3220 1697 3275 S.

157 3282 359 3359 Martini,
389 3306 515 3359 cap.
546 3290 633 3345 19.
661 3291 829 3345 Porro
850 3282 1091 3344 Cointius
1113 3290 1177 3343 ad
1209 3305 1404 3343 annum
1436 3289 1541 3343 655
1579 3290 1702 3343 inli-

156 3356 303 3429 ciatur
348 3356 676 3415 Domnolum
731 3377 961 3429 unquam
1019 3360 1264 3414 abbatem
1319 3360 1378 3415 8.
1435 3360 1704 3413 Laurentii

158 3422 318 3505 luisse,
350 3432 768 3505 totumquerhoc
795 3422 1138 3505 Gregorianae
1171 3431 1406 3505 historiae
1435 3440 1594 3505 caput
1621 3445 1703 3483 re-

156 3498 275 3571 ficit,
306 3498 564 3571 tanquam
606 3504 673 3557 ab
721 3498 969 3570 imperito
1018 3501 1396 3569 interpolatore
1435 3500 1703 3571 additum;

157 3567 291 3643 idque
314 3573 381 3625 ob
408 3567 552 3625 duas
576 3567 909 3643 potissimum
940 3567 1174 3643 rationes
1205 3589 1216 3623 :
1253 3572 1306 3625 1°
1328 3572 1467 3643 quod
1491 3586 1517 3623 a
1546 3570 1701 3625 codd.

156 3638 293 3713 Eorb.
324 3653 374 3697 et
394 3638 774 3706 Colbfahsit;
800 3644 859 3697 2°
888 3642 1026 3713 quod
1050 3642 1213 3695 multa
1243 3643 1295 3695 in
1322 3638 1389 3695 eo
1414 3642 1710 3713 habeantur

156 3706 269 3763 Vita:
296 3714 348 3767 S.
378 3714 513 3767 Dom
529 3713 659 3778 noli,
684 3714 750 3767 ab
771 3706 987 3768 auctore
1010 3713 1157 3781 gravi
1179 3722 1231 3766 et
1256 3712 1445 3779 aequali
1474 3712 1707 3777 scriptae,

158 3781 350 3837 omnino
372 3784 889 3840 contraria.\’erum
912 3784 1050 3853 quod
1082 3791 1238 3849 caput
1259 3781 1399 3837 istud
1431 3783 1481 3853 in
1509 3782 1712 3851 aliquot

156 3854 343 3921 scriptis
370 3853 740 3918 desideretur,
772 3870 877 3908 non
908 3852 1049 3908 imus
1079 3854 1317 3917 inficias;
1360 3852 1451 3906 sed
1498 3868 1617 3906 cum
1658 3853 1710 3905 in

156 3922 277 3995 aliis,
306 3934 357 3995 et
384 3924 614 3995 quidem
647 3928 871 3979 vetustis
897 3936 953 3979 et
983 3925 1197 3995 optima:
1231 3933 1372 3976 nota:
1399 3924 1582 3987 codd,
1608 3924 1713 3995 sci-

157 3990 264 4047 licet
301 3990 559 4052 Beccensi
587 4036 603 4058 ,
634 3996 839 4058 Casin.,
884 3990 1034 4060 etc.,'
1060 3994 1339 4057 habeatur,
1379 3995 1615 4062 nihilque
1656 3991 1713 4047 in

157 4075 213 4136 eo
226 4076 464 4121 occurrat
484 4065 635 4136 quod
658 4081 685 4119 a
704 4066 943 4135 Gregorii
965 4064 1120 4133 genio
1135 4073 1226 4136 aut
1245 4066 1386 4133 stylo
1405 4064 1710 4136 abhorreat,

156 4130 307 4205 ipsum
337 4130 611 4205 Gregorio
656 4130 1083 4205 ahjudicarihon
1115 4130 1311 4205 debere
1342 4136 1411 4188 ob
1455 4134 1592 4189 hanc
1630 4150 1715 4188 ra-

158 4203 330 4272 tionem
360 4203 769 4262 con—tendimus.
798 4208 949 4272 Quod
982 4220 1109 4260 vero
1139 4206 1204 4258 ad
1235 4204 1371 4258 Vitae
1392 4206 1449 4260 8.
1472 4206 1716 4262 Domnoli

155 4269 449 4345 scriptorem
481 4280 701 4345 attinet,
729 4269 938 4332 animus
965 4292 1068 4330 non
1096 4288 1177 4330 est
1198 4275 1285 4328 hic
1308 4276 1374 4329 de
1396 4277 1512 4341 ejus
1535 4286 1717 4331 aucto-

156 4342 295 4417 ritate
336 4342 693 4417 disceptare,
738 4365 804 4402 an
861 4356 1004 4401 tanta
1052 4347 1261 4401 censeri
1312 4346 1541 4409 debeat,
1597 4363 1717 4417 qua:

154 4414 373 4487 Gregorii
406 4414 648 4482 textum,
680 4420 850 4487 qualis
880 4433 1021 4470 nunc
1048 4424 1251 4479 exstat,
1284 4418 1451 4483 possit
1479 4414 1709 4487 elevare.

154 4480 202 4536 ld
230 4480 382 4541 unum
410 4480 670 4555 dicimus,
698 4480 905 4543 diversa
934 4490 1001 4543 ab
1028 4487 1110 4541 his
1132 4480 1440 4541 auctoribus
1464 4486 1531 4541 de
1557 4489 1711 4543 Dom-

156 4554 265 4627 t_tolo
292 4560 564 4623 enarrari,
590 4560 686 4612 sed
719 4575 822 4613 non
854 4557 1145 4613 contraria.
1180 4558 1245 4611 Et
1265 4556 1477 4627 quidem
1507 4573 1624 4625 quae
1645 4561 1715 4616 de

154 4620 393 4681 Domnolo
431 4620 557 4697 jam'
584 4631 871 4697 episcopo,
914 4635 1007 4681 aut
1044 4629 1110 4682 de
1154 4620 1489 4697 ejus'morte
1524 4620 1717 4686 'narrat

153 4704 318 4767 uoster
345 4698 677 4767 Gregorius,
710 4716 738 4753 a
771 4715 901 4755 vero
945 4713 1049 4752 non
1086 4698 1408 4767 abhorrent,
1451 4714 1549 4753 nec
1590 4710 1715 4754 sunt

157 4760 273 4840 \fitte
293 4760 499 4840 auctori
530 4760 803 4836 Opposita,
832 4779 890 4822 ut
918 4769 1031 4835 ipse
1050 4768 1291 4840 Cointius
1314 4765 1528 4823 fatetur.
1551 4770 1713 4840 Equi-

157 4833 277 4909 dem_
293 4838 429 4894 duos
466 4833 814 4894 solummodo
840 4833 998 4905 supra
1028 4838 1210 4907 viginti
1240 4854 1409 4891 annos
1439 4833 1712 4909 episcopa-

157 4910 228 4957 tus
254 4907 516 4980 Domnulo
551 4911 733 4963 tribuit
762 4911 1047 4980 Gregorius
1066 4949 1081 4972 ,
1113 4908 1469 4980 quo‘dCointii
1508 4907 1714 4966 calculo

156 4988 247 5028 non
266 4979 520 5047 quadrat;
557 4990 611 5032 at
638 4981 691 5033 id
721 4980 852 5034 Vita:
877 4979 1105 5043 auctori,
1136 4979 1276 5047 quod
1303 4995 1463 5033 unum
1495 4981 1711 5048 inquiri-

155 5057 285 5111 mus,
315 5064 418 5105 non
446 5051 786 5116 adversatur,
818 5050 907 5119 qui
955 5065 1052 5103 nec
1096 5058 1307 5117 tempus
1356 5050 1502 5104 initae
1539 5052 1711 5117 sedis,

155 5126 241 5189 nec
284 5120 531 5173 Domnoli
582 5120 757 5174 obitus
798 5136 995 5174 annum
1036 5119 1354 5189 designavit.
1388 5119 1502 5174 Non
1552 5123 1713 5178 etiam

157 5184 474 5259 refragantur
495 5199 678 5243 vetera
712 5192 1061 5245 instrumenta
1085 5207 1099 5254 ;
1134 5184 1295 5244 immo
1318 5191 1713 5259 Papebrochius

156 5254 236 5319 qui
260 5254 320 5309 ad
345 5259 489 5313 diem
534 5260 603 5313 16
632 5261 750 5314 Maii
780 5260 1106 5315 Bollandiani
1142 5254 1591 5314 eamdem'Vitam
1625 5278 1712 5318 re-

156 5320 263 5389 fert,
287 5337 338 5382 et
356 5328 677 5401 Gregorium
710 5332 1081 5397 interpolatum
1113 5330 1277 5383 fuisse
1320 5332 1617 5398 suspicatur
1644 5334 1713 5389 ob

157 5407 275 5447 mss.
299 5400 457 5453 codd.
480 5400 733 5454 Attamen
760 5401 1069 5455 Domnolum
1094 5411 1215 5469 post
1237 5401 1307 5453 22
1322 5415 1491 5455 annos
1506 5403 1714 5465 episco-

160 5473 297 5539 Palus
340 5483 711 5539 successorem
758 5472 1041 5538 impetrare
1088 5470 1325 5539 potuisse
1374 5472 1600 5538 fatetur,
1647 5490 1713 5529 eo

161 5535 291 5610 quod
312 5538 455 5610 utilia
485 5541 687 5593 mentio
716 5535 959 5596 Doninoli
986 5535 1223 5610 episcopi
1252 5535 1713 5600 Cenomanncnsis

167 5607 214 5652 iu
238 5607 377 5679 actis
392 5610 621 5675 publicis
656 5622 899 5664 occurrat
928 5607 1051 5665 ante
1082 5607 1374 5665 concilium
1400 5613 1439 5665 Τ
1444 5626 1599 5666 uron.
1633 5630 1702 5679 ll,

165 5683 293 5729 anno
321 5678 454 5745 5‘57,
487 5687 541 5733 et
564 5690 763 5735 certum
795 5683 862 5737 sit
896 5680 1388 5740 Cenomauucnscm
1427 5678 1709 5741 ecclesiam

1808 3151 1986 3216 atrare,
2001 3154 2352 3220 nobiscumque
2368 3169 2569 3224 "iuuere
2585 3151 2650 3205 eai
2666 3151 2762 3205 Dei
2776 3154 3087 3219 providentia
3093 3157 3122 3224 j
3128 3171 3274 3209 ussus
3286 3166 3382 3213 est.

1808 3225 1943 3278 Eum
1974 3225 2150 3290 itaque
2179 3230 2297 3291 post
2326 3223 2515 3276 multas
2545 3224 3027 3294 peregrinationes,
3067 3223 3119 3278 et
3160 3226 3380 3294 quidem

1802 3295 1910 3363 jam
1940 3295 2246 3361 episcopum
2276 3304 2667 3356 consecratum,
2692 3292 3069 3348 Ccnomannos
3097 3292 3383 3351 advenisse

1808 3373 2011 3428 narrat,
2028 3364 2310 3433 statimque
2328 3379 2357 3416 a
2374 3364 2519 3418 clero
2537 3366 2798 3431 etpopulo
2820 3365 3046 3418 electum
3071 3365 3252 3420 fuisse.
3275 3366 3382 3421 Sed

1808 3434 1941 3505 nihil
1986 3448 2201 3501 prorsus
2240 3434 2403 3488 habet
2449 3434 2516 3488 de
2557 3435 2916 3488 anteriorihus
2952 3436 3295 3505 gestis,qun:
3317 3452 3383 3494 ex

1811 3504 2052 3573 Gregorii
2098 3512 2257 3573 textu,
2293 3513 2537 3570 repetere
2577 3506 2706 3558 nihil
2752 3515 2915 3558 vetat.
2949 3504 3119 3558 lmmo
3148 3504 3382 3560 maxima

1811 3572 1948 3628 inter
1968 3583 2209 3627 sanctum
2230 3572 2551 3628 Germanum
2565 3574 2940 3643 Parisiensem,
2959 3583 3014 3629 et
3030 3578 3201 3644 ipsum
3228 3576 3386 3631 Dom-

1810 3644 1992 3697 nolum
2027 3644 2391 3707 familiaritas,
2425 3660 2543 3712 quin
2567 3660 2798 3713 semper,
2830 3646 2947 3714 ipso
2969 3647 3135 3699 etiam
3167 3656 3389 3701 auctore

1812 3714 1949 3785 Vita)
1993 3722 2312 3785 attestante,
2343 3716 2529 3781 viguit,
2558 3715 2819 3784 Gregorio
2870 3726 3053 3771 nostro
3098 3716 3238 3785 favet
3262 3759 3275 3783 ,
3301 3718 3389 3785 qui

1813 3784 2129 3838 Domnolum
2158 3784 2211 3837 in
2240 3784 2352 3851 ipsa
2380 3785 2667 3839 Parisiensi
2695 3785 2913 3838 civitate
2936 3786 3182 3839 abbatem
3221 3784 3388 3843 fuisse

1813 3855 2048 3921 scripsit,
2071 3868 2135 3907 eo
2156 3867 2285 3907 sane
2304 3864 2543 3922 tempore
2560 3871 2665 3918 quo
2688 3856 2879 3909 beatus
2892 3854 3191 3908 Germanus
3213 3855 3387 3912 eidem

1815 3923 1933 3977 urbi
1960 3926 2244 3991 cpiscopus
2274 3934 2517 3991 praeerat.
2547 3925 2671 3978 ΙΙωο
2694 3925 2848 3991 paulo
2869 3924 3036 3976 fusius
3066 3925 3383 3981 necessitate

1814 4003 2038 4062 cogente
2084 4003 2423 4048 tractavimus
2460 3994 2525 4046 ad
2556 3993 2935 4047 vindicandum
2969 3992 3208 4061 Gregorii
3262 4005 3391 4049 tex-i

1816 4072 2023 4117 tum.—
2051 4062 2110 4117 S.
2126 4063 2420 4118 Domnolus
2433 4064 2643 4118 celebre
2668 4077 2852 4117 monas
2865 4063 3051 4117 terium
3066 4065 3116 4117 in
3134 4065 3391 4120 suburbio

1814 4132 2234 4189 Cenomanuensi
2263 4133 2565 4188 condiditin
2597 4137 2856 4189 honorem
2882 4134 2941 4190 S.
2975 4133 3261 4200 Vincentii,
3294 4135 3388 4191 ubi

1816 4205 2056 4274 sepultus
2080 4212 2179 4258 est.
2210 4204 2361 4270 Quod
2393 4204 2554 4259 etiam
2573 4219 2712 4259 nunc
2737 4214 3043 4273 perseverat
3067 4204 3167 4257 sub
3188 4205 3390 4260 Ordine

1817 4276 1984 4329 Sancti
2018 4274 2287 4329 Benedicti
2316 4287 2367 4329 et
2397 4277 2565 4345 Cong.
2594 4276 2649 4331 8.
2683 4276 2867 4345 Mauri,
2886 4274 3103 4345 abbatis
3132 4279 3391 4345 regularis

1818 4345 2097 4412 privilegio
2124 4346 2379 4414 gaudens.
2404 4344 2611 4414 Corpus
2631 4346 2688 4399 S.
2714 4344 2972 4399 antistitis
3011 4361 3041 4399 e
3070 4344 3215 4399 terra
3244 4348 3387 4401 leva-

1823 4423 1935 4469 tum
1963 4416 2061 4469 fuit
2089 4431 2235 4470 anno.
2260 4416 2417 4478 H21,
2450 4418 2517 4469 ab
2541 4416 2855 4470 Hildeberto
2880 4417 3048 4480 episc.
3073 4416 3379 4471 Cenoman-

1742 4460 1794 4519 θ
1820 4487 1992 4554 nensi,
2026 4498 2289 4551 prmseute
2324 4460 2556 4541 Fulcone
2589 4484 2800 4554 juniore
2840 4460 3246 4541 Andecavorum
3300 4504 3391 4543 co-

1820 4556 1980 4621 mite,
2028 4566 2085 4609 ut
2114 4573 2177 4611 ex
2224 4560 2407 4610 charta
2438 4558 2675 4625 ejusdem
2726 4558 3037 4612 mouaSterii
3087 4558 3390 4615 didicimus.

1818 4626 1990 4683 liodie
2018 4639 2261 4682 servatur
2292 4629 2347 4681 in
2381 4627 2533 4682 theca
2556 4635 2961 4698 argenteaauro
2994 4628 3178 4692 linita,
3211 4629 3391 4698 operis

1818 4698 2247 4766 exquisitissimi,
2285 4712 2442 4767 quam
2482 4698 2766 4752 cardinalis
2802 4697 3222 4768 Luxemhurgius
3249 4697 3391 4754 ilieri

1816 4769 2039 4820 curavit.

1889 4836 1916 4874 δ
1951 4836 2186 4890 Claudus
2233 4838 2599 4906 appellabatur
2649 4839 2947 4906 Rainarius,
2998 4849 3052 4895 et
3097 4839 3183 4894 hic
3219 4852 3392 4893 caicus

1820 4906 2080 4975 Siagrius,
2107 4922 2171 4960 ex
2204 4905 2335 4962 Vitae
2364 4919 2601 4964 auctore.

1894 4986 1915 5014 ο
1946 4978 2156 5045 Begm.,
2201 4976 2575 5033 Baldechilum.
2615 4981 2662 5034 ls
2698 4989 2780 5035 est
2824 4978 3180 5046 Badegisilus,
3217 4986 3273 5030 ut
3301 4977 3390 5030 ha-

1818 5047 1911 5101 bet
1937 5048 2157 5109 Chesn.,
2194 5049 2261 5101 de
2286 5064 2392 5116 quo
2423 5064 2526 5115 non
2553 5053 2715 5105 semel
2742 5050 2874 5103 infra
2906 5046 3214 5116 Gregorius.
3243 5049 3383 5101 Sub-

1820 5117 2032 5185 scripsit
2073 5131 2226 5170 conc.
2260 5117 2468 5173 M‘atisc.
2501 5134 2566 5183 Il,
2599 5137 2687 5174 an.
2722 5117 2845 5171 585.
2878 5118 3067 5171 Mirum
3097 5127 3183 5170 est
3209 5128 3390 5173 autem

1818 5187 1886 5241 de
1912 5203 1975 5240 eo
2000 5186 2129 5240 nihil
2159 5201 2378 5255 prorsus
2408 5189 2588 5242 haberi
2622 5192 2671 5242 iu
2714 5188 2849 5241 actis
2878 5188 3250 5255 episc0porum
3282 5188 3391 5243 Ce-

1820 5272 2099 5321 nomauu.,
2150 5271 2269 5323 qua:
2324 5267 2466 5312 tomo
2525 5258 2587 5311 Ill
2630 5258 2869 5312 Analect.
2921 5256 3191 5312 Mabillon.
3248 5258 3393 5314 edita

1822 5337 1964 5382 sunt.
2007 5326 2137 5381 Vide
2157 5326 2250 5397 lib.
2280 5342 2347 5397 nt
2374 5328 2555 5380 Mirac.
2597 5328 2653 5382 S.
2696 5326 2943 5394 Martini,
2976 5343 3094 5397 cap.
3146 5327 3236 5383 35.
3271 5328 3395 5387 [late

1824 5397 1993 5478 prima
2018 5404 2121 5463 est,
2142 5398 2194 5450 ni
2221 5395 2395 5463 fallor,
2422 5398 2621 5453 mentio
2644 5398 2861 5467 majoris
2882 5395 3069 5454 domus
3094 5400 3233 5470 apud
3260 5399 3394 5455 Gre-

1821 5483 2061 5594 εοέηἰῗὲξ
2091 5553 2207 5607 cap.
2242 5537 2389 5593 deCSl
2413 5539 2464 5594 in
2494 5539 2657 5598 Corb.
2691 5550 2743 5599 οι
2772 5539 2923 5599 Colb.
2950 5558 2965 5608 ἱ
3014 5550 3188 5598 θιδωι
3213 5549 3396 5597 tamen

1820 5609 1955 5681 apud
1990 5610 2239 5681 Frcdcg.,
2270 5624 2388 5681 cap.
2421 5612 2508 5668 87.
