3942 6190
473 207 581 265 583

1507 183 1566 240 S.
1606 174 1936 237 GREGORII
1979 164 2282 223 EPISCOPI
2320 160 2745 218 TURONENSlS

3634 148 3745 204 584

470 306 536 362 de
566 298 812 369 hospitali
830 312 1016 354 eorum
1039 296 1205 367 236
1226 301 1500 361 argentum
1523 293 1909 347 comminutum
1938 295 1963 322 ει
1994 291 2047 337 et
2078 313 2090 338 Α

2196 275 2329 329 Lliam
2357 272 2587 344 ingredi,
2612 270 2911 327 obsistente
2930 264 3213 338 Dynamio,
3244 278 3353 318 non
3375 260 3610 318 valebat.
3635 262 3753 317 Sed

472 394 625 465 pallia
654 402 777 446 sunt
805 396 1064 443 extracta.
1087 385 1239 453 Quod
1257 399 1376 437 cum
1408 384 1519 452 regi
1543 382 1845 450 Chilperico
1866 378 1893 416 δ
1916 393 2051 432 nun-

474 487 659 539 tiatum
712 481 918 542 fuisset,
966 477 1126 551 jussit
1169 492 1265 531 eos
1305 474 1510 543 alligari
1562 472 1810 539 vinculis,
1859 478 1915 524 et
1955 483 2053 524 suo

475 574 784 642 conspectui
816 568 1149 638 praesentari.
1182 567 1332 627 Tunc
1361 579 1462 634 ego
1492 573 1760 629 metuens,
1793 577 1859 615 ne
1888 560 1959 614 ob
1986 560 2054 613 il-

477 669 580 721 lius
611 678 826 718 causam
860 660 1110 721 homines
1140 655 1615 732 morerentur,qui
1647 654 1830 717 vivens
1853 653 1906 706 in
1932 665 2056 705 cor-

478 770 608 825 pore
662 767 760 822 pro
806 750 1133 819 perditorum
1184 748 1293 803 vita
1338 747 1532 816 sacpius
1582 746 1897 812 deprecatus
1950 748 2056 809 est,

480 846 762 915 epistolam
802 844 914 909 regi
963 841 1285 911 precationis
1337 839 1634 907 transmisi,
1690 852 1758 891 ne
1813 834 2057 895 nostrisc

483 956 589 995 non
624 937 1026 999 accusantibus,
1060 939 1124 990 ad
1154 951 1289 1004 quos
1318 934 1625 1004 prosecutio
1656 930 1977 997 pertinebat,
2010 927 2060 980 lii

486 1029 938 1093 interficerentur.
995 1026 1148 1092 Quod
1178 1025 1267 1079 ille
1317 1024 1544 1091 benigne
1573 1021 1900 1087 suscipiens,
1943 1018 2067 1077 vita:

484 1120 737 1177 restituit.
768 1118 991 1187 Species
1012 1132 1139 1172 vero
1163 1130 1279 1184 qum
1307 1114 1577 1181 dissipatae
1600 1110 1829 1173 fuerant,
1862 1109 2067 1162 studio-

487 1213 701 1266 sissime
732 1224 1081 1277 componens,
1116 1206 1231 1265 loco
1259 1214 1445 1259 sancto
1473 1202 1621 1257 reddi
1656 1198 1927 1270 prmcepit.

558 1302 651 1357 XI.
705 1302 861 1367 Apud
888 1296 915 1335 ά
941 1297 1326 1352 Massiliensem
1375 1308 1503 1347 vero
1540 1293 1727 1345 urbem
1780 1287 2068 1362 Dynamius

2156 384 2256 425 nec
2298 368 2603 436 episcopus,
2639 366 2726 435 qui
2752 364 2863 434 jatn
2892 370 3020 416 tunc
3046 374 3167 415 eum
3197 356 3470 413 Gundulfo
3499 364 3753 421 venerat,

2157 460 2210 513 in
2241 458 2470 517 ecclesia
2519 469 2633 511 sua,
2660 452 3037 522 recipiebatur.
3072 449 3368 533 Dynamius
3414 456 3591 501 autem
3643 462 3761 501 una

2156 549 2522 609 cumclericis
2562 555 2746 616 portas
2774 546 2993 599 obserat
3035 543 3202 607 urbis,
3236 542 3503 609 insultans
3545 540 3773 609 pariter

2158 656 2219 694 ac
2247 649 2533 706 utrumque
2572 635 2898 704 despiciens,
2931 636 3241 702 episcopum
3269 632 3482 686 scilicet
3506 643 3555 687 et
3588 631 3761 685 Gun-

2167 732 2401 787 dnll‘um.
2433 730 2674 784 Tandem
2699 728 2764 781 ad
2787 727 3111 794 colloquium
3142 725 3293 785 ducis
3322 725 3540 785 ascitus,
3572 724 3625 775 iu
3658 725 3770 775 ba-

2162 823 2365 878 silicam
2394 822 2532 881 beati
2570 817 2849 888 Stephani,
2883 832 3002 885 quae
3032 817 3149 871 urhi
3182 825 3264 873 est
3292 815 3553 884 proxima,
3580 815 3765 869 venit.

2164 912 2380 967 Ustiarii
2422 912 2566 979 enim
2609 908 2987 968 custodiebant
3029 906 3159 965 aedis
3209 908 3528 977 ingressum,
3578 916 3635 963 ut
3674 908 3772 960 iu—

2171 1014 2422 1059 troeunte
2454 1002 2715 1071 Dynamio
2735 1002 2903 1057 valva:
2933 1002 3174 1068 protinus
3205 999 3604 1055 clauderentur.
3640 999 3773 1065 Quo

2168 1098 2310 1153 facto
2336 1098 2572 1159 exclusa:
2600 1104 2930 1150 armatorum
2977 1095 3148 1151 turba:
3180 1105 3295 1161 post
3326 1094 3648 1165 Dynamiunt
3680 1094 3772 1151 in—

2166 1188 2335 1258 gredi
2366 1188 2741 1256 nequiverunt.
2783 1187 2899 1251 Quo
2936 1201 3043 1249 non
3100 1185 3449 1254 intelligente,
3503 1184 3631 1237 dum
3675 1184 3769 1237 di-

2169 1292 2334 1341 versa.
2373 1278 2513 1335 inter
2539 1290 2599 1330 se
2628 1290 2790 1344 super
2813 1275 3061 1328 altarinrn
3091 1274 3395 1338 coitferunt,
3446 1272 3774 1328 recedentes

490 1402 667 1453 rector
689 1366 984 1452 Provincia:
1005 1386 1241 1456 graviter
1262 1381 2073 1447 insidiari'l'heodoroepiscopo
2170 1371 2238 1424 ab
2262 1372 2471 1431 altario,
2519 1368 2893 1425 salutatorium
2944 1366 3336 1436 ingrediuntur-
3388 1366 3767 1422 Ῑηῑτοευιιιεπι

491 1482 670 1547 εωρίι.
703 1482 772 1533 At
810 1478 900 1531 ille
925 1477 1004 1541 ad,
1030 1491 1208 1543 regem
1238 1489 1527 1543 properare
1558 1472 1873 1540 disponens,
1920 1483 2079 1529 com-vi

497 1570 792 1637 prehensus
821 1567 889 1619 ab
917 1580 984 1620 eo
1008 1567 1059 1621 in
1091 1565 1267 1619 medio
1288 1565 1519 1626 civitatis
1547 1572 1777 1626 tenetur,
1811 1572 1862 1617 et
1891 1562 2071 1633 gravi-

2173 1476 2294 1518 cum
2324 1461 2406 1515 his
2440 1460 2783 1530 Dynamium,
2816 1459 3184 1528 nudatumque
3210 1459 3316 1527 iam
3362 1475 3390 1514 a
3417 1474 3645 1513 suorum
3684 1474 3781 1514 so-

2174 1551 2301 1617 latio
2345 1548 2420 1622 [1.
2461 1547 2703 1620 auxilio],
2749 1549 3060 1604 terribiliter
3097 1551 3391 1618 increpant.
3430 1548 3771 1619 Fugatisquc

500 1673 579 1716 ter
628 1659 933 1729 injuriatus,
984 1658 1195 1711 tandem
1243 1658 1454 1710 laxatus
1501 1665 1603 1711 est.
1655 1654 1848 1710 Clerici
1897 1664 2073 1709 autem
2105 1653 2153 1713 Β
2180 1645 2517 1707 satellitibus,
2551 1643 2637 1712 qui
2668 1658 2791 1703 cum
2815 1643 2979 1696 armis
3005 1658 3070 1696 eo
3100 1643 3330 1697 abducto
3359 1640 3385 1678 δ
3413 1642 3771 1698 circutnstrea,

494 1752 852 1809 Massilienses
879 1751 1057 1807 dolum
1087 1765 1207 1803 cutn
1241 1749 1499 1818 Dynamio
1524 1749 1900 1813 moliebantur,
1922 1757 1987 1807 ut
2007 1748 2075 1801 ab

495 1847 803 1913 episc0patu
832 1841 1141 1911 ejiceretur.
1174 1840 1280 1896 Sed
1308 1840 1432 1893 dum
1460 1840 1526 1893 ad
1552 1854 1730 1910 regem
1759 1838 2077 1894 Cbildeber-

500 1946 610 1990 tum
669 1935 988 2001 ambularet,
1037 1949 1158 1995 eum
1198 1933 1392 1993 Jovino
1438 1947 1507 1987 ex
1543 1934 1796 2001 praefecto
1841 1947 1872 1985 a
1900 1931 2074 1987 Gunt-

498 2030 759 2097 cbramno
787 2041 912 2095 rege
934 2025 1161 2079 detineri
1181 2024 1417 2093 iubetur.
1452 2022 1910 2090 Quodautlientes
1941 2022 2079 2077 Mas-

501 2118 749 2173 silienses
770 2116 974 2183 clerici,
1008 2114 1204 2185 gaudio
1232 2129 1423 2184 magno
1448 2113 1633 2182 repleti
1679 2113 1818 2182 quod
1857 2112 1965 2181 jam
1999 2120 2085 2171 te-_

501 2219 738 2273 neretur,
786 2208 897 2276 jam
943 2206 1294 2275 deputaretur
1325 2204 1531 2269 exsilio,
1576 2206 1715 2272 quod
1743 2206 1851 2273 jam
1886 2206 1936 2257 in
1979 2204 2082 2257 hoc

505 2314 598 2355 res
625 2298 965 2366 perstitisset,
1000 2304 1059 2350 ut
1081 2310 1350 2361 nunquam
1383 2294 1667 2350 Massiliam
1696 2302 2081 2361 reverteretur,

504 2391 692 2445 domos
742 2389 985 2442 ecclesia:
1032 2386 1456 2456 apprehenditur,
1504 2387 1796 2441 ministeria
1827 2397 1850 2424 ο
1881 2387 2086 2441 descri-

506 2481 659 2548 bunt,
697 2478 988 2546 regestoria
1036 2486 1298 2543 reserant,
1344 2479 1705 2547 promptuaria
1754 2480 2083 2549 exspoliant,

510 2584 806 2639 omnesque
836 2584 921 2625 res
945 2566 1208 2632 ecclesim,
1241 2577 1490 2636 tanquam
1522 2569 1566 2622 si
1590 2568 1699 2636 jam
1731 2579 1975 2624 mortuus
2000 2586 2089 2625 es-

508 2669 593 2720 set
621 2659 927 2729 episcopus,
961 2659 1279 2729 pervadunt.
1329 2659 1545 2719 diversa,
1573 2659 1797 2717 crimina
1825 2662 1892 2715 de
1914 2663 2091 2730 ponti—

510 2752 611 2807 fice
640 2751 1036 2818 proloquentes,
1064 2766 1181 2819 qua:
1205 2750 1357 2813 falsa,
1386 2750 1601 2807 Christo
1626 2752 1864 2819 auspice,
1890 2751 2089 2819 depre-

512 2842 815 2898 benduntur
841 2841 950 2915 [ΑΙ.
979 2840 1372 2913 deprehendit].
1399 2842 1772 2897 Cbildebertus
1792 2857 1923 2897 vero
1942 2850 2090 2911 post,-

514 2949 669 3001 quam
718 2949 839 2988 cum
890 2933 1195 3001 Chilperico
1252 2933 1559 3001 pacificatus
1612 2942 1716 2994 est.
1774 2934 1976 3003 legatos
2026 2933 2089 2986 ad

2180 1736 2400 1806 pebant,
2432 1735 2675 1789 seniores
2695 1733 2889 1787 civium
2913 1734 2976 1786 ad
3010 1749 3069 1787 se
3097 1733 3205 1788 dux
3229 1750 3329 1787 una
3359 1748 3480 1786 cum
3512 1735 3782 1803 episcopo

2179 1828 2419 1895 collegit,
2452 1834 2512 1881 ut
2539 1824 2807 1891 civitatem
2849 1826 3239 1889 ingrederetur.
3291 1826 3443 1881 Tunc
3478 1826 3784 1897 Dynamius

2183 1921 2299 1979 haec
2319 1924 2498 1975 omnia
2525 1934 2776 1985 cernens,
2803 1928 3014 1972 vemam
3046 1929 3253 1987 petens,
3278 1918 3416 1973 datis
3440 1918 3565 1971 duci
3590 1917 3783 1973 multis

2184 2013 2531 2078 muneribus,
2586 2012 2797 2067 reddito
2844 2012 3003 2065 etiam
3051 2019 3385 2065 sacramento
3437 2023 3497 2065 se
3557 2009 3777 2064 tideleut

2184 2109 2439 2176 episcopo
2485 2107 2740 2176 deinceps
2788 2106 3006 2175 regique
3059 2107 3316 2168 futurum,
3366 2107 3480 2158 suis
3531 2104 3791 2157 induitur.

2186 2198 2536 2255 indumentis.
2570 2198 2722 2253 Tunc
2767 2198 3018 2251 reseratis
3052 2207 3156 2249 tam
3190 2206 3460 2264 portarum
3493 2211 3656 2265 quam
3690 2209 3783 2249 sa-

2186 2308 2399 2347 crarum
2450 2290 2645 2344 ecdium
2676 2290 2865 2355 valvis,
2914 2288 3283 2360 ingrediuntur
3324 2287 3540 2357 utrique
3588 2287 3782 2349 civita-

2192 2393 2323 2449 tem,
2355 2383 2463 2435 dux
2499 2380 2703 2435 scilicet
2735 2390 2789 2436 et
2821 2381 3127 2449 cpiscopus,
3168 2395 3289 2434 cum
3329 2378 3496 2448 signis
3523 2389 3577 2434 et
3606 2379 3781 2433 laudi-

2191 2477 2315 2541 bus,
2363 2476 2698 2544 diversisque
2752 2472 3015 2527 ltonorutn
3066 2472 3296 2526 vexillis.
3356 2467 3548 2525 Clerici
3589 2480 3773 2525 autem

2191 2569 2281 2636 qui
2312 2568 2499 2627 sceleri
2532 2566 2655 2621 huic
2680 2565 2817 2621 misti
2847 2564 3060 2622 fuerant
3107 2578 3331 2634 quorum
3362 2572 3521 2631 caput
3548 2563 3785 2617 Anasta-

2192 2662 2303 2715 sius
2324 2662 2489 2714 abbas
2512 2668 2567 2714 et
2597 2657 2854 2713 Proculus
2895 2658 3176 2727 presbyter
3204 2657 3219 2693 ί
3247 2664 3421 2721 erant,
3447 2657 3612 2727 288
3641 2656 3783 2712 intra

2194 2752 2440 2823 Dynamii
2472 2758 2607 2805 tecta
2636 2748 2982 2817 confugiunt,
3016 2746 3359 2815 petentesab
3390 2761 3454 2802 eo
3495 2762 3651 2816 opem
3692 2762 3785 2800 re-

2196 2846 2349 2918 fugii,
2382 2859 2549 2913 aquo
2578 2844 2790 2898 fuerant
2833 2841 3058 2897 incitati.
3092 2840 3244 2895 Multi
3274 2850 3449 2895 tamen
3482 2856 3667 2895 eorum
3694 2856 3785 2908 pet

2199 2937 2419 2991 idoneos
2471 2935 2817 3005 ﬁdeiussores
2862 2933 3088 2996 dimi~si,
3133 2932 3199 2986 ad
3247 2932 3427 3002 regem
3463 2931 3597 3001 jttssi
3651 2943 3783 2986 sunt

519 3023 980 3085 Guntcbramnum
1014 3038 1193 3091 regem
1224 3024 1420 3088 mittit,
1450 3033 1507 3077 ut
1533 3024 1875 3079 medietatem
1902 3025 2093 3077 Massi-
2122 3026 2168 3089 C
2199 3028 2494 3083 ambulare.
2554 3029 2762 3082 Interea
2807 3025 3105 3081 Gundulius
3150 3024 3431 3093 subiugata
3479 3024 3692 3077 civitate
3734 3024 3811 3087 in,

523 3116 626 3181 lize,
657 3130 814 3184 quam
837 3114 886 3169 ei
918 3123 1041 3182 post
1067 3114 1268 3170 obitum
1299 3115 1463 3182 patris
1484 3115 1565 3170 sui
1596 3116 1836 3179 dederat,
1871 3116 2101 3170 reddere

525 3208 762 3260 deberet.
786 3204 938 3269 Quod
970 3206 1015 3259 si
1040 3205 1225 3269 nollet,
1257 3206 1467 3261 noverit
1494 3219 1552 3260 se
1583 3207 1748 3260 multa
1772 3206 2099 3275 perditurum

524 3309 622 3363 pro
644 3293 808 3363 partis
841 3293 995 3348 istius
1038 3295 1357 3349 retentione.
1406 3295 1512 3350 Sed
1547 3295 1637 3351 ille
1677 3310 1796 3349 cum
1823 3295 1937 3350 haec
1973 3297 2099 3351 red-

526 3387 653 3440 tlere
708 3384 897 3450 nollet,
926 3386 1041 3439 vias
1083 3386 1260 3443 claudi
1293 3387 1567 3455 praecepit,
1604 3395 1660 3439 ut
1702 3388 1834 3442 nulli
1882 3403 1976 3457 per
2019 3404 2104 3445 re-

530 3491 691 3547 gnum
720 3476 838 3544 ejus
867 3478 1174 3531 transeundi
1221 3478 1395 3532 aditus
1440 3478 1783 3547 panderetur.
1840 3481 1964 3534 llaec
1989 3497 2111 3541 rere

528 3583 659 3623 nens
686 3565 1080 3631 Cbildebertus,
1113 3568 1438 3624 Gundulfum
1468 3585 1534 3624 ex
1563 3571 1857 3635 domestico
1894 3570 1912 3609 τ
1944 3574 2102 3645 287

528 3660 716 3718 ducem
747 3658 960 3724 factum,
1013 3659 1081 3713 de
1107 3674 1304 3728 genere
1332 3661 1632 3725 senatorio,
1663 3661 1947 3717 Massiliam
1979 3663 2109 3717 diri-

528 3751 626 3818 git.
667 3752 767 3818 Qui
814 3766 938 3805 cum
969 3767 1071 3805 non
1113 3751 1334 3826 auderet
1375 3752 1652 3809 ambulare
1673 3753 1783 3824 jam
1817 3769 1912 3822 per
1940 3755 2108 3812 Gunt-

529 3843 769 3897 chramni
797 3858 1041 3912 regnum,
1069 3842 1301 3897 Turonis
1328 3845 1495 3898 venit.
1528 3846 1694 3909 Quem
1725 3845 1955 3916 benigne
1983 3861 2107 3900 sus-

530 3944 766 4004 ceptum,
791 3949 1120 4003 recognosco
1160 3937 1342 3990 matris
1372 3952 1506 3991 mea:
1544 3939 1861 3992 avunculum
1897 3947 1922 3985 ε
1956 3952 2105 4003 esse,
2152 3956 2157 3961 ·

535 4038 911 4096 retentumque
957 4043 1162 4081 mecum
1205 4028 1440 4098 quinque
1480 4028 1691 4094 diebus,
1742 4028 2111 4097 itnpositisque

544 4121 881 4185 necessariis,
905 4120 1053 4174 abire
1077 4120 1313 4190 permisi.
1350 4120 1441 4175 Ille
1458 4136 1585 4176 vero
1612 4135 1948 4192 progressus,
1976 4122 2112 4175 Illas-

607 4288 632 4315 ι
655 4278 745 4333 Sic
773 4277 939 4346 Regm
996 4287 1048 4331 et
1068 4277 1234 4343 Bad.;
1267 4277 1385 4345 alii,
1417 4281 1803 4333 communitum.

608 4347 636 4386 δ
670 4348 877 4414 [lcgm.,
911 4346 1190 4400 Chlotnrio.
1615 4367 1627 4380 ·

2204 3119 2540 3175 Cbildeberti
2586 3119 2727 3189 regis
2777 3117 3056 3183 ditionem,
3113 3115 3469 3185 restitutoque
3511 3114 3564 3168 in
3611 3115 3789 3170 locum

2204 3228 2358 3280 suum
2408 3211 2670 3276 antistite,
2718 3209 2784 3264 ad
2841 3224 3021 3280 regem
3069 3205 3467 3263 Childebertum
3515 3222 3789 3277 regressus

2206 3314 2308 3362 est.
2361 3303 2468 3359 Sed
2518 3301 2813 3374 Dynamius
2861 3302 3145 3355 immemor
3197 3298 3317 3353 fidei
3373 3314 3530 3365 quam
3576 3298 3790 3355 Cbilde-

2207 3396 2360 3450 berto
2412 3394 2522 3463 regi
2581 3391 2931 3462 promiserat,
2983 3390 3050 3443 ad
3100 3388 3559 3444 Guntcbramnum
3610 3404 3795 3459 regem.

2208 3486 2422 3547 nuntios
2448 3484 2652 3553 dirigit,
2694 3480 2877 3549 dicens
2905 3480 3045 3549 quod
3079 3489 3283 3547 partem
3317 3479 3416 3534 sibi
3445 3478 3682 3533 debitam
3709 3480 3787 3535 ci-

2208 3578 2385 3637 vitatis
2418 3592 2512 3645 per
2541 3575 2849 3643 episcopum
2894 3571 3163 3641 perderet,
3198 3585 3297 3625 nec
3344 3586 3575 3639 unquam
3605 3571 3791 3627 Massi-

2210 3671 2430 3725 liensem
2465 3666 2648 3720 urbem
2678 3678 2776 3717 suo
2806 3663 3069 3732 potiretur
3097 3660 3358 3722 dominio,
3395 3660 3497 3713 nisi
3533 3660 3616 3714 hic
3644 3662 3791 3716 evel-

2211 3762 2351 3815 latur
2380 3760 2446 3811 ab
2473 3772 2558 3812 ea.
2590 3758 2659 3809 At
2690 3756 2777 3809 ille
2805 3755 3238 3820 iracommotus,
3286 3752 3457 3822 jubet,
3490 3762 3672 3808 contra
3713 3753 3810 3814 fas.

2210 3849 2505 3920 religionis,
2555 3858 2611 3903 ut
2653 3847 2889 3917 pontifex
2935 3846 3129 3901 summi
3160 3844 3251 3899 Dei
3294 3853 3531 3899 arctatns
3574 3845 3788 3899 vinculis

2209 3943 2310 3998 sibi
2340 3941 2703 4006 exhiberetur,
2752 3938 2938 3992 dicens
2966 3955 2979 3990 :
3006 3936 3297 3991 Trudatur'
3320 3936 3512 3990 exsilio
3552 3936 3789 3991 inimicus

2211 4037 2361 4106 regni
2412 4034 2603 4100 nostri,
2652 4047 2719 4088 ne
2764 4031 2921 4086 nobis
2969 4045 3164 4088 nocere
3205 4029 3435 4100 amplius
3463 4030 3655 4085 valeat.
3685 4031 3789 4088 Sed

2211 4143 2330 4189 cum
2354 4127 2637 4197 episcopus
2666 4126 2732 4182 de
2757 4125 2841 4180 bis
2870 4134 3153 4193 suspectus
3179 4132 3344 4192 esset,
3376 4139 3478 4179 nec
3499 4124 3651 4181 facile
3671 4139 3789 4195 pos-

2218 4286 2324 4331 tnm
2358 4275 2650 4333 Cltlodovei
2681 4275 2769 4341 lll,
2804 4275 2897 4329 lib.
2929 4291 2982 4333 vt
3003 4275 3069 4329 de
3110 4291 3168 4329 re
3198 4274 3505 4343 Diplomat.,
3532 4293 3587 4330 n.
3622 4277 3703 4341 19,
3732 4286 3786 4332 et

2214 4348 2540 4401 Cbildeberti
2586 4347 2672 4410 ΙΙΙ,
2716 4363 2772 4399 n.
2801 4344 2889 4399 24.
2922 4347 3144 4400 Generis
3175 4357 3351 4399 autem
3399 4347 3649 4400 senatorii
3697 4364 3787 4401 no-

612 4389 941 4475 cSiciZasin.
967 4427 1018 4471 et
1041 4418 1227 4485 Regtn.
1250 4417 1386 4472 Editi
1405 4432 1535 4471 vero
1555 4432 1673 4471 cum
1700 4419 1848 4483 Bec.,
1868 4434 1927 4471 ne
1943 4419 2105 4475 nobis.
2139 4389 2189 4450 θ
2216 4420 2380 4481 mine,
2412 4418 2477 4471 de
2498 4432 2604 4485 quo
2637 4390 2723 4472 liic
2751 4426 2805 4470 et
2836 4389 3369 4484 passivutVGregot-ivus,

604 4484 631 4529 ἀ
659 4488 813 4541 Deest
842 4486 896 4541 in
933 4488 1095 4540 Corb.
1125 4484 1177 4539 et
1203 4486 1353 4541 Coll).
1380 4506 1395 4553 ;
1429 4504 1533 4540 non
1566 4497 1743 4542 tamen
1768 4489 1836 4541 ab
1868 4489 2105 4555 interpo-

535 4556 961 4630 latoreadditum
990 4567 1091 4610 est.
1122 4557 1257 4615 Vide
1285 4568 1437 4619 notas
1463 4558 1516 4612 in
1540 4572 1658 4625 cap.
1684 4573 1799 4627 seq.
1829 4567 1884 4612 et
1909 4560 1962 4613 in
1984 4574 2105 4630 cap.

533 4629 604 4687 24
635 4627 788 4693 huius
815 4626 959 4678 libri.

607 4708 631 4736 ε
654 4697 707 4750 Id
734 4702 818 4752 est
846 4710 966 4747 vasa
991 4709 1164 4757 sacra,
1196 4697 1283 4752 ubi
1315 4697 1705 4752 observandum
1734 4698 1846 4764 jam
1873 4713 2104 4755 consue-

535 4767 771 4824 tudinem
803 4775 929 4820 tunc
961 4765 1265 4828 invaluisse,
1299 4777 1351 4841 ut
1376 4768 1633 4841 defuncto
1670 4771 1947 4841 episc0po,
1995 4772 2105 4826 cle-

536 4841 630 4895 rici
662 4852 989 4905 quaecunque
1019 4844 1263 4901 poterant
1290 4837 1600 4904 diriperent.

611 4908 632 4981 ξ
658 4908 941 4964 llomestici
973 4915 1145 4969 erant,
1176 4908 1276 4981 qui
1295 4908 1626 4981 excubabant
1655 4911 1705 4963 in
1734 4910 1929 4978 palatio
1957 4911 2104 4981 prin-

535 4980 690 5050 cipis,
721 4977 1367 5050 eorumqueprmpositus
1396 4977 1761 5047 appellabatur
1784 4977 1972 5036 comes
2005 4984 2103 5037 do-

535 5047 898 5104 mesticorum.
949 5047 1058 5102 Sub
1097 5048 1312 5115 regibus
1360 5050 1556 5103 nostris
1605 5051 1839 5116 prml‘ecti
1893 5050 2104 5107 fuerunt

540 5120 682 5173 villis
697 5122 899 5191 regiis,
923 5129 979 5191 ut
1008 5128 1151 5191 patet
1179 5132 1247 5174 ex
1278 5119 1371 5173 Lb.
1406 5134 1446 5191 tt
1481 5120 1714 5174 Marculli
1757 5121 1979 5176 formula
2009 5124 2100 5189 52,

537 5204 656 5255 qua!
679 5188 1003 5248 domesticis.
1035 5188 1123 5256 qui
1157 5204 1315 5257 supra
1338 5190 1477 5256 regis
1510 5191 1661 5244 villas
1686 5203 1859 5260 erant,
1900 5193 2102 5249 directa

537 5269 639 5330 est,
666 5265 722 5310 ut
746 5261 1026 5330 occasione
1053 5260 1141 5311 lilii
1171 5260 1312 5330 regis
1337 5275 1524 5315 ret-ens
1556 5263 1661 5314 nati
1690 5277 1875 5317 servos
1903 5264 2105 5329 aliquot

533 5327 778 5403 libertate
821 5328 1097 5381 donarent.
1149 5327 1375 5403 Eosdem
1429 5332 1537 5399 regi
1587 5333 1653 5403 ad
1687 5334 1874 5400 placita
1915 5327 2107 5403 prepe-

533 5398 957 5471 rantiespensas
980 5412 1193 5471 parasse
1216 5399 1387 5453 innuit
1414 5398 1594 5454 noster
1617 5398 2028 5470 Gregoriuslib.
2045 5421 2104 5471 κ,

534 5481 657 5531 cap.
682 5465 1093 5536 ?§.ADomestici
1113 5468 1249 5520 inter
1272 5471 1417 5536 regni
1445 5465 2107 5536 optimatesvrecensentur

535 5537 590 5591 in
610 5533 960 5610 prazf._legunt
985 5535 1254 5610 Burgund.
1270 5533 1445 5610 etfleg.
1467 5533 1836 5606 “lpllat‘ltlrlltll
1861 5557 1979 5610 cap.
1998 5544 2101 5599 90:

534 5608 644 5673 regi
664 5604 979 5680 assidebam
1021 5619 1087 5658 ex
1122 5605 1353 5661 Marculti
1401 5604 1663 5665 formulis.
1703 5604 2105 5683 Videsis'placi-

2211 4496 2461 4558 gnantur,
2516 4502 2634 4553 qua:
2679 4498 2919 4558 tempore
2958 4486 3324 4558 Romanorum
3355 4504 3406 4540 tn
3431 4498 3666 4541 senatum
3692 4490 3785 4541 ad-

2214 4557 2391 4613 missa!
2430 4558 2667 4611 fuerant.
2718 4557 2866 4611 Multi
2898 4558 3042 4611 enim
3085 4557 3459 4626 provinciales,
3507 4560 3783 4613 maximee

2213 4630 2406 4695 Gallia,
2439 4628 2657 4683 civitate
2684 4627 2865 4682 donati
2909 4628 3138 4688 fuerant,
3176 4628 3382 4694 aliquot
3424 4628 3587 4682 etiam
3618 4631 3665 4682 in
3692 4644 3777 4685 se-

2213 4712 2396 4755 natuin
2425 4699 2623 4752 allecti.
2676 4699 2959 4765 Ejusmodi
2988 4698 3306 4752 dicebantur
3336 4709 3615 4753 senatores
3641 4714 3783 4767 perc-

2209 4770 2368 4840 gritti,
2398 4770 2487 4839 qui
2520 4776 2582 4822 ut
2608 4770 2892 4840 plurimum
2926 4783 2993 4823 ne
3022 4768 3398 4840 lacie_qnidem
3426 4769 3646 4823 Romam
3683 4785 3776 4826 no—

2214 4838 2427 4896 verant.
2468 4840 2641 4895 Nolim
2670 4847 2848 4892 tamen
2876 4839 3104 4893 inliciari
3135 4838 3452 4908 Gregorium
3483 4841 3785 4910 quandoque

2209 4922 2463 4973 senatores
2494 4911 2776 4964 nonnullos
2796 4911 3091 4977 appellare,
3135 4910 3277 4975 qmid
3310 4910 3387 4963 illi
3412 4926 3479 4964 ex
3509 4926 3617 4966 sua:
3644 4914 3782 4966 urbis

2213 4982 2541 5053 primoribus
2571 4992 2775 5053 essent.
2810 4980 2943 5053 Vide
2972 4978 3549 5053 CaugiiGlossarium.

2285 5062 2309 5100 s
2342 5052 2584 5121 Fratrem
2638 5050 2847 5107 scilicet
2889 5051 2947 5106 S.
2990 5051 3178 5105 Nicetii
3210 5052 3380 5119 episc.
3431 5050 3689 5121 Lugdun.,
3732 5058 3783 5107 ut

2212 5123 2464 5179 observat
2488 5119 2755 5174 Cointius.

2282 5192 2311 5230 λι
2335 5192 2425 5247 Sic
2457 5192 2640 5259 Regni.
2669 5201 2724 5244 et
2750 5191 2901 5253 Bec.,
2932 5190 3041 5255 alii,
3069 5191 3313 5245 adducto.

2288 5263 2304 5301 ί
2338 5265 2609 5331 ltegtu.,e:
2637 5260 2890 5314 Proculus
2910 5261 3060 5314 abba.
3084 5263 3233 5325 Bad.,
3263 5262 3478 5315 Proculi
3502 5262 3782 5331 presbyteri.

2206 5335 2378 5391 Porro
2410 5333 2724 5386 Anastasius
2755 5331 2922 5385 abbas
2951 5339 3068 5384 erat
3108 5333 3281 5386 sancti
3321 5332 3575 5397 Victoris,
3618 5348 3785 5387 mona-

2208 5404 2357 5461 sterii
2392 5404 2554 5458 etiam
2598 5416 2739 5456 nunc
2768 5399 2906 5469 apud
2941 5400 3223 5455 Massiliam
3257 5402 3636 5466 celeberrimi,
3661 5402 3791 5469 0rd.

2210 5477 2270 5532 S.
2298 5474 2589 5545 Benedicti,
2621 5471 2767 5543 quod
2795 5488 2825 5526 a
2854 5469 3060 5528 Joanne
3084 5471 3347 5530 Cassiano
3375 5473 3582 5529 saeculo
3607 5473 3795 5545 quinta

2208 5544 2479 5602 conditum
2513 5543 2631 5601 fuit.
