3942 6190
84 214 199 273 585
1013 213 1327 270 HISTORIA
1368 210 1813 273 FRANCORUM.
1855 210 2060 272 LIBER
2094 215 2383 274 SEXTUS.

3236 222 3340 289 586

109 334 187 380 set
206 324 262 378 ab
290 323 420 378 urbe
448 322 592 385 erui,
628 321 842 378 advenit
870 323 1133 381 feStivitas
1159 328 1512 385 dedicationis
1540 345 1661 385 ora-
1686 341 1737 397 Α
1768 330 2118 385 lsiodorensis
2154 329 2169 367 ί
2201 346 2263 385 ac
2306 331 2645 388 Berravensis
2690 336 2835 393 urbis
2864 338 3144 398 'l‘urouicaa
3179 343 3340 400 deva-

116 414 218 468 torii
245 414 377 466 ruris
404 412 721 467 suburbani.
745 414 985 483 Cumque
1013 418 1078 469 ad
1105 418 1220 472 bmc
1256 421 1385 472 testa
1406 434 1660 489 egressus

119 504 349 557 civitatem
394 509 732 570 properaret,
759 501 936 557 subito
966 506 1155 560 armati
1187 521 1307 559 cum
1338 521 1535 577 magno
1558 508 1662 563 fre-

122 594 226 645 mitu
250 592 311 645 ab
333 591 564 646 occultis
604 591 815 647 insidiis
844 602 1134 659 scatentes,
1179 610 1423 651 sanctum
1464 598 1662 652 vallant

121 682 399 746 antistitem,
444 680 822 749 dejectumque
864 681 933 736 ab
961 696 1101 753 equo
1145 682 1330 752 fugant
1357 700 1545 741 omnes
1570 700 1664 741 co-

118 773 247 826 mites
268 772 400 841 ejus,
432 771 734 826 servientes
760 772 1016 841 alligant,
1063 775 1292 830 clericos
1320 778 1550 843 caedunt,
1582 777 1656 845 ip<

117 876 306 931 sumque
355 876 517 930 super
566 862 921 918 miserabilem
977 863 1318 933 imponentes
1371 866 1658 932 caballum,

116 956 291 1008 nullum
317 953 382 1009 de
415 955 529 1008 suis
566 959 718 1023 sequi
766 956 1155 1023 permittentes,
1201 958 1268 1010 ad
1312 959 1456 1028 regis
1492 959 1661 1012 dedu-

112 1058 219 1100 cunt
263 1047 623 1115 praesentiam.
655 1044 894 1116 Cumque
938 1062 1035 1117 per
1073 1049 1376 1118 Aquensem
1415 1051 1659 1118 praeteri—

108 1149 213 1191 rent
256 1139 472 1206 urbem,
518 1138 759 1193 Pientius
787 1148 813 1177 ι
844 1140 1128 1209 episcopus
1177 1141 1318 1205 loci,
1366 1143 1660 1198 condolens

106 1227 260 1291 fratri,
284 1230 417 1284 datis
444 1230 661 1284 clericis
688 1229 755 1283 ad
782 1230 1055 1296 solatium,
1088 1231 1456 1300 impositisque
1474 1247 1661 1286 neces-

102 1319 265 1386 tariis,
297 1320 441 1374 abire
488 1319 753 1388 permisit.
797 1319 932 1374 Dum
978 1321 1093 1375 haec
1135 1332 1443 1388 agerentur,
1472 1322 1657 1376 clerici

102 1408 276 1463 iterum
300 1408 655 1464 Massilienses
681 1409 869 1463 domos
897 1411 1139 1464 ecclesiae
1162 1422 1427 1476 reserant,
1455 1426 1650 1465 arcana

101 1503 368 1566 rimantur,
396 1511 450 1555 et
476 1502 578 1555 alia
609 1502 942 1566 describunt,
967 1502 1070 1555 alia
1100 1502 1212 1556 suis
1241 1502 1492 1557 domibus
1524 1503 1659 1557 infe-

97 1602 227 1646 runt.
257 1592 544 1662 Episcopus
568 1608 698 1648 vero
725 1591 793 1647 ad
826 1608 1003 1662 regem
1034 1594 1316 1659 deductus,
1350 1610 1445 1651 nec
1476 1597 1659 1665 culpa-

98 1683 209 1737 bilis
254 1684 520 1750 iuventus,
552 1683 620 1738 ad
664 1683 929 1738 civitatem
959 1698 1109 1739 suam
1139 1687 1315 1741 redire
1343 1688 1655 1756 permissus,
1686 1697 1734 1757 Β

97 1787 203 1825 cum
244 1773 427 1842 grandi
466 1782 549 1828 est
590 1787 623 1826 a
658 1774 862 1827 civibus
898 1774 1055 1830 laude
1093 1788 1396 1845 susceptus.
1432 1779 1511 1832 Ex
1558 1778 1659 1832 hoc

96 1874 258 1919 autem
288 1866 447 1936 289
486 1866 665 1934 gravis
707 1866 981 1921 inimicitia
1028 1870 1165 1923 inter
1195 1870 1657 1926 Guntchramnum

97 1971 263 2026 regem
290 1968 341 2011 et
367 1956 771 2013 Clu'ldebertum
800 1971 1052 2028 nepotem
1081 1976 1233 2015 suum
1258 1962 1516 2028 exoritur,
1547 1963 1661 2017 dis-

100 2059 345 2117 ruptoque
371 2049 577 2104 laedere
600 2049 703 2104 sibi
729 2048 959 2105 invicem
992 2052 1401 2110 insidiabantur.

91 2140 99 2173 ε
161 2137 269 2194 Xll.
302 2140 463 2210 Igitur
508 2140 846 2211 Chilpericus
899 2157 989 2199 rex
1048 2158 1275 2199 cernens
1322 2145 1416 2199 ltas
1455 2146 1659 2201 discor-

103 2226 209 2282 dias
254 2228 281 2266 ι’
328 2232 464 2286 inter
493 2230 716 2287 fratrem
763 2245 826 2287 ac
872 2242 1119 2302 nepotem
1160 2251 1311 2288 suum
1360 2236 1653 2305 pullulare,

106 2319 411 2377 Desiderium
452 2323 645 2379 ducem
687 2333 916 2391 evocat,
952 2325 1210 2395 jubetque
1256 2335 1313 2381 ut
1338 2327 1535 2397 aliquid
1565 2344 1660 2384 ne-

104 2414 271 2479 quitia:
295 2414 487 2470 inferat
514 2414 688 2470 fratri.
719 2416 927 2482 Atille,
958 2426 1226 2471 commoto
1254 2418 1522 2483 exercitu,
1556 2419 1660 2473 fla-

104 2505 347 2571 gnovaldo
392 2516 418 2546 α
466 2505 603 2561 duce
661 2505 883 2576 fugato,
943 2507 1340 2577 Petrogoricum
1392 2509 1656 2577 pervadit,

102 2606 373 2665 exactaque
392 2608 731 2654 sacramento
752 2599 1016 2667 Aginnum
1043 2599 1233 2667 pergit.
1289 2598 1416 2654 Haec
1435 2600 1659 2654 audiens

106 2698 225 2738 uxor
248 2687 593 2756 Ragnovaldi,
623 2689 766 2757 quod
796 2690 1018 2756 scilicet,
1047 2687 1225 2758 fugato
1253 2704 1367 2745 Vtro
1393 2706 1511 2755 suo,
1544 2690 1661 2747 haec

105 2788 149 2831 et
168 2777 348 2833 civitas
368 2780 422 2833 in
451 2791 767 2849 potestatem
786 2783 926 2852 regis
953 2782 1237 2852 Cbilperici
1264 2781 1594 2853 redigeretur
1606 2779 1655 2852 ἀ,

104 2866 359 2923 basilicam
396 2872 568 2925 sancti
602 2871 851 2942 martyris
888 2870 1126 2942 Caprasii
1158 2875 1394 2943 expetiit.
1427 2874 1532 2930 Sed
1559 2889 1660 2930 ex-

104 2970 259 3015 tracta
280 2962 470 3017 exinde
494 2994 510 3028 ,
558 2972 613 3017 et
639 2963 881 3032 ispoliata
907 2963 1158 3019 facultate
1180 2980 1243 3018 ac
1269 2966 1461 3020 solatio
1486 2966 1659 3021 famu“

104 3049 441 3117 lorum,datis
462 3053 864 3122 ﬁdejussoribus
887 3055 1135 3109 Tolosam
1166 3055 1447 3126 dirigitur:
1478 3057 1655 3125 ibique
1683 3072 1729 3136 ί)

106 3142 283 3199 iterum
309 3146 360 3199 in
406 3147 624 3200 basilica
668 3146 839 3199 sancti
871 3146 1137 3201 Saturnini
1182 3147 1419 3216 ingressa
1456 3150 1660 3204 resides

110 3235 185 3287 bat
232 3235 535 3292 Desiderius
562 3252 691 3291 vero
724 3247 943 3292 cunctas
972 3239 1247 3305 civitates,
1280 3255 1399 3309 quae
1428 3240 1481 3294 in
1513 3250 1659 3309 parte

107 3325 182 3380 illa
206 3319 271 3382 ad
298 3345 473 3399 regem
518 3330 980 3386 Guntchramnum
1018 3331 1380 3401 aspiciebant,
1413 3333 1661 3406 abstulit,

108 3431 151 3473 et
174 3422 452 3478 ditionibus
499 3424 643 3493 regis
668 3422 951 3492 Chilperici
982 3425 1208 3494 subegit.
1257 3423 1499 3480 Berulfus
1528 3440 1660 3481 vero

112 3510 235 3575 dux,
281 3527 396 3568 cum
443 3513 705 3582 Bituriges
739 3523 761 3550 θ
792 3515 1075 3570 mussitare
1098 3557 1113 3581 ,
1159 3516 1300 3582 quod
1335 3515 1657 3571 Turonicum

116 3603 382 3656 terminum
414 3604 841 3673 ingrederentur,
872 3606 1150 3669 audisset,
1197 3608 1488 3661 exercitum
1512 3620 1660 3660 com-

116 3702 299 3761 Itovet,
317 3704 370 3749 et
394 3709 454 3750 se
483 3696 534 3749 in
559 3696 704 3764 ipsos
727 3696 858 3750 fines
884 3696 1088 3751 statuit.
1118 3696 1363 3752 Graviter
1392 3706 1516 3752 tunc
1540 3694 1661 3767 pagi

177 3876 197 3902 ⁸
223 3868 304 3923 δῖε
322 3869 442 3924 Βεο.
473 3880 525 3926 et
546 3870 736 3938 Regm.
761 3885 878 3925 cum
913 3870 1041 3924 Bad.
1072 3870 1197 3936 Alii,
1232 3869 1474 3923 Piencus.
1502 3869 1659 3923 Pieno

122 3938 169 3986 tii
196 3941 346 4010 rpisc.
378 3943 661 4009 Aquensis,
693 3941 742 3993 id
772 3950 855 3994 est
884 3944 1153 4010 Aquarum
1193 3942 1521 4010 Sextiarutn,
1560 3942 1661 3992 Ain:

120 4020 170 4057 en
194 4008 450 4134 Provegce,
478 4026 674 4066 missus
698 4008 1010 4081 subscripSit
1037 4010 1267 4065 concilio
1298 4009 1573 4065 Matiscon.
1599 4021 1656 4077 ll,

123 4091 240 4131 anno
274 4083 335 4134 58
373 4118 390 4133 .

123 4091 240 4131 anno
274 4083 390 4136 585.

180 4146 203 4185 δ
236 4152 352 4215 Quae
380 4152 586 4207 scilicet
622 4152 796 4220 capite
834 4150 1151 4219 pratcedenti
1196 4158 1577 4215 memorantur,
1606 4160 1663 4205 ut

126 4212 290 4273 fatetur
330 4221 588 4276 Coiutius.
643 4212 708 4273 Εἰ
751 4212 925 4274 tamen
958 4232 1115 4289 caput
1154 4223 1292 4275 istud
1332 4220 1398 4275 12
1439 4212 1661 4288 τεῇέθτθ

126 4301 221 4361 non,
238 4300 416 4358 potest,
446 4292 587 4361 quod
616 4290 667 4344 in
694 4292 938 4345 omnibus
967 4292 1125 4346 codd.
1157 4292 1438 4353 habeatur;
1466 4292 1660 4344 admit-

127 4360 371 4431 tatitaque
390 4372 443 4417 et
468 4360 773 4429 prmcedens
803 4376 1024 4431 necesse
1064 4371 1182 4425 est,
1226 4361 1347 4415 licet
1376 4361 1428 4431 in
1451 4361 1659 4431 duobus

1762 420 1886 473 stati
1913 431 2057 474 sunt.
2111 418 2217 474 Sed
2246 429 2300 474 et
2335 432 2516 488 postea
2550 422 2840 482 crudeliter
2867 430 2955 497 qui
2988 432 3040 485 in
3072 434 3172 488 ltac
3194 436 3339 490 obsi-

1763 508 1923 563 dione
1950 508 2137 563 adesse
2164 525 2268 563 non
2296 522 2559 581 poterant,
2590 525 2713 569 sunt
2734 516 2990 577 damnati.
3013 523 3282 581 Bladastes
3306 537 3333 575 tt

1763 611 1892 650 vero
1916 599 2027 650 dux
2070 597 2124 650 in
2175 596 2485 653 Vascouiam
2514 601 2673 669 abiit,
2704 607 3098 680 maximamque
3126 624 3334 682 partem

1763 688 2031 741 exercitus
2060 688 2146 741 sui
2167 688 2365 743 amisit.

1833 774 1968 829 Xlll.
2002 776 2183 843 Lupus
2210 773 2259 814 ἰι
2301 793 2430 834 vero
2472 781 2619 837 urbis
2659 783 2939 843 Turonicze
2982 790 3143 858 civis,
3193 804 3335 861 cum,

1769 878 1939 919 uxore
1983 868 2187 933 perdita
2230 880 2294 920 ac
2344 867 2566 935 liberis,
2618 873 2924 932 clericatum
2973 886 3274 948 expeteret,
3307 899 3337 938 a

1760 952 1926 1008 fratre
1952 955 2240 1009 Ambrosio
2271 956 2569 1023 prohibitus
2597 970 2709 1027 est,
2739 965 2933 1020 timens
2962 983 3029 1021 ne
3071 968 3335 1025 lucri-dent

1763 1041 2068 1097 institueret
2094 1042 2190 1097 Dei
2221 1044 2498 1100 ecclesiam
2523 1088 2538 1113 ,
2587 1050 2635 1104 si
2678 1053 2726 1104 ei
2749 1055 3192 1124 conjungeretur;
3221 1075 3337 1114 rur-

1760 1143 1983 1198 sumque
2011 1130 2089 1184 illi
2115 1147 2335 1192 uxorem
2359 1137 2609 1203 providit,
2629 1151 2679 1193 et
2701 1141 2842 1196 diem
2876 1144 2928 1198 in
2954 1161 3059 1214 quo
3084 1148 3148 1201 ad
3179 1163 3337 1217 spon-

1758 1218 1888 1272 salia
1911 1219 2154 1274 donanda
2182 1222 2652 1292 conjungerentur,
2678 1229 2817 1282 male
2843 1246 3031 1287 suasus
3051 1237 3214 1306 290
3234 1239 3338 1291 fra-

1761 1316 1840 1361 ter
1893 1310 2101 1365 indicit.
2169 1311 2372 1367 Deltinc
2421 1317 2486 1370 ad
2536 1318 2872 1377 Cainonense
2921 1334 3189 1392 castrum,
3248 1330 3337 1384 ubi

1760 1397 2047 1467 hospitium
2094 1400 2363 1456 habebant
2386 1444 2401 1468 ,
2438 1406 2635 1473 pariter
2659 1409 3009 1469 advenerunt.
3071 1416 3176 1470 Sed
3206 1433 3338 1474 uxor

1762 1487 2030 1543 Ambrosii
2062 1504 2182 1543 cum
2209 1502 2352 1547 esset
2380 1495 2621 1549 adultera
2645 1538 2661 1562 ,
2702 1508 2756 1553 et
2782 1503 2948 1555 alium
2979 1520 3161 1559 amore
3188 1506 3341 1575 lupa~

1761 1581 1934 1646 nario,
1968 1595 2133 1636 exoso
2156 1584 2371 1651 marito,
2402 1584 2666 1655 diligeret,
2692 1591 2913 1649 insidias
2944 1598 3058 1651 viro
3088 1599 3333 1653 tetendit.

1763 1669 2001 1742 Cumque
2046 1675 2099 1727 bi
2143 1678 2383 1744 germani
2432 1681 2633 1747 pariter
2679 1685 3039 1755 epularentur,
3085 1694 3141 1745 et
3183 1697 3337 1748 noete
3414 1688 3423 1694 ’

1763 1775 1934 1829 usque
1963 1762 2029 1814 ad
2060 1764 2375 1818 ebrietatem
2406 1766 2530 1819 vino
2557 1770 2919 1838 maduissent,
2948 1775 3001 1828 in
3036 1793 3140 1831 uno
3167 1788 3336 1835 strato

1763 1852 1963 1921 pariter
1992 1854 2329 1921 quieverunt.
2382 1856 2530 1911 Tunc
2559 1860 2800 1916 man-bus
2834 1867 3016 1919 uxoris
3042 1869 3335 1937 Ambrosii,

1762 1950 1919 1995 nocte
1949 1942 2200 2008 veniens,
2225 1946 2620 2012 quiescentibus
2649 1953 2853 2007 cunctis
2881 1964 2936 2008 ct
2966 1957 3089 2011 vino
3112 1958 3334 2028 depresé

1762 2033 1878 2097 sis,
1934 2033 2175 2086 accensis
2201 2034 2321 2102 igne
2352 2036 2555 2104 paleis,
2607 2049 2663 2094 ut
2708 2042 2910 2099 videret
2956 2046 3083 2114 quid
3117 2063 3336 2118 agerent

1763 2121 1869 2194 [AL
1899 2121 2143 2195 ageret],
2175 2137 2421 2182 extracto
2446 2130 2624 2199 gladio
2646 2164 2662 2197 ,
2704 2134 3042 2192 Ambrosium
3080 2140 3135 2194 in
3163 2143 3335 2210 capite

1762 2214 1952 2279 librat,
1984 2216 2055 2269 ita
2088 2224 2146 2269 ut
2165 2216 2497 2275 descendens
2528 2236 2621 2290 per
2650 2224 2836 2279 oculos
2864 2228 3073 2297 gladius
3097 2235 3333 2288 cervical

1761 2310 1952 2378 Capitis
1982 2320 2314 2380 amputaret;
2346 2315 2397 2368 in
2425 2331 2530 2383 quo
2556 2319 2661 2370 ictu
2692 2322 3097 2391 expergefactus
3128 2327 3329 2394 Lupus,

1762 2410 1817 2455 et
1861 2416 1920 2455 se
1965 2402 2016 2455 in
2064 2404 2373 2473 sanguinem
2414 2407 2641 2462 volutari
2684 2410 2981 2468 decernens
3010 2456 3023 2479 ,
3072 2419 3336 2476 exclamat

1761 2503 1892 2544 voce
1943 2505 2129 2559 magna
2154 2531 2172 2558 ,
2219 2493 2404 2549 dicens
2429 2513 2443 2550 :
2470 2496 2605 2565 lleu,
2634 2498 2765 2555 heu!
2810 2504 3104 2561 succurrite
3126 2548 3141 2574 ,
3177 2508 3337 2564 frater

1760 2595 1912 2635 meus
1940 2580 2251 2638 interfectus
2290 2594 2390 2639 est.
2445 2585 2679 2642 Moschus
2720 2605 2867 2655 vero,
2895 2594 2984 2661 qui
3009 2593 3118 2663 jam
3152 2607 3338 2665 perpe—

1762 2679 1901 2726 trato
1926 2673 2131 2728 scelere
2172 2674 2513 2743 discedebat,
2548 2679 2659 2732 haec
2689 2681 2932 2748 audiens,
2968 2700 3239 2754 regressus
3269 2690 3335 2742 :id

1762 2760 1982 2826 lectum,
2012 2762 2218 2831 Lupum
2240 2764 2370 2820 adit.
2423 2767 2537 2833 Quo
2563 2780 2917 2840 repugnante,
2953 2776 3131 2827 tnultis
3161 2779 3331 2847 plagis

1762 2851 2054 2908 laceratum
2085 2857 2375 2924 oppressit,
2422 2867 2479 2912 et
2512 2862 2720 2914 mortali
2762 2862 2870 2916 ictu
2905 2867 3221 2932 sauciatam,
3249 2884 3335 2923 seé

1762 2941 2015 2996 mivivum
2040 2943 2286 3013 reliquit;
2318 2946 2412 3000 sed
2440 2947 2617 3002 nullus
2641 2948 2709 3004 de
2734 2949 2930 3005 familia
2955 2954 3143 3009 sensit.
3182 2956 3334 3012 Mane

1762 3040 1938 3087 autem
1964 3031 2126 3098 facta,
2150 3033 2436 3101 stupebant
2462 3050 2650 3091 omnes
2675 3038 2743 3093 de
2778 3047 2925 3095 tanto
2953 3044 3180 3099 scelere.
3228 3045 3334 3100 Lu-

1760 3138 1859 3193 pus
1884 3134 2060 3179 tamen
2090 3123 2264 3179 adhuc
2291 3125 2475 3180 vivens
2506 3128 2779 3194 inventus,
2796 3131 2933 3187 sicut
2959 3143 3133 3188 actum
3163 3134 3336 3192 fuerat

1758 3214 2026 3281 referens,
2061 3218 2303 3285 spiritum
2331 3217 2618 3272 exhalavit.
2654 3220 2756 3275 Sed
2791 3236 2890 3277 nec
2917 3223 3129 3294 longum
3160 3243 3334 3281 tuere-

1759 3307 1860 3362 trix
1891 3307 2104 3373 lugendi
2136 3309 2363 3377 sumpsit
2405 3310 2668 3378 spatium:
2703 3312 2798 3366 sed
2844 3316 3024 3383 paucis
3052 3316 3241 3373 diebus
3265 3321 3339 3373 ina

1759 3401 2032 3470 terpositis
2057 3401 2340 3471 conjuncta
2371 3404 2581 3458 tumclto
2608 3404 2854 3460 discessit
2885 3404 2928 3463 ί.

1828 3510 1970 3567 XIV.
2010 3512 2164 3565 Anno
2193 3511 2209 3562 i
2250 3513 2408 3582 igitur
2435 3516 2663 3584 septimo
2688 3515 3014 3572 Cltildeberti
3044 3519 3212 3589 regis,
3243 3523 3338 3590 qui

1759 3611 1879 3658 erat
1907 3601 2198 3671 Cliilperici
2230 3614 2283 3658 et
2314 3605 2696 3660 Guntchramni
2728 3608 3015 3663 vicesimus
3036 3619 3090 3665 et
3111 3614 3333 3681 primus,

1759 3709 1945 3751 mense
1982 3694 2236 3750 Januario
2259 3734 2274 3760 ,
2307 3696 2495 3764 pluviae
2517 3735 2534 3763 ,
2581 3700 2977 3755 coruscationes
3007 3708 3165 3770 atque
3196 3705 3334 3757 toni—

1760 3872 2063 3927 celebratur
2113 3870 2201 3926 die
2246 3870 2317 3924 9.0
2372 3870 2635 3925 Octobris.
2691 3870 2913 3926 Basilica
2961 3871 3019 3927 S.
3062 3872 3339 3931 Saturnini

1761 3942 1898 4010 apud
1951 3941 2241 4011 Tolosam,
2292 3956 2397 4008 quo
2448 3954 2627 4006 postea
2674 3941 3069 4011 confugitltzpc
3116 3946 3335 4008 mulier,

1761 4008 1969 4079 insigne
2019 4019 2100 4064 est
2143 4009 2298 4064 hodie
2348 4014 2720 4063 cauunicorum
2782 4008 3117 4066 saecularium
3167 4016 3331 4068 colle-

1760 4098 2145 4206 gluénijolb.et
2187 4149 2401 4222 Bcgm"
2431 4146 2719 4222 Bituricos;
2762 4149 2915 4216 Bad.,
2944 4150 3233 4222 Biturigas;
3280 4163 3334 4207 et

1762 4222 1977 4302 quidem
2034 4221 2120 4274 hic
2168 4220 2510 4288 designantur
2559 4218 2802 4273 homines
2858 4218 3337 4291 regionis'tiiturid

1763 4305 2085 4427 cetigéorbq
2122 4375 2283 4430 pagus
2312 4358 2663 4412 btoduneusis.
2695 4358 2884 4427 Regm.
2918 4360 3202 4426 mendose,
3230 4362 3336 4415 Atr-

126 4428 304 4496 scriptis
330 4428 689 4494 desideretur;
716 4446 814 4485 nec
851 4430 1038 4510 inferat
1076 4448 1143 4510 eo
1165 4432 1287 4510 ipso
1322 4429 1538 4510 aliquod
1562 4446 1650 4510 ea-
1688 4450 1741 4510 υ
1767 4428 2263 4510 ςὶξὶοᾴοοτηεὶίαιλι..
2298 4430 2410 4510 Sed
2443 4429 2954 4510 retinendavulgata
2987 4431 3180 4510 foedo;
3211 4447 3332 4510 nam

128 4506 332 4571 putesse
360 4504 732 4569 interpolatum
755 4541 770 4565 ,
797 4503 936 4571 quod
966 4504 1016 4554 in
1044 4502 1199 4571 codd.
1230 4502 1389 4555 Corb.
1423 4510 1476 4555 et
1501 4501 1658 4554 Coll).

128 4565 285 4641 desint.
319 4572 380 4625 Et
425 4565 636 4641 quidem
690 4565 962 4641 utriusque
1005 4570 1191 4640 capitis
1231 4571 1501 4640 epitonten
1539 4572 1662 4625 fecit

130 4631 583 4710 Fredegarius'r-ap.
614 4641 704 4694 87.

187 4718 216 4781 ξ
238 4710 318 4765 Sic
359 4709 542 4770 Corb.;
592 4710 716 4765 Bec.
767 4718 821 4765 et
866 4712 1053 4781 Hegm.
1081 4726 1200 4764 cum
1236 4710 1443 4781 aliquot
1485 4709 1661 4763 editis.

128 4774 251 4851 Colb.
274 4798 395 4835 vero
416 4794 472 4835 et
500 4781 720 4843 Chesn.,
756 4774 1112 4851 Regnov'aldo,
1137 4790 1191 4834 et
1222 4774 1587 4851 Reginovatdo.

182 4845 205 4883 ‘
237 4851 317 4906 Sic
344 4852 538 4913 Corb.;
571 4852 657 4903 alii
689 4845 923 4911 verofhw
950 4852 1171 4904 civitates
1197 4845 1342 4905 in...
1372 4850 1663 4919 redigeren-

129 4922 383 4978 tur.Corb.
437 4920 721 4978 lectionem
773 4921 1127 4989 praetulimus.
1184 4920 1317 4973 Nam
1352 4930 1475 4973 tunc
1510 4930 1697 4989 capto.

126 4990 325 5057 Aginno,
357 5008 491 5046 uxor
522 4992 847 5059 Ragttovaldi
874 5032 888 5055 ,
930 5006 1048 5060 quae
1083 4990 1148 5043 ad
1181 4990 1450 5043 basilicam
1473 4989 1528 5043 S.
1561 4994 1665 5043 Ca-

126 5063 259 5123 prasii
283 5103 298 5124 ,
329 5065 379 5116 in
420 5066 518 5117 hac
548 5064 681 5115 urbe
722 5061 876 5114 sitam
905 5100 920 5123 ,
966 5061 1311 5127 confugerat,
1348 5060 1401 5112 in
1432 5061 1662 5113 hostium

124 5133 541 5208 atauusdevenit.
593 5132 651 5184 S.
690 5129 1514 5208 .CaprasiushAginniepiscopus
1543 5144 1662 5208 cum

123 5198 237 5278 Fide
256 5204 453 5278 virgine
480 5196 796 5278 martyrium
828 5198 1041 5269 pertulit
1068 5196 1537 5278 subnMaximiano.‘
1564 5196 1667 5278 _Ca-‘

119 5268 585 5337 prasiutn'diximus
624 5268 935 5339 episcopum
980 5284 1045 5323 ex
1090 5268 1345 5339 hodierna
1373 5277 1425 5322 et
1451 5268 1663 5339 quidem

116 5342 377 5398 recentiori
421 5337 819 5413 Aginnen—sium'
851 5339 1137 5413 traditione
1158 5379 1173 5402 ,
1206 5337 1318 5413 cui“
1339 5352 1511 5405 neque
1535 5337 1666 5413 Acta

114 5427 269 5478 neque
304 5414 405 5466 alia
448 5407 791 5466 monumenta
819 5411 1035 5479 antiqua
1066 5409 1262 5464 favent.
1287 5407 1540 5475 Superest
1570 5409 1666 5459 ho-

115 5482 285 5551 dieque
317 5482 533 5557 basilica
573 5483 672 5557 sub
696 5480 935 5557 ejusdem
966 5481 1133 5557 sancti
1160 5479 1404 5542 nomine,
1436 5491 1553 5555 quae
1581 5492 1668 5557 ea-

114 5549 402 5608 aonicormn
434 5552 1021 5627 t-ollegignobilitatur,
1055 5549 1667 5627 ibique_sacrutn_.ipsius

113 5632 261 5693 caput
285 5615 612 5679 asservatur.
640 5621 769 5692 Ejus
792 5635 918 5676 vero
947 5619 1207 5675 festivitas
1235 5618 1287 5672 in
1313 5624 1423 5671 tota
1448 5615 1668 5671 dioecesi

1767 4502 2063 4556 lciodorum
2104 4515 2198 4553 seu
2246 4498 2520 4552 lsidiorum
2560 4510 2643 4552 est
2691 4500 2835 4552 vicus
2883 4500 2949 4553 ad
2988 4499 3210 4555 Crosam
3237 4500 3336 4556 flu-

1768 4572 1933 4641 vium,
1974 4572 2129 4641 vulgo
2160 4568 2452 4641 lserrelaut
2474 4565 2817 4641 lauretlietus
2836 4608 2850 4632 ,
2883 4571 2971 4639 qui
2998 4571 3224 4641 confinis
3254 4581 3337 4625 est

1769 4638 2092 4710 Biturigibus
2118 4640 2300 4710 Cubis.
2333 4638 2674 4710 Berravensis
2703 4654 2830 4693 vero
2861 4638 3009 4694 vicus
3049 4652 3129 4695 est
3164 4639 3337 4695 Rarou

1770 4725 1934 4779 prope
1953 4709 2212 4779 eumdem
2261 4709 2512 4770 fluvium,
2561 4709 2697 4761 baud
2747 4713 2926 4776 procul
2973 4712 3040 4763 ab
3073 4711 3337 4775 lciodoro,

1766 4790 1825 4833 ut
1847 4781 2099 4833 observat
2126 4778 2363 4832 Valesius
2392 4779 2443 4830 in
2471 4779 2663 4831 Notitia
2689 4779 3001 4833 Galliarum;
3030 4780 3084 4834 ln
3112 4793 3343 4847 utroque

1768 4849 1886 4903 loco
1908 4848 2189 4903 ecclesiam
2221 4850 2383 4901 fuisse
2405 4848 2716 4901 aedificatam
2748 4859 2894 4903 notat
2925 4851 3211 4919 Gregorius
3238 4851 3339 4901 liba

1767 4935 1822 4983 x,
1850 4934 1967 4984 cap.
1998 4920 2199 4970 ultimo.

1839 4998 1863 5034 κ
1904 4988 2026 5049 Alii,
2049 4986 2373 5051 Blandastes,
2398 4998 2487 5042 aut
2514 4988 2802 5046 Bladastis.
2827 4989 3007 5050 Corb.,
3040 4986 3341 5043 Bandustiu

1769 5057 2081 5110 Vasconiatn
2116 5056 2197 5108 hic
2217 5057 2450 5125 intellige
2477 5071 2714 5112 veterum
2742 5058 3036 5111 Vasconum
3064 5058 3244 5108 sedem
3282 5057 3337 5108 in

1770 5128 2039 5208 Pyrenaeis
2063 5128 2203 5194 jugis
2228 5164 2242 5188 ,
2289 5142 2390 5208 qua
2429 5129 2642 5181 dimissa
2678 5137 2858 5196 postea
2898 5126 3333 5195 Novempopula-a

1742 5201 1746 5204 ’
1774 5201 1914 5251 niam
1938 5204 2352 5263 occupaverunt.

1845 5263 1874 5302 δ
1918 5267 2078 5320 Deest
2103 5268 2202 5317 hoc
2221 5274 2383 5333 caput
2406 5264 2460 5316 in
2496 5265 2653 5318 Corb.
2687 5275 2738 5319 et
2760 5264 2909 5318 Cnlb.

1853 5333 1870 5371 λ
1915 5337 2029 5403 Ipse
2057 5335 2328 5400 moechus,
2363 5340 2576 5389 nomine
2620 5334 2871 5389 Vedastes
2915 5338 3048 5399 Avo,
3081 5334 3217 5388 male
3249 5351 3349 5403 pcw

1775 5407 1860 5460 riit
1892 5422 1953 5457 ex
1988 5406 2123 5460 libro
2149 5420 2243 5467 vn,
2272 5420 2389 5473 cap.
2415 5404 2466 5457 5.

1847 5474 1861 5524 i
1914 5474 2024 5529 Hoc
2056 5487 2211 5545 caput
2237 5475 2498 5543 integrum
2530 5476 2692 5529 refert
2720 5473 3001 5531 Fulbertus
3037 5475 3091 5530 in
3119 5474 3354 5544 epistolv

1773 5544 1860 5607 97,
1895 5560 2016 5612 qua:
2056 5544 2217 5601 estad
2255 5547 2539 5601 ltobertum
2580 5561 2794 5615 regem,
2830 5547 2916 5602 ubi
2962 5547 3154 5611 habet,
3202 5547 3347 5598 Aous

1772 5625 1933 5681 sexto,
1963 5626 2067 5670 etc.
3254 5638 3271 5655 η
