3942 6190
613 248 716 302 587

1598 232 1670 286 'S.
1695 228 2037 285 'GREGOIHI
2082 225 2387 281 EPISCOPI
2426 226 2658 281 TURON
2669 226 2856 282 ENSIS
3746 231 3832 287 588

610 369 733 413 trua
761 355 947 428 gravia
983 352 1221 413 fuerunt,
1242 347 1402 402 ﬂores
1428 345 1478 399 in
1503 344 1778 396 arboribus
1807 342 2007 395 ostensi
2033 350 2185 403 sunt;
2219 346 2267 403 Α
2298 351 2381 392 tur
2406 337 2455 393 ά.
2485 340 2564 394 Tu
2594 356 2743 409 ergo,
2776 342 3145 409 dilectissime,
3168 351 3442 398 revertere
3470 342 3612 410 illuc,
3639 352 3694 398 et
3714 356 3831 413 pete,

608 450 794 517 Stella,
823 459 982 515 quam
1014 450 1277 497 cometem
1308 438 1551 506 superius
1582 434 1849 487 nominavi
1877 474 1889 495 ,
1918 433 2185 501 apparuit,

608 539 682 597 ita
713 550 771 594 ut
814 538 868 592 in
902 536 1128 591 circuitu
1164 532 1281 601 ejus
1323 544 1511 597 magna
1544 526 1764 596 nigredo
1791 533 1954 580 esset.
2001 524 2069 578 Et
2098 526 2186 579 illa

610 641 858 699 tanquam
908 629 962 681 in
994 625 1254 680 foramine
1301 623 1479 689 aliquo
1526 618 1837 686 posita.-ita
1876 618 2014 672 inter
2037 627 2187 673 tene-

609 724 733 779 bras
763 723 922 793 291
967 716 1268 780 relucebat,
1316 712 1650 772 scintillans,
1690 724 2054 779 spargenSque
2090 724 2184 763 co-

608 827 745 868 mas.
775 810 1021 866 Prodibat
1044 815 1219 861 autem
1242 820 1307 859 ex
1329 818 1391 857 ea
1405 801 1587 856 radius
1610 801 1758 854 mirae
1784 801 2181 869 magnitudinis,

611 905 699 976 qui
724 913 974 973 tanquam
992 900 1165 954 fumus
1187 910 1410 964 magnus
1431 894 1659 949 incendii
1690 893 1978 962 apparebat
2004 908 2032 946 a
2069 894 2184 947 lon-

613 1007 696 1063 ge.
748 993 873 1047 Visa
920 1000 999 1047 est
1040 997 1216 1044 autem
1260 987 1327 1040 ad
1375 996 1576 1054 partem
1638 984 1927 1038 occidentis
1972 986 2022 1037 in
2053 985 2183 1039 hora

614 1085 783 1139 noctis
812 1086 999 1153 prima.
1030 1080 1094 1134 In
1114 1079 1202 1133 die
1223 1086 1397 1131 autem
1420 1086 1601 1130 sancto
1625 1075 1840 1129 Pascha
1863 1076 1999 1141 apud
2028 1077 2187 1130 Sues-

614 1175 789 1230 sionas
810 1173 1074 1228 civitatem
1106 1169 1300 1224 cmlum
1325 1168 1513 1222 ardere
1540 1168 1711 1222 visum
1742 1176 1826 1220 est
1845 1209 1857 1231 ,
1891 1168 1962 1220 ita
1994 1177 2049 1220 tit
2078 1169 2183 1220 duo

614 1272 932 1335 apparerent
954 1259 1199 1317 incendia
1224 1278 1237 1314 :
1272 1267 1325 1313 et
1350 1274 1515 1312 unum
1545 1267 1659 1311 erat
1682 1259 1873 1324 majus,
1893 1258 2032 1310 aliud
2061 1272 2186 1310 vero

613 1353 807 1409 minus.
852 1352 975 1407 Post
1003 1351 1226 1405 duarum
1266 1362 1394 1403 vero
1425 1348 1674 1401 horarum
1703 1347 1929 1410 spatium
1963 1347 2187 1415 conjun-

614 1454 697 1498 cta
747 1452 873 1498 sunt
917 1441 1112 1505 simul;
1165 1440 1408 1509 factaque
1447 1438 1615 1507 pharo
1657 1436 1761 1508 [Αι.
1790 1437 1918 1508 igni]
1971 1453 2182 1506 magna,

615 1542 961 1590 evanuerunt.
994 1531 1047 1586 In
1081 1530 1349 1585 Parisiaco
1376 1542 1505 1583 vero
1528 1528 1754 1582 termino
1784 1540 1942 1581 verus
1970 1528 2184 1597 sanguis

613 1640 679 1681 ex
709 1625 844 1679 nube
869 1623 1087 1687 deﬂuxit
1106 1663 1121 1689 ,
1158 1631 1213 1676 et
1240 1634 1398 1688 super
1421 1619 1739 1674 vestimenta
1769 1617 2058 1671 multorum
2092 1617 2185 1672 ho-

2261 704 2650 771 .episcopalem
2699 707 2920 773 gradum
2965 707 3245 762 ascendes.

2298 438 2357 481 ut
2384 428 2497 497 ipse
2521 438 2574 483 te
2595 432 2684 499 qui
2714 432 2876 500 elegit
2905 431 3095 485 debeat
3125 441 3422 487 tonsorare.
3454 434 3687 502 Cumque
3714 450 3831 503 pres-

2290 521 2482 591 byterii
2528 523 2782 577 honorem
2828 524 3138 593 acceperis,
3188 525 3252 577 ad
3292 525 3575 580 ecclesiam
3620 528 3829 581 assiduus

2290 626 2439 679 esto;
2468 626 2521 668 et
2555 629 2676 668 cum
2708 630 2827 669 eum
2858 616 2998 669 Deus
3029 618 3258 684 migrare
3290 617 3540 682 voluerit,
3568 626 3685 672 tunc
3706 622 3831 673 facile

3325 710 3394 761 At
3438 708 3527 761 ille
3570 723 3827 777 regressus,

2289 794 2570 847 consilium
2601 804 2875 864 acceptum
2904 795 3197 863 adimplere
3221 796 3597 860 dissimulavit,
3627 811 3685 850 eo
3712 798 3828 863 quod

2288 882 2435 938 Felix
2461 885 2742 954 episcopus
2790 888 2857 939 ab
2901 887 3238 941 incommodo
3276 888 3442 941 levius
3468 901 3625 957 agere
3654 888 3832 941 videre-

2291 983 2397 1027 tur.
2453 975 2558 1030 Sed
2606 983 2883 1045 postquam
2928 976 3091 1031 febris
3143 977 3431 1042 diSCQSsil,
3477 978 3618 1032 tibiae
3658 976 3761 1047 ejus
3780 977 3833 1029 ab

2290 1070 2514 1121 humore
2566 1072 2783 1135 pusulas
2838 1070 3151 1124 emiserunt.
3219 1070 3371 1123 Tunc
3410 1073 3829 1125 eantharedarutu

2287 1156 2666 1223 cataplasmam
2702 1165 2725 1193 θ
2751 1157 2968 1211 nimium
3012 1159 3235 1211 validam
3268 1174 3471 1227 ponens
3499 1201 3515 1225 ,
3559 1168 3828 1228 computre-

2294 1247 2566 1300 sceutibus
2599 1248 2769 1313 tibiis,
2804 1263 2944 1302 anno
2973 1250 3308 1317 episcOpatus
3336 1251 3418 1303 sui
3458 1252 3718 1305 tricesimo
3747 1260 3827 1301 ter-

2288 1337 2382 1401 tio,
2415 1344 2572 1390 relate
2601 1337 3029 1405 septuagenaria,
3063 1340 3226 1390 vitam
3261 1338 3436 1391 finivit
3462 1337 3504 1390 τ.
3532 1339 3628 1393 Cui
3664 1340 3830 1395 Nonni-

2286 1426 2443 1479 chius
2470 1426 2827 1479 consobrinus
2856 1429 2991 1496 ejus,
3016 1443 3144 1498 rege
3168 1430 3448 1482 ordinante
3469 1470 3482 1493 ,
3515 1432 3771 1485 successit.

2358 1515 2501 1569 XVI.
2542 1517 2780 1571 Audiens
2827 1526 2853 1564 Β
2902 1528 3079 1572 autem
3114 1520 3447 1587 Pappolenus
3484 1520 3601 1588 ejus
3636 1521 3831 1587 obitum,

2287 1618 2502 1677 neptem
2527 1610 2670 1661 illius
2698 1611 2767 1664 de
2796 1626 2897 1679 qua
2929 1622 3207 1680 separatus
3233 1613 3421 1679 fuerat,
3457 1616 3673 1683 recepit.
3722 1618 3836 1668 Ante

614 1718 814 1773 minum
844 1714 1061 1778 cecidit,
1091 1723 1144 1768 et
1170 1716 1240 1767 ita
1271 1712 1392 1766 tabe
1414 1709 1727 1774 maculavit,
1761 1718 1821 1761 ut
1848 1708 1945 1777 ipsi
1973 1710 2185 1777 propria
2214 1704 2262 1765 Β
2291 1696 2391 1751 hoc
2420 1705 2598 1751 amem
2649 1709 2858 1767 'empl's
2898 1700 3275 1769 ἀθεβοηεθιθηι
3301 1717 3417 1755 eam
3448 1702 3731 1767 ιιίὶδυθτίιῑὶ
3757 1701 3835 1756 Sed

614 1809 921 1865 indumenta
970 1805 1247 1860 horrentes
1278 1802 1593 1856 abnuerent.
1655 1797 1848 1851 Tribus
1876 1797 2017 1850 enim
2056 1796 2185 1852 locis

613 1903 665 1958 in
698 1900 925 1958 termino
973 1896 1201 1953 civitatis
1242 1893 1385 1949 illius
1432 1892 1535 1946 hoc
1574 1889 1872 1959 prodigium
1916 1889 2181 1957 apparuit.

614 1994 674 2049 In
718 1989 1100 2049 Silvanectensi
1146 1999 1274 2041 vero
1322 1982 1595 2039 territorio
1642 1978 1869 2034 hominis
1908 1980 2181 2046 cujusdam

615 2085 803 2139 domus
822 2121 839 2147 ,
888 2095 1007 2136 cum
1038 2079 1128 2133 ille
1158 2089 1313 2131 mane
1330 2078 1584 2141 surgeret
1604 2111 1619 2136 ,
1653 2069 1911 2138 sanguine
1940 2084 2181 2137 respersa

613 2173 683 2227 ab
710 2173 855 2226 intus
884 2168 1148 2239 apparuit.
1201 2166 1388 2233 Magna
1419 2162 1580 2231 igitur
1606 2175 1672 2215 eo
1695 2174 1836 2214 anno
1861 2160 1976 2214 lues
2007 2162 2058 2214 in
2092 2174 2185 2228 po-

615 2265 740 2333 pulo
768 2262 864 2315 fuit
889 2278 903 2311 :
930 2256 1259 2313 valetudines
1283 2253 1465 2318 variae,
1488 2251 1732 2320 maligna:
1758 2259 1808 2314 λ,
1828 2264 1950 2304 cum
1984 2250 2183 2317 pusulis

616 2362 669 2409 et
693 2351 883 2406 vesicis
908 2392 924 2418 ,
972 2361 1089 2415 qua:
1120 2344 1340 2398 multum
1372 2340 1623 2410 populum
1662 2338 1956 2392 aﬂ‘ecerunt
1990 2350 2180 2392 morte.

615 2442 764 2499 Multi
791 2451 969 2494 tamen
995 2435 1307 2490 adhibentes
1335 2432 1586 2493 studium,
1632 2438 1933 2484 evaserunt.
1965 2430 2181 2482 Audivi-

614 2549 734 2590 mus
762 2530 901 2587 enim
934 2542 999 2584 eo
1027 2540 1169 2581 anno
1196 2525 1246 2578 in
1287 2522 1686 2577 Narbonensem
1717 2520 1900 2573 urbem
1936 2520 2179 2587 inguina-

614 2628 754 2684 rium
778 2623 1020 2678 morbum
1057 2618 1287 2689 graviter
1311 2615 1588 2678 desaavire,
1620 2615 1688 2666 ita
1720 2622 1778 2666 ut
1808 2613 2008 2667 nullum
2038 2624 2181 2666 esset

612 2717 863 2785 spatium,
892 2726 1011 2767 cum
1043 2710 1203 2764 homo
1222 2716 1496 2773 correptus
1520 2704 1703 2758 fuisset
1728 2702 1795 2757 ab
1822 2720 1904 2757 eo.

682 2804 798 2858 XV.
833 2802 981 2857 Felix
1008 2799 1034 2837 δ
1063 2813 1188 2853 vero
1235 2798 1516 2866 episc0pus
1558 2794 1879 2847 Namneticae
1925 2793 2177 2857 civitatis,

611 2896 666 2951 in
716 2895 850 2948 hanc
896 2890 1248 2948 valetudinem
1291 2899 1587 2950 corruens,
1637 2886 1870 2954 graviter
1920 2893 2180 2954 aegrotare

612 2985 796 3053 erepit.
842 2983 991 3038 Tunc
1017 2980 1219 3035 vocatis
1249 2979 1314 3032 ad
1358 2992 1418 3033 se
1449 2975 1739 3045 episcopis,
1766 2974 1864 3045 qui
1898 2976 2177 3044 propinqui

2293 1785 2665 1841 dissimulante
2713 1788 2780 1841 de
2828 1790 3023 1857 nuptiis
3070 1790 3244 1844 Felice
3289 1792 3561 1859 episcOpo,
3614 1791 3697 1845 hic
3733 1806 3835 1845 cum

2289 1893 2474 1943 magna
2517 1880 2738 1933 cohorte
2767 1884 3008 1947 veniens,
3042 1883 3365 1938 :ib-oratorio
3398 1885 3628 1953 puellam
3650 1886 3835 1938 abstra-

2284 1971 2380 2031 xit,
2414 1980 2467 2023 et
2495 1970 2545 2021 in
2578 1970 2847 2024 basilicam
2880 1973 3016 2026 beati
3048 1973 3222 2027 Albini
3252 1978 3510 2044 confugit.
3533 1977 3684 2031 Tunc
3710 1975 3834 2029 Felix

2284 2062 2567 2131 episcopus
2592 2067 2668 2116 ira
2691 2075 2987 2118 commotus
3006 2103 3023 2130 ,
3051 2066 3468 2120 circumventam
3502 2068 3724 2135 puellam
3748 2067 3833 2120 do-

2283 2152 2345 2205 lis
2372 2167 2402 2205 a
2433 2154 2625 2206 marito
2657 2157 2941 2221 separavit.
2989 2156 3293 2226 Mulataque
3337 2168 3490 2212 veste
3524 2159 3661 2227 apud
3692 2158 3831 2211 Vasa-

2286 2251 2489 2298 tcnsem
2523 2245 2711 2298 urbem
2754 2243 2781 2281 ιι
2828 2247 2879 2299 iit
2913 2250 3238 2302 monasterio
3278 2252 3453 2318 posuit
3481 2267 3493 2301 :
3526 2250 3620 2305 sed
3648 2250 3731 2304 illa
3755 2265 3834 2303 oe-

2283 2339 2456 2392 cultos
2509 2353 2699 2407 pueros
2750 2338 2765 2376 ί
2816 2342 3029 2395 nuntios
3086 2343 3304 2412 dirigit,
3367 2354 3427 2398 ut
3478 2345 3687 2400 scilicet
3728 2360 3831 2399 eam

2281 2436 2517 2495 ereptam
2560 2442 2589 2480 a
2640 2428 2759 2483 loco
2804 2429 2857 2482 in
2884 2444 2988 2497 quo
3016 2433 3183 2497 posita
3207 2441 3341 2498 erat,
3374 2435 3659 2501 acciperet.
3696 2433 3830 2498 Quod

2283 2515 2372 2570 ille
2397 2532 2502 2570 non
2529 2518 2789 2581 abnuens,
2821 2529 3149 2588 assumptam
3180 2520 3246 2575 de
3274 2522 3600 2576 monaSIerio
3630 2523 3831 2590 puellam

2281 2621 2380 2659 suo
2409 2607 2658 2677 eonjugio
2687 2611 2988 2677 copulavit,
3039 2612 3413 2683 regalibusque
3458 2614 3687 2668 munitus
3716 2628 3836 2681 prae»

2280 2698 2633 2765 eeptionibus,
2666 2702 2853 2755 timere
2879 2712 3158 2768 parentum
3186 2704 3391 2759 distulit
3412 2705 3602 2759 minas.

2355 2797 2516 2851 XVII.
2548 2800 2657 2852 Itex
2688 2815 2817 2854 vero
2849 2800 3184 2869 Chilpericus
3224 2803 3419 2858 multos
3448 2804 3742 2860 Judaeorum
3774 2821 3833 2862 eo

2282 2900 2424 2941 anno
2455 2887 2707 2957 baptizari
2740 2891 3029 2959 praecepit,
3076 2908 3141 2946 ex
3186 2893 3375 2962 quibus
3420 2894 3598 2964 plures
3644 2899 3834 2966 excepit

2282 2992 2312 3031 e
2342 2988 2529 3032 sancto
2579 2981 2815 3035 lavacro.
2874 2980 3127 3037 Nonnulli
3182 2993 3354 3039 tamen
3405 3000 3588 3040 eorum
3634 3002 3838 3056 corpore

611 3087 801 3143 erant,
834 3076 1091 3146 supplicat
1136 3081 1193 3127 ut
1260 3085 1578 3126 consensum
1604 3111 1618 3133 ,
1671 3084 1827 3138 quem
1857 3069 1908 3121 in
1942 3069 2175 3135 Burgun—
2202 3060 2252 3125 C
2285 3081 2512 3133 tantum,
2567 3086 2671 3125 non
2714 3074 2876 3126 corde
2916 3075 3079 3127 abluti
3123 3075 3168 3138 i,
3214 3078 3372 3147 293
3415 3077 3480 3131 ad
3507 3080 3667 3148 ipsam
3690 3094 3837 3149 quam

610 3172 824 3225 tlionem
859 3176 1102 3236 nepotem
1134 3179 1286 3218 suum
1319 3164 1533 3225 fecerat,
1567 3161 1677 3216 suis
1707 3161 2179 3230 subscriptionibus

612 3263 947 3316 roborarent.
984 3257 1137 3323 Quod
1181 3269 1299 3308 eum
1344 3254 1535 3308 factum
1583 3252 1802 3313 fuisset.
1848 3267 1967 3307 eum
2000 3253 2062 3306 ad
2093 3269 2177 3307 me

612 3352 866 3420 dirigunt.
918 3350 1047 3404 Erat
1088 3356 1215 3402 tunc
1257 3345 1512 3413 temporis
1542 3344 1846 3413 Burgundio
1870 3383 1884 3408 ,
1916 3347 2060 3413 quasi
2092 3359 2179 3398 an-

612 3457 801 3497 norum
832 3437 1015 3509 viginti
1052 3439 1306 3506 quinque.
1347 3435 1446 3502 Qui
1494 3438 1744 3503 veniens,
1778 3445 2005 3504 rogatut
2030 3450 2177 3491 acce-

613 3532 747 3586 dens
798 3544 967 3599 usque
1014 3528 1332 3592 Namnetes,
1365 3526 1673 3593 episcopum
1728 3541 1847 3579 eum
1898 3526 1951 3579 in
2000 3528 2173 3581 locum

611 3622 881 3686 avunculi,
911 3620 998 3688 qui
1026 3618 1200 3672 adhuc
1226 3626 1494 3684 superstes
1523 3624 1657 3681 erat,
1692 3626 2017 3671 tonsoratum
2051 3636 2176 3673 con-

611 3727 824 3769 secrare
848 3711 1123 3765 deberem.
1177 3710 1326 3775 Quod
1368 3722 1467 3776 ego
1512 3708 1707 3776 abnui,
1738 3712 1857 3778 quia
1881 3713 2174 3765 canonibus

608 3816 714 3856 non
760 3802 918 3873 292
963 3800 1248 3855 convenire
1294 3798 1514 3865 cognovi
1554 3808 1602 3851 ο.
1657 3800 1947 3853 Consilium
1998 3812 2172 3856 tamen

607 3892 845 3962 praebui,
885 3892 1106 3946 dicens:
1141 3890 1407 3944 Habemus
1450 3894 1699 3957 scriptum
1749 3890 1803 3944 in
1859 3894 2169 3959 canonibus,

607 3982 703 4046 fili,
736 3998 841 4036 non
872 3996 1024 4048 posse
1052 3994 1371 4050 quemquam
1416 3982 1480 4033 ad
1511 3980 1869 4048 episcomtum
1896 3984 2170 4050 accedere,

608 4074 711 4127 nisi
766 4073 913 4140 prius
955 4070 1347 4126 ecclesiasticos
1391 4072 1583 4139 gradus
1629 4072 1942 4141 regulariter
1977 4077 2172 4129 sortia-

679 4194 705 4223 ἰ
746 4184 897 4250 Bad.,
928 4182 1102 4250 varice,
1123 4182 1372 4246 morbive;
1402 4183 1489 4235 alii
1520 4182 1606 4236 ed.
1629 4197 1747 4237 cum
1776 4183 2045 4247 Fulberto,
2071 4186 2169 4238 mi—

606 4256 745 4308 linw.
2074 4285 2078 4289 .

678 4322 705 4362 δ
748 4324 860 4379 Hoc
887 4328 1045 4390 caput
1069 4321 1219 4374 deest
1246 4321 1479 4390 inCorb.
1513 4330 1565 4375 et
1596 4319 1750 4375 Colb.

681 4404 703 4431 ε
749 4395 859 4447 lloc
899 4389 1119 4446 vetitum
1153 4407 1268 4443 can.
1299 4389 1331 4442 8
1363 4406 1513 4445 conc.
1541 4391 1737 4446 Nicacni
1766 4433 1779 4458 ,
1818 4391 1956 4458 quod
1987 4402 2166 4460 postea

605 4462 725 4517 aliis
754 4462 1115 4530 compluribus
1144 4462 1511 4530 conﬁrmatum
1540 4462 1654 4514 fuit.

677 4530 703 4568 ιι
743 4534 832 4587 Sic
857 4529 1038 4585 statuit
1077 4531 1270 4584 concil.
1302 4529 1642 4595 Sardicense,
1670 4546 1785 4584 can.
1822 4529 1903 4593 15,
1938 4532 1987 4584 in
2020 4531 2171 4586 Grae—

602 4616 668 4656 co
694 4602 785 4666 10,
816 4601 956 4669 quod
983 4599 1173 4653 summi
1206 4600 1480 4665 pontifices
1510 4601 1761 4667 deinceps
1789 4611 1840 4653 et
1875 4602 1964 4653 alii
1997 4613 2170 4669 patres

604 4672 763 4724 variis
808 4672 862 4723 in
907 4669 1124 4739 synodis
1153 4670 1556 4723 confirmarunt.
1619 4671 1746 4724 Vide
1767 4671 2009 4724 Gratian.
2042 4674 2165 4727 dist.

603 4740 673 4795 52
693 4749 746 4795 et
776 4740 867 4794 59.

677 4819 701 4847 °
744 4810 797 4865 Id
828 4819 947 4873 est,
978 4823 1039 4861 ex
1083 4807 1390 4861 cantharide
1429 4808 1643 4862 animali
1691 4824 1960 4865 venenoso
1992 4814 2171 4865 confe-

601 4889 744 4936 ctum
774 4922 787 4949 ,
820 4877 1263 4949 quemadmodum
1309 4893 1375 4931 ex
1414 4880 1609 4946 viperis
1650 4880 1870 4949 aliisque
1905 4882 2165 4936 similibus

604 4946 847 5005 remedia
866 4946 1099 5004 adhiberi
1126 4948 1297 5000 solent
1323 4948 1386 4999 ad
1417 4949 1722 5003 morborum
1751 4946 2101 5004 curationem.

682 5020 701 5058 ί
742 5022 885 5075 Obiit
921 5033 1010 5072 vm
1046 5017 1119 5071 id.
1150 5016 1412 5081 Januarii;
1448 5020 1637 5072 colitur
1682 5022 1753 5072 uti
1784 5035 1996 5075 saueius
2027 5021 2162 5089 apud

601 5090 1007 5146 Namnetenses.
1034 5089 1106 5142 De
1132 5101 1195 5141 eo
1218 5102 1373 5153 supra
1406 5090 1496 5141 lib.
1531 5105 1580 5151 ν,
1613 5103 1731 5157 cap.
1761 5092 1813 5143 5.

673 5169 699 5206 8
733 5161 842 5215 lloc
871 5167 1049 5229 caput,
1069 5158 1207 5227 quod
1237 5172 1356 5212 cum
1384 5160 2020 5226 praecedentiueeessario
2039 5174 2163 5211 eon-

596 5228 866 5298 jungitur,
923 5228 1097 5298 exstat
1146 5229 1362 5282 totidem
1421 5229 1597 5283 verbis
1645 5234 1696 5283 in
1726 5244 1853 5283 mss.
1907 5231 2061 5283 Corb.
2113 5238 2167 5281 et

603 5295 756 5353 Colb.
776 5316 790 5363 ;
814 5300 955 5354 unde
986 5297 1318 5367 inferendum
1350 5308 1629 5365 utrumque
1668 5314 1785 5354 esse
1825 5298 2060 5367 Gregorii
2090 5298 2167 5351 fe-

603 5376 734 5437 tum.
784 5370 847 5421 Et
894 5366 1337 5437 mmeanointius
1380 5379 1656 5437 utrumque
1685 5366 1957 5423 insititium
1989 5368 2163 5431 dixit;

601 5436 697 5489 sed
741 5451 860 5508 cum
898 5438 1017 5508 cod.
1065 5436 1403 5508 Corbeiensis
1436 5436 1593 5506 paulo
1625 5449 1742 5506 post
1767 5437 2004 5508 Gregorii
2033 5447 2167 5490 aeta-

602 5512 707 5576 t_eut
747 5505 818 5576 sit
855 5506 1083 5576 scriptus
1108 5546 1124 5570 ,
1177 5504 1332 5576 fateri
1365 5504 1522 5576 igitur
1546 5504 1705 5563 debet
1732 5504 2163 5576 interpolatorem

600 5574 858 5641 Gregorio
887 5575 995 5626 fere
1021 5575 1279 5641 aequalem
1308 5574 1491 5630 fuisse.

668 5640 931 5697 ’Civitas
981 5640 1481 5710 Nov’empopulaniae
1519 5647 1629 5701 sive
1667 5644 1939 5701 hodierna:
1970 5646 2165 5704 Vasco-

2285 3162 2430 3232 prius
2459 3164 2731 3231 perfidiam
2752 3165 3060 3231 habuerant,
3097 3166 3203 3221 Deo
3228 3170 3435 3222 mentiti
3457 3170 3678 3240 regressi
3701 3183 3834 3235 sunt,

2282 3256 2350 3307 ita
2394 3263 2448 3307 ut
2486 3263 2540 3306 et
2587 3254 2862 3308 sabbatum
2906 3256 3227 3319 observare,
3255 3268 3307 3311 ct
3345 3260 3484 3313 diem
3529 3259 3835 3315 dominicum

2285 3348 2549 3401 honorare
2589 3348 2914 3403 viderentur.
2966 3350 3175 3405 Priscus
3214 3354 3355 3420 (sup.
3400 3371 3515 3422 cap.
3546 3354 3601 3423 5)
3630 3368 3750 3408 vero
3778 3355 3836 3408 ad

2278 3438 2703 3505 cognoscendam
2733 3439 3014 3493 veritatem
3047 3441 3189 3494 nulla
3217 3444 3423 3508 penitus
3450 3444 3617 3509 potuit
3645 3443 3836 3497 ratione

2278 3527 2507 3581 deflecti.
2539 3528 2687 3582 Tunc
2716 3528 2879 3582 iratus
2911 3543 3003 3583 rex
3024 3569 3037 3591 ,
3074 3530 3235 3599 jussit
3262 3545 3382 3584 eum
3416 3533 3668 3587 custodia:
3692 3549 3837 3587 man-

2278 3619 2469 3688 cipari,
2500 3620 2704 3674 scilicet
2732 3629 2789 3674 ut
2827 3635 2983 3689 quem
3016 3621 3237 3675 credere
3264 3622 3567 3679 voluntarie
3606 3638 3707 3677 non
3753 3638 3835 3691 po-

2278 3717 2449 3773 terat,
2502 3710 2687 3761 saltem
2735 3712 2955 3764 credere
3003 3712 3199 3765 faccrct
3228 3712 3309 3765 vel
3336 3714 3582 3767 invitum.
3624 3714 3727 3769 Sed
3752 3716 3835 3771 ille

2276 3802 2413 3854 datis
2442 3802 2756 3869 quibusdam
2786 3804 3117 3871 muneribus,
3144 3807 3370 3872 spatium
3403 3809 3653 3874 postulat,
3678 3808 3834 3863 donec

2275 3892 2414 3944 [ilius
2434 3893 2549 3959 ejus
2568 3891 2950 3947 Massiliensem
2978 3894 3253 3949 Hebrmam
3286 3898 3504 3964 accipiat
3527 3914 3542 3963 ;
3573 3900 3832 3967 pollicetur

2274 3982 2458 4035 dolose
2505 3997 2566 4036 se
2612 3982 2862 4051 deinceps
2908 4000 3024 4052 qua:
3070 4000 3161 4041 rex
3202 3986 3437 4054 jusserat
3486 3992 3830 4058 impleturum.

2275 4070 2480 4126 Interea
2512 4072 2682 4125 oritur
2715 4072 2938 4128 intentio
2969 4075 3104 4129 inter
3142 4076 3293 4131 illum
3331 4088 3386 4133 et
3420 4078 3687 4135 Phatirem
3708 4080 3830 4146 her

2276 4186 2399 4263 nite,
2425 4185 2787 4263 vulgoBazas.
2824 4187 2994 4263 Patria
3028 4189 3122 4263 fuit
3161 4189 3383 4246 Ausonii
3421 4193 3616 4248 nobilis
3646 4204 3826 4263 poetre,

2274 4258 2361 4322 qui
2388 4265 2506 4324 post
2526 4257 2744 4332 adeptas
2774 4261 3075 4332 complures
3098 4261 3302 4329 imperii
3329 4257 3826 4332 dignitatem-factus

2274 4335 2359 4399 est.
2384 4327 2623 4401 etinsulna
2656 4327 3077 4401 Cratiaiio‘itnp.
3097 4327 3195 4381 suo
3226 4327 3699 4401 ipsius'discipulo.

2196 4426 2247 4485 Β
2351 4394 2366 4429 ί
2409 4395 2495 4449 Sic
2549 4395 2707 4449 Curb.
2759 4408 2810 4450 et
2848 4394 3184 4452 Colb.—Editi
3234 4394 3353 4453 cum
3399 4394 3751 4473 Item-puero.
3784 4405 3831 4458 In

2278 4465 2463 4517 licam.
2500 4465 2612 4517 haec
2642 4482 2741 4517 vnx
2786 4466 2955 4517 deest.
3021 4467 3256 4517 Utramte
3303 4471 3459 4517 lamin
3499 4474 3653 4517 Imnn-
3710 4475 3831 4517 nam

2324 4480 2463 4529 cgm.
2500 4465 2612 4517 haec
2642 4482 2741 4518 vox
2786 4466 2955 4520 deest.
3021 4467 3256 4537 Utraque
3303 4471 3459 4524 lectio
3497 4465 3653 4527 bona.
3707 4475 3833 4527 llaro

2278 4547 2452 4611 tamen
2493 4550 2617 4605 puer
2660 4551 2753 4603 pro
2801 4538 2917 4611 viro
2958 4547 3261 4607 usurpatur,
3310 4543 3506 4611 saepius
3538 4560 3631 4610 pro
3662 4559 3828 4605 servo,

2275 4607 2432 4658 etiam
2464 4618 2725 4683 provecta:
2756 4609 2953 4683 aetatis,
2988 4624 3085 4659 non
3116 4607 3435 4683 wtqtent,_ut
3466 4607 3698 4683 loquitur
3727 4615 3833 4667 llic-

2275 4689 2549 4746 .ppymus,
2574 4678 2666 4746 sed
2701 4676 3039 4730 conditionem
3061 4680 3428 4746 exprimendo.

2349 4744 2362 4791 i
2412 4744 2520 4795 Mos
2566 4743 2725 4809 fuisse
2760 4747 2968 4799 videtur
2996 4743 3197 4802 tune'in
3230 4750 3417 4803 Galliis
3448 4750 3658 4807 Jtnlreos
3684 4754 3745 4805 ad
3774 4754 3828 4804 li-

2272 4814 2391 4867 detn
2424 4814 2673 4931 cogendi,
2708 4824 2844 4880 quoii
2879 4816 3140 4883 improbat
3205 4818 3429 4887 Gregor.
3464 4823 3635 4889 Magn.
3670 4825 3757 4877 lib.
3786 4836 3828 4885 ι,

2272 4886 2427 4931 enisi.
2454 4886 2478 4931 ά
2511 4881 2539 4931 ’.
2568 4884 2663 4931 Adi
2689 4882 2953 4931 Cnintinm
2982 4902 3040 4931 ea
3082 4886 3150 4931 de.
3177 4902 3233 4931 ra
3256 4890 3609 4931 diagramma...
3654 4896 3717 4931 ml
3744 4907 3828 4931 an-

2272 4886 2427 4950 epist.
2454 4881 2539 4932 45.
2568 4884 2663 4935 Adi
2689 4881 2967 4938 Cointiunr
2982 4902 3041 4938 ea
3082 4886 3150 4939 de
3177 4902 3233 4941 re
3256 4881 3609 4946 disserente-ni
3652 4896 3720 4946 ad
3744 4881 3829 4945 an;

2271 4967 2394 5005 num
2426 4950 2548 5024 59f,
2582 4968 2727 5024 num.
2761 4954 2826 5005 1‘2
2855 4966 2909 5007 et
2934 4969 3107 5024 seqq.,
3132 4966 3183 5010 et
3211 4957 3507 5014 Launoium
3540 4966 3590 5016 iu
3620 4962 3713 5017 lib.
3745 4966 3830 5014 hac

2271 5027 2338 5076 de
2370 5036 2425 5074 re
2446 5022 2713 5083 singulari.

2347 5094 2367 5125 κ
2412 5090 2499 5143 Sic
2525 5090 2684 5165 Corb.
2720 5091 2950 5165 etColb.
2984 5108 3100 5165 cum
3133 5095 3353 5165 Cliesn.;
3385 5102 3509 5154 Bec.
3540 5117 3698 5164 vero,
3742 5100 3833 5154 Ρη-

2274 5161 2693 5236 ihir_en;_a|iquot
2729 5162 2839 5226 cd.,
2889 5164 3170 5236 lfttthi'rem.
3203 5161 3412 5236 Regum,
3442 5171 3597 5225 Colb.
3626 5161 3761 5227 alter
3787 5180 3833 5223 et

2276 5232 2429 5294 Bad.,
2475 5228 2717 5293 Patrem,
2759 5242 2812 5284 et
2844 5232 2973 5285 inira
3004 5231 3180 5287 Pater.
3220 5228 3546 5293 Po'rro'alter
3570 5244 3695 5296 cod.
3728 5242 3833 5295 Col:

2271 5301 2538 5373 bertinus,
2583 5300 2673 5373 qui
2717 5311 2862 5354 caret
2916 5302 3093 5366 initio,
3150 5305 3332 5373 incipit
3373 5311 3440 5362 ab
3488 5310 3572 5363 his
3630 5311 3827 5371 verbis,

2271 5368 2483 5442 Priscus
2514 5371 2812 5442 prmcinctus
2842 5373 3040 5442 orario,
3071 5384 3199 5437 etc.,
3254 5368 3411 5442 quem
3448 5379 3694 5434 codicem
3744 5368 3830 5433 sub

2270 5439 2327 5494 S.
2360 5438 2625 5504 Michaelis
2671 5439 2883 5493 nomine
2914 5441 3089 5494 laudat
3138 5438 3376 5500 Cointius
3412 5464 3425 5499 :
3473 5463 3570 5501 nos
3614 5465 3743 5505 vero
3783 5454 3834 5502 ut

2269 5510 2403 5561 duos
2444 5507 2789 5582 hoscecodd.
2832 5508 3165 5582 Colbertinos
3192 5529 3220 5565 a
3249 5518 3626 5582 sesejnvicem
3661 5520 3832 5573 distin—

2266 5590 2520 5656 guamus,
2547 5577 2890 5656 [πῖθι-εἰη(ιυί
2937 5578 3030 5632 fuit
3054 5581 3347 5656 S.__Arnulii
3372 5577 3671 5656 Mettensis,
3695 5588 3830 5643 Colb.

2267 5662 2345 5715 a.,
2381 5645 2522 5699 hunc
2542 5659 2666 5699 vero
2685 5646 2837 5701 Colb.
2871 5662 2943 5701 m.
2972 5650 3375 5718 appellabimus.
