3942 6190
104 258 185 310 589

1010 244 1326 300 IIISTORIA
1367 241 1811 298 FRANCORUM.
1854 240 2052 295 LIBER
2095 240 2388 297 SEXTUS.

3213 241 3318 295 390

106 370 259 427 Iudteo
283 379 595 423 conversum
621 403 637 430 ,
672 364 757 433 qui
788 364 892 431 jam
921 364 1061 433 regis
1102 363 1241 418 ﬁlius
1267 372 1474 417 eratex
1498 362 1638 415 Iava-
1667 361 1715 419 A
1743 368 1846 412 tum
1878 360 2012 427 (Act.
2061 376 2113 426 v,
2138 362 2231 430 9)?
2263 363 2384 415 Non
2412 377 2463 415 es
2490 361 2773 415 hominibus
2805 362 3065 422 utentitus,
3092 360 3179 413 sed
3215 359 3322 414 Deo

106 475 197 515 cro.
224 459 461 526 Cumque
488 456 571 510 die
601 454 811 508 sabbati
843 452 1055 507 Priscus
1091 454 1410 522 praecinctus
1440 451 1637 516 orario,

109 551 278 605 nullum
306 549 359 602 in
404 560 588 601 manus
608 545 801 600 ferens
830 544 1208 599 ferramentum
1234 583 1250 610 ,
1282 542 1542 597 Mosaicas
1566 544 1642 596 le-

110 657 183 710 ges
202 639 339 709 quasi
364 637 677 706 impleturus
702 674 719 701 ,
748 634 1035 689 secretiora
1076 640 1435 701 competeret,
1465 630 1642 685 subito

110 728 258 785 Phatir
274 727 557 781 adveniens
579 767 595 789 ,
629 726 803 794 ipsum
849 721 1026 791 gladio
1054 736 1174 776 cum
1205 721 1367 775 sociis
1395 720 1483 788 qui
1516 720 1643 772 ade-

113 829 208 874 rant
226 816 495 887 iugulavit.
533 815 737 882 Quibus
765 813 1091 878 interfectis,
1121 813 1191 867 ad
1221 813 1493 867 basilicam
1521 827 1643 865 san-

110 910 162 962 cti
196 906 377 961 Iuliani
409 914 437 943 ι
468 919 587 959 cum
636 903 817 972 pueris
860 902 1005 967 suis,
1052 900 1144 971 qui
1193 900 1259 954 ad
1277 904 1641 970 propinquam

109 998 297 1064 plateam
316 1003 505 1060 erant,
528 992 786 1064 confugit.
826 992 1068 1058 Cumque
1095 990 1291 1044 ibidem
1322 989 1640 1054 residerent,

108 1086 296 1139 audiunt
318 1083 457 1153 quod
486 1098 578 1138 rex
597 1124 613 1147 ,
643 1082 919 1136 dominum
953 1081 1058 1134 vita
1085 1094 1365 1135 excessum
1393 1080 1443 1144 δ,
1474 1078 1642 1133 famu-

115 1176 181 1231 los
203 1185 431 1244 tanquam
470 1172 849 1227 malefactores
877 1185 907 1223 a
935 1170 1154 1224 basilica
1188 1177 1385 1223 tractos
1402 1210 1416 1233 ,
1436 1169 1641 1237 iuberet

109 1263 323 1317 interﬁci.
346 1263 495 1316 Tunc
526 1273 665 1314 unus
691 1274 756 1313 ex
789 1258 873 1311 his
901 1257 1177 1326 evaginato
1202 1256 1398 1325 gladio,
1423 1255 1642 1310 domino

1750 449 1887 518 (Act.
1916 450 2083 521 v,4).
2125 450 2227 506 Ubi
2275 461 2355 505 est
2397 461 2450 505 et
2494 451 2653 513 illud,
2687 453 2825 517 qunti
2870 451 3062 503 Paulus
3092 451 3316 519 mystica

1744 540 1881 596 dona
1920 556 2346 598 commemorans
2366 581 2382 606 ,
2423 542 2495 595 ait
2527 559 2539 593 :
2584 542 2712 594 Πωο
2742 543 2875 593 enim
2906 550 3147 609 aperatur
3184 556 3317 593 unus

1744 640 1894 699 atque
1939 634 2075 687 idem
2123 631 2379 703 Spiritus,
2434 633 2665 686 dividens
2695 631 2965 701 unicuique
3018 640 3167 701 prout
3212 631 3320 683 vult
3374 634 3380 639 ’

1745 719 1809 789 (Ι
1837 720 1958 774 Cor.
2024 737 2120 785 ιιι,
2164 723 2287 790 Η).
2347 722 2447 786 Qui
2504 723 2644 776 enim
2687 732 2939 791 Operatur
2980 722 3122 789 quod
3170 720 3319 785 vult,

1744 810 1876 864 nulli
1920 810 2257 879 cognoscitur
2301 825 2419 864 esse
2464 810 2753 879 subjectus.
2802 811 3105 867 Accedente
3145 821 3320 864 autem

1743 899 2050 953 Ansoualdo
2071 900 2136 953 ad
2160 900 2517 968 Chiipericnm
2551 916 2727 969 regem
2745 940 2760 965 ,
2787 900 2983 967 legatio
3008 899 3027 936 ί
3058 901 3321 966 Hispano-

1744 1003 1863 1041 rum
1892 998 1975 1043 est
2022 991 2336 1052 subsecuta;
2377 1005 2498 1058 quae
2544 989 2611 1042 de
2648 990 2950 1058 Chilperico
3000 990 3065 1044 ad
3107 990 3323 1044 Childe-

1744 1077 1951 1131 bertum
1978 1078 2271 1144 accedens,
2301 1075 2351 1131 in
2382 1078 2661 1146 Hispanias
2687 1089 2769 1133 est
2806 1094 3066 1148 regressa.

1815 1167 1956 1221 XIX.
1998 1168 2151 1235 Apud
2181 1168 2402 1221 Pontem
2431 1182 2557 1221 vero
2581 1167 2891 1223 Urbiensem
2917 1178 2941 1214 ε
2973 1168 3200 1222 civitatis
3225 1168 3323 1221 Pa-

1744 1256 1953 1311 risiacae
1973 1297 1987 1321 ,
2023 1258 2353 1325 Chilpericus
2385 1273 2477 1313 rex
2510 1258 2757 1313 custodes
2796 1268 3074 1327 p0suerat,
3106 1266 3167 1311 ut
3196 1259 3322 1311 insi-

3344 1111 3351 1137 i

110 1361 225 1406 suo‘
246 1351 345 1420 jam
377 1354 580 1419 fugato,
604 1347 781 1401 socios
807 1360 933 1400 suos
962 1346 1231 1409 interﬁcit,
1268 1346 1381 1413 ipse
1406 1356 1644 1412 postmo-
1743 1346 1980 1400 diatores
2011 1348 2171 1417 295
2200 1348 2266 1401 de
2306 1363 2471 1416 regno
2510 1347 2689 1401 fratris
2731 1349 2813 1401 sui
2844 1364 2909 1403 ne
2939 1358 3197 1404 nocerent
3228 1348 3323 1401 ali-

109 1444 212 1496 dum
238 1457 347 1496 cum
390 1440 569 1511 gladio
597 1439 665 1493 de
705 1436 927 1491 basilica
965 1449 1250 1505 egressus;
1282 1436 1374 1488 sed
1406 1436 1644 1489 irruente
1742 1435 1900 1503 quid,
1931 1445 2262 1491 arcerentur.
2309 1438 2425 1503 Quo
2465 1438 2493 1473 ιι
2522 1438 2797 1505 Asclepius
2827 1453 2887 1492 ex
2932 1438 3066 1493 duce
3112 1453 3319 1507 praeco-

108 1549 241 1603 tuper
265 1549 321 1590 se
346 1533 541 1603 populo
562 1572 577 1595 ,
607 1529 895 1585 crudeliter
925 1526 1239 1582 interfectus
1267 1536 1366 1581 est.
1402 1526 1587 1580 Phatir
1608 1526 1643 1563 κά
1744 1528 1891 1595 gnito
1912 1566 1927 1591 ,
1972 1536 2129 1581 nocte
2176 1526 2384 1580 irruens
2408 1567 2421 1593 ,
2470 1527 2737 1580 interfecit
2764 1542 2981 1593 omnes,
3030 1543 3324 1599 pagumque

109 1634 253 1678 autem
298 1632 507 1689 accepta
569 1618 825 1683 licentia,
874 1615 941 1670 ad
971 1630 1192 1684 regnum
1225 1613 1642 1680 Guntchramni,
1749 1617 1893 1683 ponti
1922 1619 2221 1685 proximum
2268 1616 2498 1685 graviter
2540 1617 2893 1684 depopulatus
2937 1628 3040 1672 est.
3087 1619 3328 1687 Cumque

108 1714 220 1768 unde
242 1720 490 1776 venerat,
524 1718 612 1765 est
656 1721 964 1777 regressus:
995 1705 1089 1760 sed
1137 1720 1243 1759 non
1289 1713 1411 1774 post
1448 1707 1642 1761 multos
1669 1707 1723 1769 Β
1749 1707 1861 1761 haec
1886 1707 1994 1775 regi
2024 1705 2326 1773 Chilperico
2356 1706 2593 1758 nuntiata
2627 1705 2881 1772 fuissent,
2911 1708 3072 1760 mittit
3112 1709 3324 1763 nuntios

108 1804 197 1857 dies
215 1819 240 1857 a
268 1802 572 1868 parentibus
599 1798 768 1854 Prisci
793 1796 1104 1855 interfectus
1131 1803 1229 1848 est.

161 1894 322 1947 XVIII.
360 1892 523 1961 Igitur
569 1889 725 1958 legati
768 1885 1051 1953 Chilperici
1088 1885 1256 1953 regis,
1308 1884 1362 1937 id
1400 1893 1481 1938 est
1525 1888 1636 1939 An-

108 1987 318 2041 ser-ldus
341 1996 394 2041 et
424 1962 795 2052 Domegisclus
820 1987 866 2043 ε,
898 1976 984 2045 qui
1011 1975 1075 2027 ad
1103 1976 1527 2043 conspiciendam
1553 1978 1647 2031 do-

109 2084 192 2129 tem
214 2074 569 2144 in'iiispanias
592 2071 804 2126 fuerant
830 2067 1011 2132 missi,
1039 2066 1269 2134 regressi
1310 2074 1456 2121 sunt.
1488 2068 1648 2139 294

98 2171 181 2226 illa
199 2172 368 2227 diebus
398 2167 781 2226 Leuvichildus
811 2181 905 2220 rex
950 2166 1000 2217 in
1031 2164 1267 2218 exercitu
1304 2173 1489 2217 contra
1520 2163 1647 2214 Her-

1748 1797 2060 1862 comitibus,
2107 1796 2463 1862 ducibusque,
2497 1805 2551 1849 et
2591 1796 2808 1863 reliquis
2866 1799 3142 1866 agentibus
3192 1798 3234 1863 ί,
3272 1810 3326 1853 ιιι

1747 1888 1975 1941 collecto
2016 1888 2249 1941 exercitu
2283 1887 2334 1939 in
2366 1901 2583 1954 regnum
2630 1888 2867 1953 germani
2905 1891 2987 1941 sui
3034 1890 3322 1944 irruerent.

1747 1978 1851 2033 Sed
1893 1978 2186 2045 prohibitus
2217 1986 2300 2032 est
2347 1978 2570 2032 consilio
2618 1978 2876 2032 bonorum
2925 1979 3227 2047 hominum,
3261 1999 3327 2035 ne

1750 2070 1971 2134 faceret,
1997 2068 2285 2120 dicentium
2310 2067 2412 2120 sibi
2438 2084 2452 2118 :
2483 2067 2559 2120 Illi
2582 2082 2833 2136 perverse
2855 2078 3097 2137 egerunt,
3121 2079 3177 2124 tu
3199 2087 3327 2126 vero

1749 2158 2015 2227 sapienter
2055 2173 2169 2225 age.
2205 2158 2352 2212 Mitte
2392 2158 2540 2211 fratri
2590 2159 2837 2225 nuntios,
2890 2168 2944 2214 et
2986 2159 3034 2214 si
3078 2163 3326 2229 iniuriam

110 2264 416 2332 menegiidum
455 2261 629 2315 tilium
645 2274 795 2313 suum
808 2254 1558 2320 residebat,cuietEmeritam
1573 2252 1649 2305 ci-
1750 2257 1893 2303 tuam
1920 2250 2204 2303 emendare
2226 2248 2483 2314 voluerit,
2508 2247 2780 2301 nihilmali
2804 2265 3011 2317 qureras
3036 2250 3050 2301 i
3089 2269 3100 2303 :
3128 2252 3173 2306 si
3201 2268 3329 2308 vero
3360 2314 3361 2317 η

110 2353 290 2407 vitalem
314 2353 554 2407 abstulit.
569 2350 698 2403 Nam
718 2349 801 2402 hic
815 2347 1041 2416 qualiter
1055 2360 1173 2400 cum
1188 2345 1407 2399 ducibus
1423 2344 1649 2411 impera-

116 2444 219 2498 toris
234 2443 415 2497 Tiberii
445 2442 613 2496 fuerit
642 2439 971 2506 conjunctus,
992 2436 1103 2504 jam
1132 2436 1375 2504 superius
1394 2433 1645 2502 exposui-

111 2531 352 2601 nius.(Lib.
368 2549 418 2597 v,
442 2549 562 2600 cap.
583 2528 678 2599 59)
692 2530 818 2581 Nam
835 2527 1084 2594 etlegatis
1098 2526 1209 2579 inec
1229 2539 1387 2579 causa
1406 2526 1650 2579 innexuit

118 2638 286 2691 mons,
304 2624 575 2678 uttardius
599 2619 1026 2688 regrederentur.
1046 2617 1244 2682 Quibus
1258 2618 1405 2682 visis,
1420 2632 1517 2684 ego
1539 2617 1644 2669 sol-

118 2711 257 2767 licitus
282 2730 419 2769 eram
439 2754 455 2779 ,
488 2710 726 2782 qualiter
754 2709 803 2763 in
835 2709 963 2777 ipsis
1002 2706 1349 2782 Christianis,
1380 2707 1468 2775 qui
1500 2706 1649 2772 pauci

110 2803 158 2855 in
178 2806 356 2860 coloco
378 2809 785 2867 remanserant,
817 2799 947 2853 ﬁdes
976 2799 1166 2853 Christi
1206 2798 1453 2853 ferveret.
1501 2797 1649 2851 Tunc

108 2896 212 2951 mihi
238 2897 341 2952 haec
364 2894 715 2953 Ansoualdus
741 2891 1015 2959 respondit
1046 2907 1059 2944 :
1092 2890 1374 2945 Christiani
1404 2889 1490 2959 qui
1511 2902 1651 2943 nunc

110 2988 220 3053 apud
245 2989 515 3056 Hispanias
561 2992 992 3047 commorantur,
1028 2982 1344 3036 catholicam
1384 2981 1541 3037 ﬁdem
1572 2983 1651 3035 in-

1753 2339 2019 2404 noluerit,
2048 2338 2298 2392 tractabis
2329 2337 2584 2406 deinceps
2613 2337 2737 2407 quid
2766 2341 3024 2407 sequaris.
3058 2341 3123 2395 Et
3150 2341 3227 2397 sic
3249 2359 3330 2396 ra-

1754 2428 1898 2482 tione
1936 2438 2181 2497 accepta,
2236 2428 2503 2496 prohibito
2532 2431 2768 2483 exercitu
2821 2431 3138 2498 legationem
3182 2432 3330 2490 fratri

1752 2520 1954 2587 dirigit.
2000 2521 2101 2575 Sed
2150 2520 2241 2573 ille
2269 2531 2458 2574 cuncta
2500 2521 2821 2589 emendans,
2869 2523 3045 2579 fratris
3090 2526 3331 2594 quaesivit

1753 2609 1959 2676 integre
1985 2608 2319 2662 charitatem.

1826 2698 1943 2752 XX.
1987 2699 2064 2751 Eo
2089 2713 2229 2751 anno
2260 2698 2558 2753 Chrodinus
2588 2698 2744 2762 obiit,
2791 2700 2871 2753 vir
2909 2702 3203 2770 magniﬁca:
3232 2704 3329 2758 bo-

1754 2791 1933 2844 nitatis
1959 2799 2014 2844 et
2041 2791 2281 2858 pietatis,
2309 2792 2755 2860 eleemosynarius
2793 2791 2973 2858 valde,
3007 2808 3328 2862 pauperum-

1754 2896 1859 2951 que
1887 2881 2135 2945 refector,
2181 2882 2414 2948 protinus
2442 2881 2635 2935 ditator
2673 2882 3052 2951 ecclesiarum,
3097 2886 3327 2941 clerico-

1756 2987 1983 3042 rumque
2018 2973 2261 3026 nutritor.
2311 2971 2441 3025 Nam
2469 2987 2612 3041 saepe
2640 2987 2669 3027 a
2697 2989 2835 3028 novo
2873 2973 3098 3031 fundans
3142 2978 3327 3046 villas,

115 3085 227 3145 tegre
258 3086 485 3133 servant.
520 3074 633 3130 Sed
669 3088 760 3127 rex
795 3085 931 3125 novo
961 3086 1100 3126 nunc
1146 3072 1358 3140 ingenio
1386 3086 1504 3126 eam
1534 3072 1655 3125 niti—
1683 3070 1729 3134 C
1762 3078 1963 3134 ponens
1988 3066 2200 3130 vineas,
2250 3062 2520 3120 aediﬁcanti
2560 3064 2776 3135 domos,
2816 3065 3048 3123 culturas
3087 3069 3329 3138 erigens,

114 3174 178 3218 tur
198 3170 488 3231 exturbare,
523 3166 657 3219 dum
682 3161 867 3216 dolose
886 3169 940 3215 et
985 3161 1049 3214 ad
1080 3161 1321 3228 sepulcra
1354 3168 1650 3231 martyrum

113 3268 152 3311 et
174 3260 214 3313 in
250 3261 481 3316 ccclesiis
513 3254 796 3325 religionis
824 3263 1021 3307 nostra:
1049 3266 1205 3306 orare
1234 3255 1511 3321 contingit.
1566 3254 1657 3307 Di-

113 3349 163 3401 cit
183 3351 303 3405 enim
330 3372 342 3403 :
374 3349 665 3405 Manifeste
711 3344 933 3412 cognovi
981 3357 1099 3397 esse
1142 3343 1415 3397 Christum
1461 3344 1655 3397 Filium

115 3436 183 3494 Dei
208 3444 446 3512 aqualem
498 3438 685 3503 Patri;
740 3435 833 3489 sed
882 3434 1137 3502 Spiritum
1182 3446 1455 3499 sanctum,
1493 3435 1654 3489 Deum

116 3532 279 3594 penitus
303 3548 416 3588 esse
468 3548 578 3588 non
630 3530 827 3593 credo,
876 3544 940 3583 eo
975 3530 1117 3598 quod
1170 3532 1220 3583 in
1252 3532 1409 3583 nullis
1456 3530 1659 3598 legatur

116 3622 335 3680 codicibus
361 3627 505 3682 Deus
534 3639 688 3681 esse.
737 3623 877 3676 Heu!
913 3622 1043 3676 heu!
1089 3638 1247 3688 quam
1272 3622 1505 3691 iniquam
1537 3637 1657 3677 sen-

117 3715 316 3783 tentiam,
354 3733 513 3788 quam
547 3729 880 3769 venenosum
928 3728 1174 3777 sensum,
1225 3729 1388 3781 quam
1443 3728 1655 3782 pravam

118 3812 329 3863 mentem!
367 3811 431 3865 Et
460 3809 556 3864 ubi
581 3815 674 3862 est
698 3805 825 3860 illud
852 3806 990 3875 quod
1014 3805 1271 3858 Dominus
1296 3807 1399 3872 ait,
1432 3806 1657 3873 Spiritus

118 3894 221 3951 Deus
252 3912 314 3954 est
341 3903 525 3970 (Joan.
552 3912 611 3953 tv
631 3936 645 3961 ι
670 3895 784 3960 24).
816 3896 883 3950 Ει
911 3895 1039 3949 illud
1068 3895 1241 3960 Petri,
1271 3897 1410 3965 quod
1433 3896 1496 3949 ad
1519 3896 1653 3947 Ana-

117 3986 224 4041 nizm
258 3993 365 4045 ait:
401 3991 543 4056 Quid
582 3988 677 4042 tibi
706 3988 868 4040 visum
890 3995 963 4039 est
994 3994 1188 4038 tentare
1226 3984 1473 4052 Spiritum
1508 4002 1659 4039 sanc—

167 4103 263 4174 '_Ea
286 4115 360 4159 est
389 4119 510 4174 quae
541 4116 695 4174 nunc
727 4101 920 4174 dicitur
942 4101 1169 4174 ecclesia
1202 4101 1261 4154 S.
1293 4100 1491 4174 Iuliani
1522 4101 1657 4174 Pan:

122 4172 230 4235 peris
254 4188 335 4227 seu
363 4170 609 4235 veteris,
652 4172 721 4225 de
749 4186 851 4239 qua
881 4172 1011 4224 infra
1042 4172 1131 4225 lib.
1164 4186 1238 4234 ιιι,
1269 4185 1382 4239 cap.
1421 4170 1488 4239 6;
1516 4172 1654 4239 quod

123 4253 214 4309 tum
241 4244 286 4296 in
308 4244 524 4300 dubium
556 4237 871 4296 revocasset
903 4240 1164 4293 Launoius
1185 4280 1200 4302 ,
1236 4237 1418 4293 dicens
1457 4237 1656 4309 Grego-

118 4308 221 4363 rium
270 4312 397 4369 forte
438 4314 686 4368 locutum
731 4310 799 4363 de
844 4310 1005 4363 altera
1060 4311 1115 4362 S.
1159 4310 1348 4363 Juliani
1394 4308 1650 4378 ecclesia,

118 4391 204 4443 (tua:
219 4381 397 4437 dicitur
422 4385 715 4438 Mimornm
746 4395 838 4433 SPll
871 4380 1171 4432 Fidicinum
1190 4422 1204 4447 ,
1230 4380 1310 4432 via
1344 4381 1651 4433 Martiniana

115 4447 260 4524 sitam,
288 4470 315 4508 a
347 4454 561 4509 Valesio
593 4451 822 4505 inscitia:
851 4452 1163 4524 redargutus
1206 4459 1319 4524 est,
1351 4450 1489 4517 quod
1521 4466 1640 4524 nes-

117 4519 238 4575 «ἰδίει
256 4525 379 4578 hanc
398 4533 732 4592 postremam
758 4519 1037 4592 ecclesiam
1063 4534 1090 4571 a
1116 4520 1324 4592 duobus
1346 4522 1653 4592 cantoribus

117 4597 222 4643 anno
271 4588 415 4647 1350'
443 4594 613 4647 fuisse
662 4590 1065 4643 cxmdif‘tcatam.
1121 4588 1251 4642 Vide
1282 4588 1441 4641 Brulii
1485 4592 1653 4644 nostri

118 4656 420 4729 Antiquitates
452 4663 659 4724 Paris.,
693 4659 829 4713 libro
862 4674 938 4712 Ill.

168 4725 192 4763 δ
222 4725 300 4785 Sic
319 4733 475 4787 Corb.
504 4745 559 4786 et
589 4731 744 4794 Bec.,
768 4742 864 4795 pro
888 4728 1099 4781 domino
1116 4727 1218 4779 vita
1243 4742 1467 4781 (uesta.
1500 4727 1652 4782 Coib.

120 4790 244 4854 habet
266 4802 524 4857 dominum
571 4801 695 4853 vita:
724 4790 907 4851 circum
929 4838 943 4859 ,
977 4808 1031 4850 et
1077 4796 1239 4850 altera
1267 4811 1424 4850 manu
1447 4838 1462 4862 ,
1490 4800 1655 4851 domi-

118 4872 419 4939 ‘pnitlorum
446 4869 776 4939 praecipiebat
806 4868 962 4931 credi,
993 4866 1218 4939 famulos
1239 4883 1375 4933 vero,
1407 4877 1533 4932 etc.;
1565 4869 1654 4921 alii

121 4932 285 5007 domino
310 4944 419 4996 vita:
446 4932 622 4995 creto.’
658 4939 899 4992 Cointius
919 4978 933 5001 ,
963 4932 1052 5007 qui
1104 4938 1205 4992 hoc
1248 4932 1407 5004 caput
1454 4939 1652 5002 refert,

120 5002 333 5079 ﬁrmittem
353 5012 681 5079 interfectum
700 5049 715 5071 ,
743 5022 860 5077 pro,
893 5002 1094 5077 inquit,
1125 5002 1331 5079 domino
1362 5009 1651 5079 interfecto.

120 5072 243 5148 ᾼιει
284 5080 389 5148 ipsa
418 5072 984 5135 narratione—certum-
1020 5072 1102 5133 est
1143 5077 1381 5132 Priscum
1403 5119 1417 5145 ,
1449 5072 1539 5146 qui
1572 5078 1655 5131 hic

121 5138 329 5221 dominus
348 5152 667 5221 appellatur,
688 5149 1007 5221 incolumem
1022 5149 1292 5221 evasisse.

178 5224 196 5286 ξ
230 5216 558 5282 ϐοιιι.ζ’Βεο.
596 5229 651 5273 et
679 5220 880 5286 aliquot
908 5219 1031 5272 editi
1060 5233 1164 5271 non
1200 5219 1395 5273 habent
1424 5236 1539 5273 suo.

122 5279 196 5403 ως
225 5286 338 5351 Qua
357 5279 652 5361 sequuntur
678 5288 742 5342 ad
771 5279 931 5342 ﬁnem
960 5288 1149 5356 capitis
1181 5286 1376 5343 desunt
1399 5291 1452 5343 in
1482 5289 1638 5343 Colb.

180 5429 200 5456 ⁸
233 5425 321 5496 Qiii
347 5430 637 5484 Ausonum
665 5437 712 5482 et
736 5426 1120 5480 Domichisilus.
1179 5427 1273 5482 Hic
1324 5443 1481 5496 porro
1510 5438 1647 5484 vete-

122 5499 213 5543 rem
238 5493 546 5554 Francorum
588 5500 643 5552 in
671 5498 839 5554 Gallia
871 5507 926 5550 et
956 5496 1272 5551 Gotthorum
1306 5493 1358 5551 in
1402 5499 1654 5566 Hispania

123 5570 319 5638 fluitem,
348 5570 541 5638 quiest
570 5569 906 5636 antiquorum
939 5566 1328 5621 Germanorum
1358 5609 1371 5629 ,
1404 5583 1523 5621 cum
1554 5568 1654 5619 Va-

126 5624 231 5685 lesio
248 5645 295 5688 et
308 5624 425 5694 aliis
446 5640 667 5695 observa
690 5624 712 5707 ,’
733 5646 916 5693 utnon
943 5651 1075 5692 uxor
1099 5638 1215 5694 viro
1232 5678 1246 5707 ,
1277 5624 1369 5693 sed
1396 5640 1477 5692 vir
1503 5639 1651 5691 uxor‘

1763 3152 1969 3207 vocatis
1999 3154 2262 3224 episcopis
2292 3171 2516 3225 quorum
2556 3168 2673 3213 erat
2712 3173 2872 3227 parva
2906 3159 3162 3230 facultas,
3207 3162 3332 3216 dato

1760 3247 1936 3316 epulo,
1977 3247 2118 3315 ipsas
2158 3249 2346 3303 domos
2382 3263 2501 3303 cum
2532 3250 2820 3305 cultoribus
2842 3261 2895 3305 et
2921 3254 3177 3323 culturis,
3209 3271 3331 3311 cum

1759 3348 2009 3409 argento,
2062 3340 2554 3408 peristromatibus,
2587 3344 2935 3411 utensilibus,
2980 3346 3236 3402 ministris
3278 3360 3334 3403 et

1759 3433 1968 3487 famulis
1996 3434 2224 3502 benigne
2251 3434 2632 3501 distribuebat,
2662 3435 2844 3490 dicens
2878 3454 2889 3488 :
2926 3438 3045 3493 Sint
3081 3438 3194 3493 haec
3234 3440 3336 3495 Ec-

1759 3526 1935 3580 clesiae
1965 3526 2117 3593 data,
2176 3536 2234 3579 ut
2277 3527 2400 3581 dum
2443 3527 2511 3580 de
2566 3527 2647 3581 bis
2694 3543 2952 3597 pauperes
2999 3531 3332 3602 reﬁciuntur,

1759 3621 1890 3676 mihi
1932 3623 2142 3676 veniam
2171 3621 2446 3676 obtineant
2474 3622 2613 3689 apud
2643 3622 2831 3677 Deum.
2878 3624 3036 3678 Multa
3071 3636 3247 3681 autem
3279 3637 3335 3682 et

1760 3715 1858 3767 alia
1893 3715 2027 3769 bona
2067 3715 2133 3766 de
2161 3715 2262 3768 hoc
2288 3716 2400 3767 viro
2438 3714 2771 3782 audivimus,
2804 3730 2924 3784 qua;
2968 3717 3173 3787 insequi
3214 3719 3334 3772 Ion-

1768 3822 1891 3876 gum
1921 3816 2005 3860 est
2060 3806 2294 3859 Transiit
2325 3815 2496 3858 autem
2527 3815 2683 3860 aetate
2712 3809 3112 3875 septuagenaria
3143 3807 3190 3861 κ.

1833 3899 1975 3952 XXI.
2019 3899 2142 3953 Haec
2173 3899 2227 3951 in
2258 3898 2357 3950 hoc
2386 3912 2527 3951 anno
2555 3898 2742 3951 iterato
2772 3901 2920 3967 signa
2954 3912 3333 3968 apparuerunt.

1761 3991 1908 4043 Luna
1952 3988 2190 4055 eclipsim
2242 4002 2394 4055 passa
2435 3996 2545 4049 est;
2589 3987 2723 4040 infra
2753 3988 3074 4044 Turonicum
3126 3992 3335 4046 territo-

1760 4104 1936 4157 dotem
1970 4100 2175 4157 oiierat.
2209 4099 2357 4153 ilunc
2383 4114 2584 4153 morem
2615 4099 2790 4152 laudat
2818 4100 3098 4155 Cornelius
3120 4102 3337 4159 Tacitus

1762 4176 1812 4228 in
1843 4175 1976 4227 libro
2020 4173 2087 4226 de
2127 4170 2357 4224 Moribus
2384 4170 2801 4234 Germanorum,
2833 4186 2952 4238 cap.
3006 4174 3072 4235 ti,
3113 4173 3201 4227 ubi
3241 4189 3337 4228 ex-

1760 4244 1905 4312 ponit
1926 4256 2028 4311 quo
2056 4242 2105 4294 id
2139 4242 2241 4293 ritu
2267 4240 2444 4306 iieret,
2478 4255 2675 4309 quasve
2696 4254 2779 4295 res
2809 4240 2876 4294 a‘b
2909 4254 3073 4295 uxore
3108 4243 3334 4302 maritus

1760 4315 1997 4380 recipere
2026 4312 2237 4365 soleret.

1835 4377 2007 4437 f'Iiac
2039 4382 2332 4452 legatione,
2377 4388 2435 4452 ut
2462 4377 2675 4452 Cointio
2720 4380 2949 4452 videtur,
3004 4381 3167 4437 funCti
3212 4394 3339 4441 sunt

1765 4454 2067 4508 Florentius
2096 4449 2145 4504 et
2175 4449 2532 4520 Exsuperius,
2574 4449 2641 4505 de
2676 4450 2866 4520 quibus
2923 4449 2972 4505 in
3015 4452 3107 4507 lib.
3138 4468 3196 4507 ιιι
3237 4455 3336 4510 Mi-

1766 4538 1876 4578 rac.
1917 4526 1974 4577 S.
2002 4522 2241 4586 Martini,
2273 4536 2387 4586 cap.
2424 4519 2477 4571 8.

1838 4603 1863 4640 Β
1906 4593 1958 4645 id
1983 4604 2064 4646 cst
2101 4594 2186 4660 qui
2220 4591 2393 4645 Urbiac
2418 4589 2575 4644 lluvio
2608 4590 2805 4659 positus
2835 4600 2978 4658 erat;
3013 4591 3134 4648 hinc
3164 4595 3216 4648 in
3255 4594 3341 4649 in-

1762 4664 1879 4717 dice
1904 4664 1982 4717 sic
2010 4672 2166 4734 caput
2192 4663 2329 4715 istud
2357 4662 2692 4734 exprimitur,
2719 4662 2793 4714 De
2814 4660 3168 4734 hominibus..'.
3199 4668 3339 4734 apud

1767 4733 1979 4787 Urbium
2023 4732 2267 4803 ﬂuvium,
2339 4732 2427 4804 qui
2480 4731 3060 4804 nimirum_separabat
3116 4731 3337 4804 regnum

1761 4800 2047 4871 Cliilpcric‘i
2079 4817 2107 4854 a
2157 4815 2324 4866 regno
2358 4800 2703 4871 rGuntramni.
2755 4801 2968 4857 Urbium
3022 4818 3151 4856 vero
3180 4800 3341 4858 'hunc

1764 4870 2135 4937 esseamnem,
2160 4870 2427 4943 quihodie
2444 4871 2612 4943 0rdea
2635 4885 2727 4926 seu
2750 4871 2938 4937 Orgia,
2965 4870 3338 4943 vulgoAFQrgg,

1762 4943 1972 5007 dicitur,
2020 4950 2202 4994 cen~ct
2233 4939 2495 4996 Valesius.
2545 4941 2641 4996 ilic
2671 4943 2970 5010 complures
3020 4939 3341 5010 pagiPa‘r‘ié

1761 5013 1959 5065 siensis
1981 5011 2127 5066 vicos
2154 5010 2336 5073 alluit,
2367 5021 2421 5065 et
2444 5026 2607 5080 prepe
2635 5009 2971 5066 Gevisiacnm
3002 5009 3259 5078 mergitur
3282 5013 3335 5065 in

1758 5083 2077 5151 Sequanam.

1829 5151 1857 5189 ιι
1896 5152 2056 5206 Corb.
2090 5160 2144 5205 et
2178 5150 2324 5215 Bec.,
2363 5149 2515 5216 Quod
2541 5149 2826 5218 Asclepius.
2861 5145 3013 5211 Bad.,
3048 5145 3224 5211 Quo...
3268 5166 3334 5205 ex

1758 5224 1884 5277 duce
1911 5223 2132 5292 cognito.

1836 5292 1850 5329 ί
1896 5294 1949 5346 ld
1972 5284 2054 5345 est
2082 5288 2394 5345 ofticiaiibus
2424 5288 2600 5355 regiis.
2628 5284 2776 5353 Apud
2809 5285 3075 5339 Romanos
3099 5286 3334 5343 frumen-

1761 5364 1905 5417 tariis
1928 5369 2313 5416 successerant.
2346 5357 2472 5410 Vide
2493 5356 2804 5411 Gotltofred.
2839 5356 2892 5409 in
2924 5355 3042 5411 cod.
3070 5358 3340 5417 'l‘heodos.

1837 5432 1850 5483 i
1899 5434 2083 5496 Corb.,
2114 5430 2240 5484 nihil
2267 5431 2399 5481 male
2426 5428 2578 5497 geris.

1831 5502 1857 5540 ιι
1897 5502 2133 5556 Colb.‘a.
2164 5509 2217 5555 et
2260 5496 2463 5552 Chesri.‘
2492 5514 2503 5548 :
2533 5497 2627 5563 al.,
2662 5498 3041 5567 octuagenaria.
3074 5496 3338 5554 CIII'OtIini

1761 5572 1908 5629 ducis
1953 5572 2136 5629 laudes
2160 5570 2448 5627 celebravit
2480 5568 2796 5623 Fortunatus
2823 5570 2914 5625 lib.
2948 5585 3020 5637 ιχ,
3051 5584 3218 5625 carni.
3246 5572 3338 5627 ω.
