3942 6190
605 286 698 341 591

603 467 753 522 urbis
790 464 1143 520 Suessionicte
1176 464 1521 520 corruerunt;
1554 454 1690 521 apud
1718 451 2059 517 Andegavant
2101 461 2192 499 ur-

606 555 726 612 bem
758 564 898 608 terra
940 554 1190 615 tremuit;
1239 548 1375 603 inl‘ra
1406 560 1589 601 muros
1618 557 1745 597 vero
1786 537 2192 607 Burdegalcnsis

607 648 788 717 oppidi
817 645 1039 714 ingressi
1072 640 1181 709 lupi
1217 653 1378 694 canes
1407 640 1826 696 devoraverunt,
1859 642 2192 700 nequaquam

614 737 861 793 homines
888 744 1219 798 metuentes;
1262 746 1357 798 per
1393 728 1757 797 cmlum‘ignis
1793 727 2095 780 discurrere
2119 723 2199 777 vi-

610 842 703 882 sus
734 840 833 880 est.
868 827 974 881 Sed
1017 822 1071 879 et
1111 822 1418 877 Vasatensis
1463 820 1650 873 civitas
1699 816 1947 869 incendio
1977 799 2196 867 concre-

614 932 755 975 mata
786 921 946 990 293
970 928 1080 983 est,
1112 917 1179 970 ita
1227 926 1277 967 ut
1308 910 1551 967 ecclesia:
1589 912 1673 964 vel
1701 909 1889 963 domus
1919 906 2200 959 ecclesias-

617 1012 734 1064 tica:
767 1017 1120 1063 vastarentur.
1164 1004 1511 1058 Ministeriur’n
1556 1009 1733 1054 tamen
1774 1012 1932 1077 omne
1956 1002 2197 1064 ereptum

582 1163 586 1168 ,
616 1103 779 1157 fuisse
813 1098 1175 1168 cognovimus.

687 1192 851 1245 XXII.
895 1190 1004 1242 liex
1047 1196 1072 1224 α
1105 1188 1263 1256 igitur
1305 1178 1637 1249 Cltilperictis
1684 1176 1921 1246 pet'vasis
1967 1168 2201 1227 civitati-

618 1286 718 1338 bus
747 1282 925 1335 fratris
946 1279 1027 1333 sui
1046 1320 1059 1342 ,
1089 1290 1257 1330 novos
1286 1272 1515 1327 comites
1544 1270 1788 1331 ordinat,
1815 1278 1869 1321 et
1898 1274 2088 1319 cuncta
2116 1263 2203 1332 ju-

617 1372 702 1425 bet
734 1369 833 1423 sibi
865 1370 1071 1422 urbium
1120 1366 1313 1419 tributa
1348 1362 1543 1416 deferri
1575 1376 1590 1413 :
1639 1359 1778 1426 quod
1812 1357 1881 1410 ita
1928 1355 2201 1425 impletum

623 1462 790 1516 luisse
816 1460 1189 1528 cognovimus.
1226 1457 1319 1508 llis
1356 1453 1544 1505 diebus
1583 1447 1906 1519 apprehensi
1949 1452 2073 1500 sunt
2099 1445 2204 1498 duo

624 1552 872 1606 homines
916 1565 947 1600 ει
993 1546 1291 1602 Nonnichio
1320 1542 1347 1581 δ
1388 1543 1746 1597 Letnovieinae
1786 1538 1934 1591 urbis
1975 1532 2202 1600 comite,

623 1640 928 1696 delerenles
955 1652 1021 1692 ex
1075 1636 1288 1691 nomine
1341 1630 1603 1686 Charterii
1655 1629 2014 1698 Petr‘oguricte
2060 1626 2206 1679 urbis

1590 256 1653 329 s.
1696 256 2021 327 succor."
2066 238 2371 319 El’lSCOi’l
2410 238 2848 313 TL‘RONENSIS
3239 320 3247 332 λ

609 378 748 433 rium
779 389 936 429 verus
981 373 1050 426 de
1088 371 1305 426 ell‘racto
1344 382 1481 435 pane
1518 363 1730 431 sanguis
1761 360 2001 423 efﬂuxit;
2048 355 2185 410 muri
2216 362 2268 420 Α
2294 352 2422 407 Post
2452 349 2586 403 duos
2615 362 2745 402 vero
2776 355 2987 398 menses
3031 336 3362 395 Nonnichius
3392 338 3605 403 comes,
3648 338 3738 405 qui
3769 339 3858 392 hoc

2295 442 2608 498 scandalum
2651 438 3039 498 seminaverat,
3090 432 3245 502 297
3288 430 3548 498 sanguine
3590 444 3858 497 percussus

2293 535 2526 602 interiit;
2559 545 2751 601 resque
2798 531 2946 597 ejus,
2995 527 3115 596 quia
3145 527 3350 594 absque
3377 523 3563 579 liberis
3605 531 3751 591 ent,
3788 524 3857 576 di-

2294 622 2464 678 versis
2490 637 2518 674 a
2551 634 2676 688 rege
2704 630 2977 672 concessae
3020 623 3167 669 sunt.

3756 218 3855 298 sas

2370 712 2558 767 XXIII.
2592 709 2798 764 Dehinc
2827 703 3132 774 Chilperico
3159 702 3291 772 regi,
3329 712 3449 772 post
3502 705 3666 756 multa
3692 701 3860 756 itinera

2299 802 2553 865 liliorum,
2602 800 2747 852 itlitts
2789 796 3044 850 nascitur.
3081 794 3156 848 Ex
3212 792 3318 847 hoc
3360 793 3514 860 jubet
3555 807 3641 846 rex
3693 805 3863 846 omnes

2299 892 2573 947 custodias
2628 889 2878 952 relaxari,
2909 888 3116 940 vinctos
3171 884 3399 947 absolvi,
3443 882 3865 951 compositiones-

2300 998 2405 1051 que
2428 982 2789 1051 negligentum
2830 980 2962 1033 lisco
3010 977 3221 1031 debitas
3252 973 3510 1043 praecepit
3533 978 3750 1028 omnino
3774 987 3864 1025 non

2299 1076 2466 1143 exigi.
2492 1074 2599 1130 Sed
2627 1071 2646 1112 ί
2670 1084 2921 1143 magnum
2960 1070 3216 1139 deinceps
3244 1064 3428 1122 dolum
3481 1064 3571 1120 hic
3599 1064 3772 1119 intulit
3795 1066 3869 1116 itt-

2301 1166 2445 1221 fans.

2379 1255 2568 1311 XXIV.
2613 1255 2757 1308 Nova
2791 1263 2815 1302 δ
2844 1253 3037 1308 iterum
3083 1258 3267 1305 contra
3298 1247 3639 1303 Theodorum
3680 1245 3869 1314 cpisco-

2306 1362 2431 1417 pum
2484 1345 2619 1400 bella
2650 1352 2999 1413 consurgunt.
3033 1346 3159 1394 {\ant
3192 1340 3594 1402 Gundovaldus,
3623 1337 3714 1406 qui
3742 1350 3796 1388 se
3822 1334 3870 1386 li-

2308 1437 2437 1491 lium
2467 1435 2869 1490 Chlothacharii
2899 1434 3037 1501 regis
3064 1445 3184 1486 esse
3224 1431 3460 1492 dicebat,
3490 1428 3558 1482 de
3587 1426 3872 1481 Constanti-

2310 1528 2755 1598 itupoliv‘eniens,
2789 1525 3074 1580 Massiliam
3134 1522 3216 1577 est
3263 1522 3519 1575 advectus
3570 1536 3585 1572 :
3637 1517 3706 1572 de
3741 1517 3873 1584 cujus

2309 1622 2518 1691 Origine
2539 1620 2782 1688 quaedam
2832 1617 3059 1670 strictim
3092 1613 3246 1667 libuit
3278 1626 3600 1666 memorare.
3635 1611 3732 1663 llic
3771 1618 3874 1661 cum

623 1730 860 1801 episcopi
891 1731 1121 1793 litteras,
1151 1729 1269 1794 qua:
1302 1726 1462 1778 multa
1496 1721 1815 1790 improperia
1852 1720 2205 1789 loquebantur
2236 1714 2284 1773 Β
2309 1721 2466 1766 tratus
2493 1718 2640 1765 esset
2661 1710 2715 1762 iu
2757 1705 2960 1770 Galliis,
2993 1715 3048 1760 et
3089 1702 3329 1772 diligenti
3379 1716 3509 1755 cura
3557 1700 3802 1763 nutritus,
3828 1708 3875 1749 ut

626 1822 679 1877 in
712 1835 887 1890 regem
937 1830 953 1871 ξ
1006 1819 1058 1871 in
1104 1817 1293 1884 quibus
1332 1816 1469 1869 inter
1498 1812 1705 1880 reliqua
1750 1819 1866 1864 erat
1916 1812 2206 1874 insertum,

628 1911 778 1977 quasi
808 1919 1123 1978 quereretur
1151 1905 1403 1959 sacerdos
1443 1918 1501 1956 se
1531 1918 1560 1955 a
1612 1902 1858 1970 paradiso
1902 1899 1969 1953 ad
2013 1900 2213 1952 inleros

631 2000 1010 2061 descendisse;
1058 1996 1265 2049 scilicet
1303 1994 1445 2060 quod
1476 2008 1505 2045 a
1536 2006 1702 2060 regno
1741 1988 2128 2044 Guntchrautni
2160 1987 2213 2040 in

633 2090 918 2159 Chilperici
972 2089 1129 2142 fuerit
1158 2088 1385 2141 ditiones
1434 2085 1812 2138 commutatus.
1865 2083 1967 2135 llas
2012 2081 2214 2134 litteras

641 2181 869 2247 cumbis
899 2178 1202 2231 hominibus
1228 2192 1336 2245 jam
1364 2173 1537 2229 dictus
1561 2189 1741 2227 comes
1771 2172 1871 2227 sub
1910 2173 2073 2224 ardua
2095 2184 2217 2223 cus-

641 2272 782 2323 todia
824 2269 936 2336 regi
967 2267 1180 2321 direxit.
1228 2264 1339 2318 Rex
1379 2279 1504 2316 vero
1548 2263 1810 2332 patienter
1860 2270 2076 2330 promer
2103 2259 2216 2328 epi—

639 2368 860 2427 scopum
885 2359 1066 2422 mittit,
1093 2358 1180 2426 qui
1211 2372 1333 2409 eum
1364 2370 1461 2408 suo
1487 2355 1791 2422 conspectui
1812 2364 2215 2421 prmsentarent,

643 2453 984 2506 discussurus
1014 2448 1195 2515 utique
1216 2448 1259 2500 si
1281 2460 1403 2499 vera
1434 2455 1616 2499 essent
1652 2460 1772 2513 quae
1798 2447 1846 2497 ei
1874 2445 2218 2513 opponeban-

642 2553 750 2607 tur,
781 2554 997 2594 annon.
1026 2538 1356 2592 Adveniente
1382 2551 1507 2589 vero
1530 2536 1805 2604 episcopo,
1838 2550 1932 2589 rex
1975 2537 2218 2589 homines

639 2635 761 2688 illos
784 2647 902 2686 cum
927 2631 1117 2684 litteris
1137 2640 1515 2698 reprmsentat;
1547 2629 1837 2696 interrogat
1859 2628 2220 2692 sacerdotem,

639 2725 684 2779 si
714 2725 781 2776 ab
808 2738 873 2777 eo
899 2722 1114 2775 directae
1138 2719 1355 2774 fuerint.
1386 2720 1555 2787 Negat
1579 2718 1669 2772 ille
1698 2733 1728 2771 a
1756 2732 1816 2772 se
1858 2719 2112 2772 directas.
2139 2719 2223 2769 Iu-

649 2825 990 2884 lel'rogaltlul‘
1037 2825 1164 2867 vero
1212 2811 1454 2864 homines
1514 2823 1543 2861 a
1599 2824 1704 2876 quo
1749 2824 1843 2863 eas
1893 2808 2221 2876 acceperint.

642 2905 993 2963 Fruntunium
1031 2914 1052 2943 ε
1085 2905 1366 2958 diaconum
1417 2901 1709 2970 proferunt.
1753 2902 2114 2969 Inter-rogatur
2140 2912 2224 2952 sa-

642 2998 832 3052 cerdos
857 2999 923 3050 de
950 2996 1196 3049 diacono.
1242 2992 1540 3061 lteSpond‘tt
1578 2991 1677 3045 sibi
1712 3006 1832 3044 eum
1870 3005 1991 3043 esse
2038 2988 2225 3057 ιη·ωεὶ-

2313 1820 2497 1873 regum
2527 1805 2746 1856 istorum
2795 1815 2911 1854 tuos
2932 1808 3014 1852 est
3045 1794 3096 1861 ιι,
3121 1798 3345 1850 eriuiom
3375 1793 3595 1863 ﬂagellis
3625 1807 3719 1860 per
3749 1800 3874 1857 terga

2314 1896 2596 1960 demissis,
2630 1894 2820 1948 litteris
2849 1890 3107 1953 eruditus,
3145 1887 3494 1942 Childeherto
3530 1885 3639 1953 regi
3677 1882 3694 1921 ί
3726 1898 3755 1935 a
3783 1899 3875 1935 ιιιιιο

2317 1992 2396 2042 tre
2422 1986 2854 2055 repraesentatur,
2885 1982 3098 2036 dicente
3118 1994 3177 2034 ea
3214 1997 3225 2030 :
3253 1977 3407 2042 Ecce,
3437 1977 3630 2045 inquit,
3652 1983 3874 2042 nepotem

2318 2088 2486 2141 tuum,
2520 2074 2917 2131 Chlothacharii
2950 2073 3090 2140 regis
3122 2071 3304 2124 lilium.
3334 2070 3399 2123 Et
3429 2074 3549 2136 quia
3581 2068 3780 2121 invisus
3798 2064 3875 2116 ha-

2320 2171 2474 2223 betur
2520 2169 2676 2237 patri,
2706 2165 2917 2232 suscipe
2940 2178 3060 2217 eum
3080 2202 3096 2228 ,
3127 2166 3249 2231 quia
3271 2164 3396 2214 caro
3447 2170 3536 2212 tua
3592 2170 3695 2213 est.
3727 2156 3871 2223 Quem

2319 2262 2435 2323 ille,
2459 2275 2523 2313 co
2545 2258 2686 2328 quod
2723 2257 2773 2311 ei
2805 2256 2897 2310 lilii
2928 2266 3033 2309 nutt
3073 2264 3285 2318 essent,
3316 2251 3606 2319 accipiens,
3635 2249 3873 2303 retinebat

2319 2367 2523 2406 secum.
2557 2345 2875 2403 Nuntiantur
2901 2346 3013 2399 haec
3044 2345 3154 2413 regi
3178 2340 3615 2405 Cltlothachario,
3651 2341 3872 2406 IIIISlljlle

2328 2443 2480 2496 lratri
2510 2440 2743 2503 nunties,
2772 2438 2992 2492 dicens:
3024 2434 3243 2489 Dimitte
3272 2440 3494 2503 puerum
3540 2443 3598 2485 ut
3629 2431 3799 2485 veniat
3819 2428 3871 2480 ad

2323 2549 2427 2587 me.
2460 2532 2567 2586 Nec
2591 2537 2824 2583 moratus
2843 2528 3201 2595 illejuvenem
3214 2524 3360 2579 fratri
3384 2521 3601 2576 direxit.
3628 2521 3742 2588 Quo
3756 2520 3869 2581 viso,

2323 2624 2765 2680 lihlothacharius
2781 2622 2940 2690 jussit
2969 2618 3181 2672 tonderi
3206 2632 3414 2671 comam
3436 2615 3629 2683 capitis
3658 2615 3786 2682 ejus,
3811 2613 3871 2665 di-

2324 2730 2490 2772 cens:
2522 2717 2672 2768 nunc
2700 2728 2800 2780 ego
2828 2725 2934 2765 non
2980 2710 3249 2777 generari.
3284 2707 3449 2776 Igitur
3480 2714 3603 2775 post
3646 2704 3871 2759 Chlotha-

2324 2808 2494 2863 cbarii
2522 2806 2662 2875 regis
2688 2804 2913 2867 obitum,
2934 2816 2961 2854 a
2983 2800 3296 2855 Chariberto
3319 2809 3443 2866 rege
3468 2805 3744 2865 susceptus
3765 2801 3837 2848 est
3860 2808 3869 2841 :

2326 2913 2482 2969 quem
2529 2896 2827 2967 Sigibertus
2882 2892 3223 2957 arcessitum,
3254 2889 3447 2944 iterum
3494 2887 3871 2955 auiputaritco-

2328 3004 2469 3043 mam
2497 2989 2691 3057 capitis
2718 2985 2860 3054 ejus,
2891 2993 2945 3037 et
2966 2982 3109 3036 misit
3129 2992 3251 3035 eum
3280 2981 3331 3034 in
3360 2978 3794 3049 Agrippinensem
3818 2977 3870 3028 ri-

644 3103 808 3159 puum
840 3089 1141 3149 inimicum,
1168 3098 1267 3138 nec
1292 3084 1525 3136 dubitari
1557 3083 1754 3136 debere
1785 3080 1951 3150 ipsius
1977 3094 2097 3134 esse
2128 3094 2220 3135 ne-
2251 3082 2297 3145 C
2328 3083 2543 3136 vitalem
2565 3118 2580 3144 ,
2603 3091 2723 3147 qua!
2753 3090 2896 3130 nunc
2925 3071 3147 3128 Colonia
3178 3072 3193 3119 ι
3228 3070 3441 3125 dicitur.
3474 3068 3569 3124 Ille
3594 3082 3794 3138 quoque
3824 3065 3871 3117 ali

643 3179 869 3249 quitias,
901 3177 989 3246 qtti
1018 3185 1204 3229 contra
1233 3190 1355 3228 eutn
1402 3171 1594 3242 swpius
1625 3187 1815 3227 causas
1845 3173 2226 3227 commovisset
2254 3162 2257 3163 ⁷

647 3270 873 3337 iniquas.
916 3266 1212 3320 Adducitur
1235 3264 1491 3317 diaconus
1512 3264 1626 3317 sine
1645 3278 1794 3317 mora
1814 3281 1829 3329 ;
1864 3265 2226 3333 interrogatur

646 3374 677 3413 a
724 3373 884 3427 rege,
933 3358 1214 3409 conlitetur
1242 3370 1403 3422 super
1433 3356 1780 3423 episcopum,
1825 3356 2009 3408 dicens
2053 3372 2067 3407 :
2119 3356 2228 3422 Ego

649 3448 789 3502 hanc
816 3447 1093 3517 epistolam
1143 3450 1400 3514 episc0po
1441 3444 1664 3513 jubettte
1693 3445 1887 3499 dictavi
1917 3443 1966 3499 ά.
2015 3444 2227 3500 Procla-

657 3546 838 3592 mante
871 3552 1001 3590 vero
1031 3549 1315 3604 episcopo,
1368 3542 1422 3589 et
1460 3534 1671 3589 dicente
1714 3536 1855 3603 quod
1905 3536 2099 3604 saepius
2148 3535 2232 3589 bie

652 3630 863 3696 ingenia
898 3638 921 3665 θ
949 3635 1242 3697 quaereret,
1290 3626 1519 3693 qualiter
1544 3641 1665 3680 eum
1711 3626 1779 3679 ab
1807 3629 2112 3695 episc0patu
2140 3626 2232 3680 de-

654 3719 871 3788 jiceret,
920 3733 1015 3771 rex
1046 3714 1411 3770 misericordia
1458 3723 1665 3782 motus,
1708 3718 2092 3770 commendans
2124 3716 2233 3770 Deo

656 3824 871 3865 causam
900 3824 1082 3876 suam,
1112 3809 1277 3862 cessit
1317 3807 1585 3875 utrisque,
1621 3805 1917 3873 deprecans
1941 3807 2235 3861 clementer

658 3900 970 3969 episcopum
1004 3914 1099 3966 pro
1138 3898 1394 3964 diacono,
1425 3905 1482 3952 et
1506 3895 1810 3966 supplicans
1841 3904 1898 3950 ut
1932 3911 2027 3965 pro
2064 3912 2122 3951 se
2150 3913 2236 3952 sa-

658 3992 850 4049 cerdos
878 4000 1061 4048 oraret
1085 4007 1098 4045 :
1129 3998 1185 4046 et
1222 3992 1299 4045 sic
1322 4004 1442 4045 cum
1475 3987 1679 4044 honore
1707 3989 1824 4042 urbi
1856 3988 2110 4043 remissus
2132 3995 2233 4042 est.

736 4156 763 4185 ⁸
808 4147 920 4201 lloc
951 4154 1112 4215 caput
1139 4146 1288 4200 deest
1322 4145 1375 4199 in
1412 4144 1571 4199 Corb.
1605 4154 1657 4197 et
1685 4144 1839 4215 Colb.
1867 4159 1920 4197 a.

738 4216 765 4254 δ
803 4219 956 4272 Colb.
1013 4213 1113 4278 ιιι..
1167 4215 1628 4276 Numn'cltiolemo;
1682 4214 1817 4266 infra
1864 4225 2037 4268 tamen
2082 4213 2243 4271 habet

666 4285 1013 4341 Nonnirhius.
1045 4287 1317 4340 Carterius
1366 4295 1543 4338 autem
1573 4283 1887 4352 subscripsit
1932 4300 2087 4340 conc.
2131 4286 2243 4341 Ma-

663 4360 781 4412 tisc.
808 4373 846 4412 tt
869 4397 884 4423 ,
926 4374 1016 4412 an.
1046 4355 1170 4410 585.

743 4440 766 4465 "~
808 4431 945 4482 Editi
968 4436 1020 4481 et
1047 4428 1192 4490 Bcc.,
1224 4423 1587 4478 Frontonium.

740 4494 769 4532 ά
808 4498 976 4570 Ιόορδι
1002 4498 1205 4566 scripsi.
1240 4496 1365 4549 \’ide
1389 4494 1657 4548 Mabillon.
1691 4503 1841 4548 notas
1867 4491 1921 4546 iu
1951 4493 2105 4561 epist.
2138 4493 2240 4550 504

666 4571 837 4622 sancti
869 4570 1140 4620 Bernardt.

749 4647 772 4675 ε
815 4638 885 4692 Ea
920 4651 1047 4689 voce
1074 4637 1227 4690 dolus
1254 4650 1348 4688 seu
1388 4632 1637 4702 qua-libet
1668 4648 1753 4687 ars
1780 4632 1844 4685 ad
1885 4632 2109 4687 alterum
2140 4637 2243 4689 eir-

676 4707 1118 4762 cutnveuietnlum
1155 4708 1463 4774 designatur
1489 4704 1626 4770 apud
1670 4704 1983 4771 Gregorium
2015 4718 2069 4758 et
2096 4716 2240 4759 vete-

675 4794 765 4833 res
791 4779 959 4843 gentis
1009 4788 1201 4829 nostra.-
1233 4785 1498 4828 auctores.
1534 4774 1662 4826 Vide
1709 4774 1933 4842 Btgnon.
1980 4777 2031 4828 in
2083 4776 2170 4828 lib.
2208 4790 2244 4831 ll

676 4847 911 4927 Marcum
938 4847 1179 4927 adcap.
1208 4845 1306 4911 5b“,
1335 4855 1389 4898 et
1426 4846 1749 4898 Alteserratn
1793 4860 1845 4897 Ill
1877 4859 1996 4914 cap.
2022 4845 2113 4915 ‘28,
2150 4847 2242 4900 lib.

673 4927 726 4976 iv
755 4917 911 4986 hujus
937 4917 1199 4969 llistortae.

754 4986 772 5026 ί
805 4982 1108 5057 llr-gendum
1154 4991 1279 5053 puto
1305 4982 1556 5037 dolorem.
1611 4983 1741 5057 Vide
1768 4984 1902 5037 infra
1953 5001 2073 5055 cap.
2107 4986 2167 5041 3i
2196 4994 2251 5040 et

677 5057 781 5124 '55;
807 5055 983 5111 dolum
1029 5069 1203 5109 tamen
1255 5056 1397 5107 hunc
1437 5055 1656 5122 exponit
1690 5056 1930 5110 Valesius
1960 5059 2038 5110 de
2079 5067 2252 5111 murte

681 5131 978 5191 Munttnoli,
1011 5142 1168 5197 quam
1224 5127 1377 5193 hujus
1400 5124 1493 5178 lilii
1517 5126 1693 5197 obitus
1748 5126 2029 5197 occasione
2060 5127 2254 5182 Frede-

682 5203 870 5269 gundis
897 5202 994 5266 ipsn
1025 5194 1226 5252 inLensa
1245 5207 1565 5269 procuravn,
1588 5195 1724 5249 infra
1746 5194 1965 5263 Cap.55.
1992 5198 2253 5269 gnuerunt

682 5265 859 5345 exstat
889 5265 938 5321 in
977 5271 1209 5345 Marculli
1240 5268 1378 5345 Iib._t
1407 5270 1653 5331 l'urmula,
1697 5283 1816 5336 qua:
1836 5275 1921 5321 est
1952 5265 2041 5334 59,
2070 5266 2135 5320 Ut
2160 5284 2252 5334 pro

682 5341 945 5391 nativitate
973 5341 1127 5407 regis,
1155 5342 1295 5391 sicut
1328 5339 1442 5405 ipso
1474 5348 1591 5390 ortu
1620 5352 1801 5405 regum
1827 5347 2126 5391 nostrorum
2158 5339 2250 5390 lilii

685 5422 839 5485 reges
863 5410 1284 5485 appellabantur,
1317 5409 1523 5476 ingenui
1549 5408 1862 5464 relaxentur.
1897 5407 2096 5476 Decjus
2125 5408 2255 5477 bap-

687 5478 844 5529 tismo
875 5478 1006 5528 intra
1032 5492 1149 5540 cap.
1174 5478 1266 5530 9.7.

759 5552 786 5592 ο
816 5545 967 5615 ρειυά
989 5545 1135 5613 plura
1164 5550 1230 5600 de
1258 5547 1338 5599 his
1377 5564 1494 5615 qua:
1524 5548 1811 5614 pertulerat
1848 5561 1874 5597 a
1906 5546 2161 5614 Dynamio
2201 5547 2252 5601 in

688 5625 806 5697 cap.
839 5613 896 5666 II
925 5628 1085 5697 supra
1131 5613 1572 5697 retulerit.__Uttde
1602 5619 1722 5670 licet
1745 5622 1795 5671 in
1820 5613 1977 5697 codd.
2009 5616 2168 5669 Corb.
2194 5628 2256 5697 _et

691 5688 822 5741 υυδυ
876 5683 1213 5739 uudccitnutn
1243 5703 1347 5741 noti
1405 5690 1681 5745 habeatur,
1712 5703 1776 5741 cx
1818 5687 1918 5740 hoc
1976 5699 2152 5741 tamen
2188 5687 2254 5739 12

2329 3190 2396 3229 eo
2419 3176 2534 3227 loco
2555 3171 2824 3239 delapsus,
2857 3164 3092 3221 dimissis
3142 3165 3332 3217 iterum
3364 3160 3593 3231 capillis,
3624 3161 3689 3215 ad
3715 3160 3872 3213 Narse-

2332 3277 2437 3320 tem
2467 3264 2621 3329 abiit,
2652 3262 2741 3330 qui
2770 3259 2934 3330 298
2963 3268 3087 3310 tunc
3112 3255 3276 3309 Italia:
3290 3263 3515 3323 praeerat
3539 3254 3714 3323 ibique
3736 3265 3872 3306 uxurc

2330 3366 2567 3425 accepta,
2620 3354 2757 3411 lilios
2817 3350 3133 3421 procreavit,
3179 3360 3234 3402 et
3276 3348 3343 3401 ad
3391 3348 3871 3416 Constantitmpuliut

2331 3447 2575 3503 accessit.
2610 3445 2757 3510 Inde,
2784 3452 2841 3496 ut
2870 3443 3067 3508 ferunt,
3091 3448 3219 3508 post
3234 3438 3398 3492 multa
3425 3447 3686 3507 tempora,
3715 3454 3741 3489 a
3770 3451 3872 3505 qm-

2333 3542 2455 3595 dam
2480 3540 2733 3594 invitatus
2762 3546 2818 3590 ut
2847 3535 3056 3589 veniret
3082 3533 3134 3587 itt
3153 3532 3374 3597 Gallias,
3404 3530 3692 3584 Massiliam
3718 3526 3873 3597 appul‘

2335 3649 2448 3702 sus,
2481 3648 2510 3685 a
2534 3629 2817 3686 Theodoro
2846 3626 3099 3694 episcopo
3126 3632 3409 3691 susceptus
3442 3629 3547 3674 est.
3584 3621 3649 3674 Et
3670 3622 3693 3656 ι
3723 3622 3785 3672 ab
3810 3631 3873 3670 eo-

2335 3726 2457 3779 dem
2505 3724 2666 3778 etiam
2720 3718 2952 3787 acceptis
2989 3716 3256 3785 equitibus
3286 3712 3359 3785 [1.
3401 3712 3600 3785 equis],
3632 3711 3874 3767 Ilunnnolo

2339 3821 2461 3876 duci
2487 3818 2807 3888 conjunctus
2838 3826 2938 3869 est.
2976 3813 3101 3866 Erat
3137 3821 3314 3864 autem
3347 3818 3471 3862 tunc
3512 3808 3816 3861 Mummulus
3838 3804 3874 3858 in

2339 3913 2561 3967 civitate
2584 3908 2877 3971 Avennica,
2909 3906 3047 3960 sicut
3073 3917 3231 3972 supra
3258 3902 3369 3972 jam
3394 3901 3628 3954 diximus
3659 3898 3798 3971 (Cap.
3824 3896 3875 3959 l).

2340 4004 2771 4061 Guntchramnus
2802 4015 2928 4055 vero
2971 3997 3079 4052 dux
3126 3996 3521 4065 apprehensum
3578 3992 3875 4048 Theodorum

2343 4159 2538 4225 capite,
2569 4155 2708 4225 quod
2739 4154 2792 4208 in
2815 4163 3041 4225 utroque
3061 4150 3245 4225 codice
3270 4156 3466 4225 exstat,
3498 4156 3644 4225 patet
3669 4148 3733 4225 ab
3760 4148 3866 4199 inter

2345 4217 2709 4298 po'latoi'e'tton
2733 4228 2895 4277 luisse
2915 4217 3173 4298 additum.
3197 4217 3763 4298 I’Orroqundovuldn‘m
3782 4231 3865 4293 scil!

2351 4286 2443 4367 per
2467 4297 2806 4367 scripsimus,
2833 4309 2971 4367 quae
3000 4291 3157 4345 lectio
3186 4300 3269 4344 est
3312 4290 3471 4343 codd.
3497 4304 3656 4354 mss.,
3690 4291 3802 4342 l'net
3841 4286 3875 4335 in

2349 4361 2513 4425 editis
2532 4361 2901 4418 Gimdobaldus
2921 4361 3147 4415 dicatur.

2275 4452 2323 4510 ι)
2422 4436 2450 4510 ιξ
2483 4436 2612 4510 Yide
2643 4434 2775 4510 inl'ra
2796 4434 2899 4510 _I_i_b.
2928 4445 3203 4510 vnn-cap:
3225 4430 3386 4510 l0._et
3416 4430 3636 4497 passim.

2441 4504 2455 4543 ί
2482 4506 2691 4560 Seniori
2732 4504 2968 4570 scilicet,
2998 4499 3328 4556 Chilileherti
3368 4507 3494 4554 tunc
3523 4499 3787 4570 regnantis
3812 4508 3876 4565 par

2348 4588 2489 4633 truo.

2426 4649 2440 4697 i
2471 4646 2751 4701 Coloniam
2774 4658 2804 4697 a
2827 4641 3046 4697 Francis
3075 4642 3153 4697 sic
3171 4640 3489 4711 appellatam
3505 4638 3690 4693 volunt
3704 4637 3866 4711 Borico

2353 4718 2695 4781 llincmarus,
2747 4713 2943 4782 aliique
3001 4714 3162 4767 etiam
3209 4708 3567 4782 'vetnstiores
3616 4708 3876 4782 scriptore.

2352 4788 2493 4858 quod
2526 4789 2663 4840 forte
2683 4774 2800 4840 eam
2828 4774 3144 4858 simpliciter
3172 4781 3451 4858 Coloniam
3487 4780 3647 4858 primi
3691 4774 3877 4858 appella:

2353 4847 2432 4913 se.
2452 4859 2549 4920 int,
2581 4859 2782 4910 omisso
2818 4847 3124 4922 Agrippina:
3152 4852 3433 4922 vocabulo,
3468 4848 3683 4918 proprio
3705 4849 3821 4922 ejus.
3846 4847 3879 4892 Ill

2353 4919 2584 4991 videtur,
2607 4919 3010 4982 nominez'cuin
3040 4920 3376 4977 solummodo
3403 4923 3553 4991 quasi
3593 4919 3879 4991 per_tnodum

2353 4987 2588 5065 adjuncti
2619 5004 2772 5050 antea
2795 4993 3014 5048 Colonia
3029 4993 3317 5065 diceretur,
3343 4998 3405 5065 ut
3423 4987 3647 5065 Colonia
3676 4987 3878 5063 Traj‘ana.

2354 5058 2575 5122 colonia
2604 5068 2860 5134 Augusta,
2885 5066 3108 5132 sineque
3129 5062 3310 5134 urbes,
3328 5063 3395 5134 _in
3427 5058 3797 5134 quasllontani
3819 5067 3879 5128 cui

2358 5138 2533 5192 Ionias
2560 5123 2912 5190 dedti'xerant.
2947 5123 3034 5187 Ea'
3056 5144 3233 5186 autem
3267 5130 3365 5184 fuit
3395 5123 3523 5184 urbs
3568 5126 3822 5189 Ubiorum,
3844 5123 3879 5172 in

2359 5223 2461 5274 qua
2493 5217 2612 5260 nata
2641 5205 2872 5261 estJttlia
2899 5204 3184 5273 Agrippina
3210 5200 3640 5274 Neronismater,
3671 5212 3783 5264 qua:
3797 5202 3881 5274 sunt

2358 5263 2582 5331 Claudio
2613 5278 2741 5344 itnp.
2773 5263 3081 5342 nupsisset,
3110 5272 3372 5344 coloniam
3418 5263 3774 5344 Romanorum
3788 5263 3883 5344 ilict

2361 5348 2551 5402 deduci
2581 5336 2882 5415 intperavii,
2931 5345 3158 5413 indeque
3180 5342 3247 5394 ab
3285 5342 3406 5415 ejus
3466 5339 3674 5415 nomine
3713 5336 3883 5387 (ἰοιυιιιι

2359 5409 2820 5541 lAgrippina-dicta
2852 5424 2968 5479 est,
3001 5409 3506 5467 ut'narrat'l‘aettus
3540 5409 3634 5461 lib‘.
3661 5423 3723 5459 Ml
3750 5414 3885 5460 Anna-

2381 5504 2509 5541 tum.

2381 5504 2509 5541 tum.

2364 5629 2402 5683 (Σ
2437 5558 2558 5679 ιιὺισέι
2591 5558 2674 5626 ab,
2701 5565 2829 5624 etc.,
2875 5570 3043 5624 usque
3084 5552 3148 5607 ad
3188 5553 3490 5619 conjunctus
3510 5559 3585 5604 est
3605 5586 3623 5613 ,
3652 5550 3820 5603 desunt
3851 5542 3882 5590 in

2410 5647 2467 5682 οι
2507 5666 2522 5681 θ

2410 5647 2522 5682 Ol'U.
