  <div class='ocr_page' id='page_1' title='image "/cluster/home/n/w/nwhite01/storage/ocr_20150623/71/uva.x000827083/204.png"; bbox 0 0 3942 6190; ppageno 0'>
   <div class='ocr_carea' id='block_1_1' title="bbox 175 202 2471 268">
    <p class='ocr_par' dir='ltr' id='par_1_1' title="bbox 175 202 2471 268">
     <span class='ocr_line' id='line_1_1' title="bbox 175 202 2471 268; baseline 0.006 -15"><span class='ocrx_word' id='word_1_1' title='bbox 175 202 252 255; x_wconf 70' lang='lat'><strong>393</strong></span> <span class='ocrx_word' id='word_1_2' title='bbox 1109 209 1420 264; x_wconf 74' lang='lat' dir='ltr'><strong>HISTORIA</strong></span> <span class='ocrx_word' id='word_1_3' title='bbox 1464 210 1898 265; x_wconf 72' lang='lat' dir='ltr'><strong>FRANCORUM.</strong></span> <span class='ocrx_word' id='word_1_4' title='bbox 1945 211 2143 266; x_wconf 72' lang='lat' dir='ltr'><strong>LIBER</strong></span> <span class='ocrx_word' id='word_1_5' title='bbox 2185 213 2471 268; x_wconf 68' lang='lat' dir='ltr'><strong>SEXTUS.</strong></span> 
     </span>
    </p>
   </div>
   <div class='ocr_carea' id='block_1_2' title="bbox 3272 221 3375 272">
    <p class='ocr_par' dir='ltr' id='par_1_2' title="bbox 3272 221 3375 272">
     <span class='ocr_line' id='line_1_2' title="bbox 3272 221 3375 272; baseline -0.019 0"><span class='ocrx_word' id='word_1_6' title='bbox 3272 221 3375 272; x_wconf 63' lang='grc'><strong>694</strong></span> 
     </span>
    </p>
   </div>
   <div class='ocr_carea' id='block_1_3' title="bbox 175 316 3374 398">
    <p class='ocr_par' dir='ltr' id='par_1_3' title="bbox 175 316 3374 398">
     <span class='ocr_line' id='line_1_3' title="bbox 175 316 3374 398; baseline 0.005 -28"><span class='ocrx_word' id='word_1_7' title='bbox 175 320 454 386; x_wconf 79' lang='lat' dir='ltr'><strong>episcopum</strong></span> <span class='ocrx_word' id='word_1_8' title='bbox 479 316 532 370; x_wconf 93' lang='lat' dir='ltr'><strong>in</strong></span> <span class='ocrx_word' id='word_1_9' title='bbox 565 317 852 371; x_wconf 89' lang='lat' dir='ltr'><strong>custodiam</strong></span> <span class='ocrx_word' id='word_1_10' title='bbox 907 333 1001 387; x_wconf 91' lang='lat' dir='ltr'><strong>pro</strong></span> <span class='ocrx_word' id='word_1_11' title='bbox 1034 322 1129 374; x_wconf 90' lang='lat' dir='ltr'><strong>hac</strong></span> <span class='ocrx_word' id='word_1_12' title='bbox 1157 336 1316 375; x_wconf 89' lang='lat' dir='ltr'><strong>eausa</strong></span> <span class='ocrx_word' id='word_1_13' title='bbox 1358 321 1603 386; x_wconf 89' lang='lat' dir='ltr'><strong>detrusit,</strong></span> <span class='ocrx_word' id='word_1_14' title='bbox 1632 338 1715 375; x_wconf 90' lang='lat' dir='ltr'><strong>re-</strong></span> <span class='ocrx_word' id='word_1_15' title='bbox 1746 331 1790 382; x_wconf 82' lang='grc' dir='ltr'><strong>Α</strong></span> <span class='ocrx_word' id='word_1_16' title='bbox 1819 324 2352 392; x_wconf 76' lang='lat' dir='ltr'><strong>Constantinopolim.</strong></span> <span class='ocrx_word' id='word_1_17' title='bbox 2386 324 2482 378; x_wconf 91' lang='lat' dir='ltr'><strong>Cui</strong></span> <span class='ocrx_word' id='word_1_18' title='bbox 2527 325 2614 379; x_wconf 88' lang='lat' dir='ltr'><strong>ille</strong></span> <span class='ocrx_word' id='word_1_19' title='bbox 2649 343 2660 377; x_wconf 87' lang='lat'><strong>:</strong></span> <span class='ocrx_word' id='word_1_20' title='bbox 2689 324 3019 392; x_wconf 82' lang='lat' dir='ltr'><strong>Mummnlus,</strong></span> <span class='ocrx_word' id='word_1_21' title='bbox 3053 329 3237 398; x_wconf 90' lang='lat' dir='ltr'><strong>inquit,</strong></span> <span class='ocrx_word' id='word_1_22' title='bbox 3270 333 3374 389; x_wconf 84' lang='lat' dir='ltr'><strong>dux</strong></span> 
     </span>
    </p>
   </div>
   <div class='ocr_carea' id='block_1_4' title="bbox 180 410 1719 476">
    <p class='ocr_par' dir='ltr' id='par_1_4' title="bbox 180 410 1719 476">
     <span class='ocr_line' id='line_1_4' title="bbox 180 410 1719 476; baseline 0.004 -18"><span class='ocrx_word' id='word_1_23' title='bbox 180 420 338 476; x_wconf 80' lang='lat' dir='ltr'><strong>putans</strong></span> <span class='ocrx_word' id='word_1_24' title='bbox 368 424 470 462; x_wconf 92' lang='lat' dir='ltr'><strong>cur</strong></span> <span class='ocrx_word' id='word_1_25' title='bbox 499 410 766 464; x_wconf 80' lang='lat' dir='ltr'><strong>hominem</strong></span> <span class='ocrx_word' id='word_1_26' title='bbox 794 422 1101 464; x_wconf 80' lang='lat' dir='ltr'><strong>extraneum</strong></span> <span class='ocrx_word' id='word_1_27' title='bbox 1127 413 1499 466; x_wconf 87' lang='lat' dir='ltr'><strong>intromisisset</strong></span> <span class='ocrx_word' id='word_1_28' title='bbox 1523 415 1574 465; x_wconf 91' lang='lat' dir='ltr'><strong>in</strong></span> <span class='ocrx_word' id='word_1_29' title='bbox 1603 414 1719 467; x_wconf 86' lang='lat' dir='ltr'><strong>Gal-</strong></span> 
     </span>
    </p>
   </div>
   <div class='ocr_carea' id='block_1_5' title="bbox 177 501 1716 570">
    <p class='ocr_par' dir='ltr' id='par_1_5' title="bbox 177 501 1716 570">
     <span class='ocr_line' id='line_1_5' title="bbox 177 501 1716 570; baseline 0.001 -15"><span class='ocrx_word' id='word_1_30' title='bbox 177 503 264 566; x_wconf 86' lang='lat' dir='ltr'><strong>lias,</strong></span> <span class='ocrx_word' id='word_1_31' title='bbox 309 501 676 569; x_wconf 86' lang='lat' dir='ltr'><strong>voluissetque</strong></span> <span class='ocrx_word' id='word_1_32' title='bbox 726 501 1052 556; x_wconf 86' lang='lat' dir='ltr'><strong>Francorum</strong></span> <span class='ocrx_word' id='word_1_33' title='bbox 1080 519 1297 570; x_wconf 83' lang='lat' dir='ltr'><strong>regnum</strong></span> <span class='ocrx_word' id='word_1_34' title='bbox 1353 504 1716 567; x_wconf 84' lang='lat' dir='ltr'><strong>imperialibus</strong></span> 
     </span>
    </p>
   </div>
   <div class='ocr_carea' id='block_1_6' title="bbox 177 595 1717 665">
    <p class='ocr_par' dir='ltr' id='par_1_6' title="bbox 177 595 1717 665">
     <span class='ocr_line' id='line_1_6' title="bbox 177 595 1717 665; baseline -0.001 -16"><span class='ocrx_word' id='word_1_35' title='bbox 177 612 240 662; x_wconf 86' lang='lat' dir='ltr'><strong>per</strong></span> <span class='ocrx_word' id='word_1_36' title='bbox 263 597 376 649; x_wconf 76' lang='lat' dir='ltr'><strong>haec</strong></span> <span class='ocrx_word' id='word_1_37' title='bbox 405 595 638 650; x_wconf 87' lang='lat' dir='ltr'><strong>subdere</strong></span> <span class='ocrx_word' id='word_1_38' title='bbox 698 595 989 649; x_wconf 89' lang='lat' dir='ltr'><strong>ditionibus</strong></span> <span class='ocrx_word' id='word_1_39' title='bbox 1020 604 1067 650; x_wconf 80' lang='grc'><strong>⁸.</strong></span> <span class='ocrx_word' id='word_1_40' title='bbox 1101 597 1168 651; x_wconf 87' lang='grc' dir='ltr'><strong>Αι</strong></span> <span class='ocrx_word' id='word_1_41' title='bbox 1198 597 1286 650; x_wconf 90' lang='lat' dir='ltr'><strong>ille</strong></span> <span class='ocrx_word' id='word_1_42' title='bbox 1339 599 1634 665; x_wconf 80' lang='lat' dir='ltr'><strong>epistolam,</strong></span> <span class='ocrx_word' id='word_1_43' title='bbox 1662 604 1717 648; x_wconf 87' lang='lat' dir='ltr'><strong>ut</strong></span> 
     </span>
    </p>
   </div>
   <div class='ocr_carea' id='block_1_7' title="bbox 177 681 1713 754">
    <p class='ocr_par' dir='ltr' id='par_1_7' title="bbox 177 681 1713 754">
     <span class='ocr_line' id='line_1_7' title="bbox 177 681 1713 754; baseline 0.001 -18"><span class='ocrx_word' id='word_1_44' title='bbox 177 687 316 749; x_wconf 83' lang='lat' dir='ltr'><strong>aiunt,</strong></span> <span class='ocrx_word' id='word_1_45' title='bbox 342 699 504 738; x_wconf 91' lang='lat' dir='ltr'><strong>manu</strong></span> <span class='ocrx_word' id='word_1_46' title='bbox 537 682 798 752; x_wconf 86' lang='lat' dir='ltr'><strong>majorum</strong></span> <span class='ocrx_word' id='word_1_47' title='bbox 826 681 1150 739; x_wconf 88' lang='lat' dir='ltr'><strong>Childeberti</strong></span> <span class='ocrx_word' id='word_1_48' title='bbox 1178 684 1318 754; x_wconf 87' lang='lat' dir='ltr'><strong>regis</strong></span> <span class='ocrx_word' id='word_1_49' title='bbox 1340 687 1713 753; x_wconf 86' lang='lat' dir='ltr'><strong>subscriptam,</strong></span> 
     </span>
    </p>
   </div>
   <div class='ocr_carea' id='block_1_8' title="bbox 176 775 1715 844">
    <p class='ocr_par' dir='ltr' id='par_1_8' title="bbox 176 775 1715 844">
     <span class='ocr_line' id='line_1_8' title="bbox 176 775 1715 844; baseline 0.001 -16"><span class='ocrx_word' id='word_1_50' title='bbox 176 777 382 842; x_wconf 84' lang='lat' dir='ltr'><strong>protulit,</strong></span> <span class='ocrx_word' id='word_1_51' title='bbox 418 776 603 830; x_wconf 89' lang='lat' dir='ltr'><strong>dicens</strong></span> <span class='ocrx_word' id='word_1_52' title='bbox 638 794 652 830; x_wconf 91' lang='lat'><strong>:</strong></span> <span class='ocrx_word' id='word_1_53' title='bbox 684 775 826 830; x_wconf 87' lang='lat' dir='ltr'><strong>Nihil</strong></span> <span class='ocrx_word' id='word_1_54' title='bbox 866 790 961 844; x_wconf 88' lang='lat' dir='ltr'><strong>per</strong></span> <span class='ocrx_word' id='word_1_55' title='bbox 998 791 1084 829; x_wconf 91' lang='lat' dir='ltr'><strong>me</strong></span> <span class='ocrx_word' id='word_1_56' title='bbox 1111 775 1232 839; x_wconf 87' lang='lat' dir='ltr'><strong>feci,</strong></span> <span class='ocrx_word' id='word_1_57' title='bbox 1260 776 1359 828; x_wconf 90' lang='lat' dir='ltr'><strong>nisi</strong></span> <span class='ocrx_word' id='word_1_58' title='bbox 1389 791 1506 844; x_wconf 73' lang='lat' dir='ltr'><strong>quae</strong></span> <span class='ocrx_word' id='word_1_59' title='bbox 1536 776 1664 829; x_wconf 89' lang='lat' dir='ltr'><strong>mihi</strong></span> <span class='ocrx_word' id='word_1_60' title='bbox 1686 793 1715 830; x_wconf 90' lang='lat' dir='ltr'><strong>a</strong></span> 
     </span>
    </p>
   </div>
   <div class='ocr_carea' id='block_1_9' title="bbox 177 863 1715 932">
    <p class='ocr_par' dir='ltr' id='par_1_9' title="bbox 177 863 1715 932">
     <span class='ocr_line' id='line_1_9' title="bbox 177 863 1715 932; baseline -0.001 -14"><span class='ocrx_word' id='word_1_61' title='bbox 177 864 372 919; x_wconf 84' lang='lat' dir='ltr'><strong>dominis</strong></span> <span class='ocrx_word' id='word_1_62' title='bbox 402 864 601 919; x_wconf 85' lang='lat' dir='ltr'><strong>nostris</strong></span> <span class='ocrx_word' id='word_1_63' title='bbox 632 873 685 919; x_wconf 89' lang='lat' dir='ltr'><strong>et</strong></span> <span class='ocrx_word' id='word_1_64' title='bbox 708 865 1007 918; x_wconf 84' lang='lat' dir='ltr'><strong>senioribus</strong></span> <span class='ocrx_word' id='word_1_65' title='bbox 1048 865 1302 932; x_wconf 91' lang='lat' dir='ltr'><strong>imperata</strong></span> <span class='ocrx_word' id='word_1_66' title='bbox 1350 874 1494 918; x_wconf 93' lang='lat' dir='ltr'><strong>sunt.</strong></span> <span class='ocrx_word' id='word_1_67' title='bbox 1524 863 1715 918; x_wconf 86' lang='lat' dir='ltr'><strong>Custo-</strong></span> 
     </span>
    </p>
   </div>
   <div class='ocr_carea' id='block_1_10' title="bbox 178 956 1716 1026">
    <p class='ocr_par' dir='ltr' id='par_1_10' title="bbox 178 956 1716 1026">
     <span class='ocr_line' id='line_1_10' title="bbox 178 956 1716 1026; baseline -0.001 -16"><span class='ocrx_word' id='word_1_68' title='bbox 178 957 389 1013; x_wconf 83' lang='lat' dir='ltr'><strong>diebatur</strong></span> <span class='ocrx_word' id='word_1_69' title='bbox 429 958 590 1026; x_wconf 91' lang='lat' dir='ltr'><strong>igitur</strong></span> <span class='ocrx_word' id='word_1_70' title='bbox 636 956 886 1011; x_wconf 86' lang='lat' dir='ltr'><strong>sacerdos</strong></span> <span class='ocrx_word' id='word_1_71' title='bbox 911 957 962 1009; x_wconf 93' lang='lat' dir='ltr'><strong>in</strong></span> <span class='ocrx_word' id='word_1_72' title='bbox 984 956 1200 1021; x_wconf 89' lang='lat' dir='ltr'><strong>cellula,</strong></span> <span class='ocrx_word' id='word_1_73' title='bbox 1232 970 1331 1010; x_wconf 86' lang='lat' dir='ltr'><strong>nee</strong></span> <span class='ocrx_word' id='word_1_74' title='bbox 1377 957 1716 1025; x_wconf 82' lang='lat' dir='ltr'><strong>permitteba-</strong></span> 
     </span>
    </p>
   </div>
   <div class='ocr_carea' id='block_1_11' title="bbox 178 1045 1715 1116">
    <p class='ocr_par' dir='ltr' id='par_1_11' title="bbox 178 1045 1715 1116">
     <span class='ocr_line' id='line_1_11' title="bbox 178 1045 1715 1116; baseline 0 -17"><span class='ocrx_word' id='word_1_75' title='bbox 178 1057 232 1102; x_wconf 85' lang='lat' dir='ltr'><strong>tur</strong></span> <span class='ocrx_word' id='word_1_76' title='bbox 259 1047 503 1103; x_wconf 67' lang='lat' dir='ltr'><strong>ecclesiae</strong></span> <span class='ocrx_word' id='word_1_77' title='bbox 536 1048 918 1116; x_wconf 84' lang='lat' dir='ltr'><strong>propinquare.</strong></span> <span class='ocrx_word' id='word_1_78' title='bbox 946 1045 1186 1114; x_wconf 84' lang='lat' dir='ltr'><strong>Quadam</strong></span> <span class='ocrx_word' id='word_1_79' title='bbox 1226 1061 1353 1101; x_wconf 90' lang='lat' dir='ltr'><strong>vero</strong></span> <span class='ocrx_word' id='word_1_80' title='bbox 1384 1055 1560 1115; x_wconf 91' lang='lat' dir='ltr'><strong>nocte,</strong></span> <span class='ocrx_word' id='word_1_81' title='bbox 1591 1046 1715 1099; x_wconf 90' lang='lat' dir='ltr'><strong>dum</strong></span> 
     </span>
    </p>
   </div>
   <div class='ocr_carea' id='block_1_12' title="bbox 175 1133 1716 1200">
    <p class='ocr_par' dir='ltr' id='par_1_12' title="bbox 175 1133 1716 1200">
     <span class='ocr_line' id='line_1_12' title="bbox 175 1133 1716 1200; baseline -0.002 -10"><span class='ocrx_word' id='word_1_82' title='bbox 175 1141 394 1194; x_wconf 79' lang='lat' dir='ltr'><strong>attentius</strong></span> <span class='ocrx_word' id='word_1_83' title='bbox 429 1149 609 1193; x_wconf 90' lang='lat' dir='ltr'><strong>oraret</strong></span> <span class='ocrx_word' id='word_1_84' title='bbox 641 1137 705 1191; x_wconf 92' lang='lat' dir='ltr'><strong>ad</strong></span> <span class='ocrx_word' id='word_1_85' title='bbox 748 1137 1050 1200; x_wconf 90' lang='lat' dir='ltr'><strong>Dominum,</strong></span> <span class='ocrx_word' id='word_1_86' title='bbox 1083 1135 1288 1190; x_wconf 83' lang='lat' dir='ltr'><strong>refulsit</strong></span> <span class='ocrx_word' id='word_1_87' title='bbox 1331 1133 1522 1190; x_wconf 87' lang='lat' dir='ltr'><strong>cellula</strong></span> <span class='ocrx_word' id='word_1_88' title='bbox 1553 1135 1716 1188; x_wconf 90' lang='lat' dir='ltr'><strong>nimio</strong></span> 
     </span>
    </p>
   </div>
   <div class='ocr_carea' id='block_1_13' title="bbox 163 1224 1717 1295">
    <p class='ocr_par' dir='ltr' id='par_1_13' title="bbox 163 1224 1717 1295">
     <span class='ocr_line' id='line_1_13' title="bbox 163 1224 1717 1295; baseline -0.005 -10"><span class='ocrx_word' id='word_1_89' title='bbox 163 1233 453 1295; x_wconf 81' lang='lat' dir='ltr'><strong>splendore,</strong></span> <span class='ocrx_word' id='word_1_90' title='bbox 477 1230 550 1283; x_wconf 89' lang='lat' dir='ltr'><strong>ita</strong></span> <span class='ocrx_word' id='word_1_91' title='bbox 580 1237 638 1282; x_wconf 92' lang='lat' dir='ltr'><strong>ut</strong></span> <span class='ocrx_word' id='word_1_92' title='bbox 666 1241 845 1281; x_wconf 89' lang='lat' dir='ltr'><strong>comes</strong></span> <span class='ocrx_word' id='word_1_93' title='bbox 871 1228 958 1294; x_wconf 91' lang='lat' dir='ltr'><strong>qui</strong></span> <span class='ocrx_word' id='word_1_94' title='bbox 988 1235 1102 1281; x_wconf 91' lang='lat' dir='ltr'><strong>erat</strong></span> <span class='ocrx_word' id='word_1_95' title='bbox 1124 1235 1305 1280; x_wconf 89' lang='lat' dir='ltr'><strong>custos</strong></span> <span class='ocrx_word' id='word_1_96' title='bbox 1351 1224 1488 1295; x_wconf 90' lang='lat' dir='ltr'><strong>ejus,</strong></span> <span class='ocrx_word' id='word_1_97' title='bbox 1518 1225 1717 1294; x_wconf 83' lang='lat' dir='ltr'><strong>ingenti</strong></span> 
     </span>
    </p>
   </div>
   <div class='ocr_carea' id='block_1_14' title="bbox 161 1317 1716 1393">
    <p class='ocr_par' dir='ltr' id='par_1_14' title="bbox 161 1317 1716 1393">
     <span class='ocr_line' id='line_1_14' title="bbox 161 1317 1716 1393; baseline -0.005 -17"><span class='ocrx_word' id='word_1_98' title='bbox 161 1339 340 1393; x_wconf 80' lang='lat' dir='ltr'><strong>pavore</strong></span> <span class='ocrx_word' id='word_1_99' title='bbox 380 1333 672 1376; x_wconf 81' lang='lat' dir='ltr'><strong>terreretur</strong></span> <span class='ocrx_word' id='word_1_100' title='bbox 698 1337 712 1386; x_wconf 92' lang='lat'><strong>;</strong></span> <span class='ocrx_word' id='word_1_101' title='bbox 743 1319 992 1386; x_wconf 87' lang='lat' dir='ltr'><strong>visusque</strong></span> <span class='ocrx_word' id='word_1_102' title='bbox 1020 1328 1102 1372; x_wconf 88' lang='lat' dir='ltr'><strong>est</strong></span> <span class='ocrx_word' id='word_1_103' title='bbox 1125 1333 1283 1387; x_wconf 88' lang='lat' dir='ltr'><strong>super</strong></span> <span class='ocrx_word' id='word_1_104' title='bbox 1312 1333 1432 1372; x_wconf 90' lang='lat' dir='ltr'><strong>eum</strong></span> <span class='ocrx_word' id='word_1_105' title='bbox 1454 1317 1584 1372; x_wconf 90' lang='lat' dir='ltr'><strong>lueis</strong></span> <span class='ocrx_word' id='word_1_106' title='bbox 1615 1317 1716 1369; x_wconf 83' lang='lat' dir='ltr'><strong>im-</strong></span> 
     </span>
    </p>
   </div>
   <div class='ocr_carea' id='block_1_15' title="bbox 164 1407 1719 1484">
    <p class='ocr_par' dir='ltr' id='par_1_15' title="bbox 164 1407 1719 1484">
     <span class='ocr_line' id='line_1_15' title="bbox 164 1407 1719 1484; baseline -0.005 -14"><span class='ocrx_word' id='word_1_107' title='bbox 164 1430 346 1470; x_wconf 68' lang='lat' dir='ltr'><strong>mensae</strong></span> <span class='ocrx_word' id='word_1_108' title='bbox 370 1413 562 1484; x_wconf 80' lang='lat' dir='ltr'><strong>globus</strong></span> <span class='ocrx_word' id='word_1_109' title='bbox 587 1427 682 1480; x_wconf 90' lang='lat' dir='ltr'><strong>per</strong></span> <span class='ocrx_word' id='word_1_110' title='bbox 725 1411 944 1464; x_wconf 91' lang='lat' dir='ltr'><strong>duarum</strong></span> <span class='ocrx_word' id='word_1_111' title='bbox 994 1409 1244 1464; x_wconf 84' lang='lat' dir='ltr'><strong>horarum</strong></span> <span class='ocrx_word' id='word_1_112' title='bbox 1296 1412 1546 1477; x_wconf 86' lang='lat' dir='ltr'><strong>spatium.</strong></span> <span class='ocrx_word' id='word_1_113' title='bbox 1568 1407 1719 1462; x_wconf 85' lang='lat' dir='ltr'><strong>Mane</strong></span> 
     </span>
    </p>
   </div>
   <div class='ocr_carea' id='block_1_16' title="bbox 158 1500 1715 1570">
    <p class='ocr_par' dir='ltr' id='par_1_16' title="bbox 158 1500 1715 1570">
     <span class='ocr_line' id='line_1_16' title="bbox 158 1500 1715 1570; baseline -0.005 -10"><span class='ocrx_word' id='word_1_114' title='bbox 158 1518 321 1560; x_wconf 84' lang='lat' dir='ltr'><strong>autem</strong></span> <span class='ocrx_word' id='word_1_115' title='bbox 347 1505 505 1569; x_wconf 81' lang='lat' dir='ltr'><strong>facto,</strong></span> <span class='ocrx_word' id='word_1_116' title='bbox 529 1502 779 1555; x_wconf 87' lang='lat' dir='ltr'><strong>narrabat</strong></span> <span class='ocrx_word' id='word_1_117' title='bbox 805 1503 919 1555; x_wconf 68' lang='lat' dir='ltr'><strong>hace</strong></span> <span class='ocrx_word' id='word_1_118' title='bbox 940 1515 1118 1554; x_wconf 89' lang='lat' dir='ltr'><strong>eomes</strong></span> <span class='ocrx_word' id='word_1_119' title='bbox 1147 1500 1236 1554; x_wconf 90' lang='lat' dir='ltr'><strong>ille</strong></span> <span class='ocrx_word' id='word_1_120' title='bbox 1257 1501 1467 1554; x_wconf 76' lang='lat' dir='ltr'><strong>Cteteris</strong></span> <span class='ocrx_word' id='word_1_121' title='bbox 1491 1500 1578 1570; x_wconf 90' lang='lat' dir='ltr'><strong>qui</strong></span> <span class='ocrx_word' id='word_1_122' title='bbox 1597 1515 1715 1553; x_wconf 89' lang='lat' dir='ltr'><strong>cum</strong></span> 
     </span>
    </p>
   </div>
   <div class='ocr_carea' id='block_1_17' title="bbox 159 1587 1721 1651">
    <p class='ocr_par' dir='ltr' id='par_1_17' title="bbox 159 1587 1721 1651">
     <span class='ocr_line' id='line_1_17' title="bbox 159 1587 1721 1651; baseline -0.006 0"><span class='ocrx_word' id='word_1_123' title='bbox 159 1611 218 1651; x_wconf 91' lang='lat' dir='ltr'><strong>eo</strong></span> <span class='ocrx_word' id='word_1_124' title='bbox 241 1604 410 1650; x_wconf 83' lang='lat' dir='ltr'><strong>erant.</strong></span> <span class='ocrx_word' id='word_1_125' title='bbox 441 1592 684 1647; x_wconf 68' lang='lat' dir='ltr'><strong>Posthmc</strong></span> <span class='ocrx_word' id='word_1_126' title='bbox 713 1599 887 1644; x_wconf 84' lang='lat' dir='ltr'><strong>autem</strong></span> <span class='ocrx_word' id='word_1_127' title='bbox 939 1589 1130 1644; x_wconf 89' lang='lat' dir='ltr'><strong>ductus</strong></span> <span class='ocrx_word' id='word_1_128' title='bbox 1158 1600 1237 1643; x_wconf 90' lang='lat' dir='ltr'><strong>est</strong></span> <span class='ocrx_word' id='word_1_129' title='bbox 1267 1589 1333 1643; x_wconf 88' lang='lat' dir='ltr'><strong>ad</strong></span> <span class='ocrx_word' id='word_1_130' title='bbox 1365 1587 1721 1643; x_wconf 90' lang='lat' dir='ltr'><strong>Guntchram-</strong></span> 
     </span>
    </p>
   </div>
   <div class='ocr_carea' id='block_1_18' title="bbox 1821 417 3377 486">
    <p class='ocr_par' dir='ltr' id='par_1_18' title="bbox 1821 417 3377 486">
     <span class='ocr_line' id='line_1_18' title="bbox 1821 417 3377 486; baseline 0.008 -18"><span class='ocrx_word' id='word_1_131' title='bbox 1821 425 1941 469; x_wconf 92' lang='lat' dir='ltr'><strong>tuns</strong></span> <span class='ocrx_word' id='word_1_132' title='bbox 1971 417 2085 484; x_wconf 89' lang='lat' dir='ltr'><strong>ipse</strong></span> <span class='ocrx_word' id='word_1_133' title='bbox 2111 419 2343 486; x_wconf 88' lang='lat' dir='ltr'><strong>suscepit</strong></span> <span class='ocrx_word' id='word_1_134' title='bbox 2382 433 2526 482; x_wconf 84' lang='lat' dir='ltr'><strong>eum,</strong></span> <span class='ocrx_word' id='word_1_135' title='bbox 2552 429 2605 471; x_wconf 91' lang='lat' dir='ltr'><strong>et</strong></span> <span class='ocrx_word' id='word_1_136' title='bbox 2633 420 2681 472; x_wconf 93' lang='lat' dir='ltr'><strong>in</strong></span> <span class='ocrx_word' id='word_1_137' title='bbox 2720 421 2990 474; x_wconf 85' lang='lat' dir='ltr'><strong>Avenione</strong></span> <span class='ocrx_word' id='word_1_138' title='bbox 3040 438 3219 477; x_wconf 86' lang='lat' dir='ltr'><strong>secum</strong></span> <span class='ocrx_word' id='word_1_139' title='bbox 3252 428 3377 480; x_wconf 82' lang='lat' dir='ltr'><strong>reti-</strong></span> 
     </span>
    </p>
   </div>
   <div class='ocr_carea' id='block_1_19' title="bbox 1821 507 3372 585">
    <p class='ocr_par' dir='ltr' id='par_1_19' title="bbox 1821 507 3372 585">
     <span class='ocr_line' id='line_1_19' title="bbox 1821 507 3372 585; baseline 0.009 -26"><span class='ocrx_word' id='word_1_140' title='bbox 1821 508 1954 560; x_wconf 92' lang='lat' dir='ltr'><strong>nuit.</strong></span> <span class='ocrx_word' id='word_1_141' title='bbox 1982 507 2130 562; x_wconf 86' lang='lat' dir='ltr'><strong>Nunc</strong></span> <span class='ocrx_word' id='word_1_142' title='bbox 2185 519 2357 564; x_wconf 87' lang='lat' dir='ltr'><strong>autem</strong></span> <span class='ocrx_word' id='word_1_143' title='bbox 2409 511 2654 577; x_wconf 87' lang='lat' dir='ltr'><strong>permitte</strong></span> <span class='ocrx_word' id='word_1_144' title='bbox 2705 527 2812 578; x_wconf 89' lang='lat' dir='ltr'><strong>me,</strong></span> <span class='ocrx_word' id='word_1_145' title='bbox 2835 522 2886 565; x_wconf 88' lang='lat' dir='ltr'><strong>et</strong></span> <span class='ocrx_word' id='word_1_146' title='bbox 2915 513 3172 568; x_wconf 84' lang='lat' dir='ltr'><strong>adducam</strong></span> <span class='ocrx_word' id='word_1_147' title='bbox 3200 517 3372 585; x_wconf 87' lang='lat' dir='ltr'><strong>ipsum</strong></span> 
     </span>
    </p>
   </div>
   <div class='ocr_carea' id='block_1_20' title="bbox 1819 598 3376 674">
    <p class='ocr_par' dir='ltr' id='par_1_20' title="bbox 1819 598 3376 674">
     <span class='ocr_line' id='line_1_20' title="bbox 1819 598 3376 674; baseline 0.008 -25"><span class='ocrx_word' id='word_1_148' title='bbox 1819 598 2011 661; x_wconf 87' lang='lat' dir='ltr'><strong>tibi,et</strong></span> <span class='ocrx_word' id='word_1_149' title='bbox 2043 605 2166 651; x_wconf 88' lang='lat' dir='ltr'><strong>tu‘nc</strong></span> <span class='ocrx_word' id='word_1_150' title='bbox 2213 598 2463 653; x_wconf 89' lang='lat' dir='ltr'><strong>immunis</strong></span> <span class='ocrx_word' id='word_1_151' title='bbox 2498 615 2593 654; x_wconf 88' lang='lat' dir='ltr'><strong>ero</strong></span> <span class='ocrx_word' id='word_1_152' title='bbox 2633 603 2698 653; x_wconf 90' lang='lat' dir='ltr'><strong>ab</strong></span> <span class='ocrx_word' id='word_1_153' title='bbox 2757 601 2838 655; x_wconf 89' lang='lat' dir='ltr'><strong>his</strong></span> <span class='ocrx_word' id='word_1_154' title='bbox 2879 617 2995 671; x_wconf 68' lang='lat' dir='ltr'><strong>quae</strong></span> <span class='ocrx_word' id='word_1_155' title='bbox 3050 605 3376 674; x_wconf 84' lang='lat' dir='ltr'><strong>imputantur</strong></span> 
     </span>
    </p>
   </div>
   <div class='ocr_carea' id='block_1_21' title="bbox 1819 688 3377 760">
    <p class='ocr_par' dir='ltr' id='par_1_21' title="bbox 1819 688 3377 760">
     <span class='ocr_line' id='line_1_21' title="bbox 1819 688 3377 760; baseline 0.006 -20"><span class='ocrx_word' id='word_1_156' title='bbox 1819 688 1971 741; x_wconf 81' lang='lat' dir='ltr'><strong>mihi.</strong></span> <span class='ocrx_word' id='word_1_157' title='bbox 1999 688 2093 742; x_wconf 93' lang='lat' dir='ltr'><strong>Cui</strong></span> <span class='ocrx_word' id='word_1_158' title='bbox 2118 704 2211 744; x_wconf 85' lang='lat' dir='ltr'><strong>rex</strong></span> <span class='ocrx_word' id='word_1_159' title='bbox 2241 690 2317 742; x_wconf 90' lang='lat' dir='ltr'><strong>ait</strong></span> <span class='ocrx_word' id='word_1_160' title='bbox 2345 707 2356 741; x_wconf 88' lang='lat'><strong>:</strong></span> <span class='ocrx_word' id='word_1_161' title='bbox 2388 689 2502 744; x_wconf 84' lang='lat' dir='ltr'><strong>Non</strong></span> <span class='ocrx_word' id='word_1_162' title='bbox 2542 693 2842 759; x_wconf 82' lang='lat' dir='ltr'><strong>permittam</strong></span> <span class='ocrx_word' id='word_1_163' title='bbox 2883 702 2934 747; x_wconf 92' lang='lat' dir='ltr'><strong>te</strong></span> <span class='ocrx_word' id='word_1_164' title='bbox 2962 694 3132 760; x_wconf 86' lang='lat' dir='ltr'><strong>abire,</strong></span> <span class='ocrx_word' id='word_1_165' title='bbox 3162 696 3262 750; x_wconf 90' lang='lat' dir='ltr'><strong>nisi</strong></span> <span class='ocrx_word' id='word_1_166' title='bbox 3293 697 3377 750; x_wconf 88' lang='lat' dir='ltr'><strong>di-</strong></span> 
     </span>
    </p>
   </div>
   <div class='ocr_carea' id='block_1_22' title="bbox 1817 780 3381 850">
    <p class='ocr_par' dir='ltr' id='par_1_22' title="bbox 1817 780 3381 850">
     <span class='ocr_line' id='line_1_22' title="bbox 1817 780 3381 850; baseline 0.006 -18"><span class='ocrx_word' id='word_1_167' title='bbox 1817 795 1948 850; x_wconf 87' lang='lat' dir='ltr'><strong>gnas</strong></span> <span class='ocrx_word' id='word_1_168' title='bbox 1979 780 2096 834; x_wconf 90' lang='lat' dir='ltr'><strong>luas</strong></span> <span class='ocrx_word' id='word_1_169' title='bbox 2142 794 2328 849; x_wconf 87' lang='lat' dir='ltr'><strong>poenas</strong></span> <span class='ocrx_word' id='word_1_170' title='bbox 2372 796 2465 849; x_wconf 90' lang='lat' dir='ltr'><strong>pro</strong></span> <span class='ocrx_word' id='word_1_171' title='bbox 2519 781 2601 835; x_wconf 89' lang='lat' dir='ltr'><strong>his</strong></span> <span class='ocrx_word' id='word_1_172' title='bbox 2654 798 2771 850; x_wconf 57' lang='lat' dir='ltr'><strong>qua!</strong></span> <span class='ocrx_word' id='word_1_173' title='bbox 2813 783 3143 839; x_wconf 89' lang='lat' dir='ltr'><strong>commisisti.</strong></span> <span class='ocrx_word' id='word_1_174' title='bbox 3176 786 3246 840; x_wconf 85' lang='lat' dir='ltr'><strong>At</strong></span> <span class='ocrx_word' id='word_1_175' title='bbox 3291 785 3381 842; x_wconf 87' lang='lat' dir='ltr'><strong>ille</strong></span> 
     </span>
    </p>
   </div>
   <div class='ocr_carea' id='block_1_23' title="bbox 1817 869 3378 942">
    <p class='ocr_par' dir='ltr' id='par_1_23' title="bbox 1817 869 3378 942">
     <span class='ocr_line' id='line_1_23' title="bbox 1817 869 3378 942; baseline 0.004 -18"><span class='ocrx_word' id='word_1_176' title='bbox 1817 883 2044 924; x_wconf 89' lang='lat' dir='ltr'><strong>cernens</strong></span> <span class='ocrx_word' id='word_1_177' title='bbox 2070 885 2130 924; x_wconf 90' lang='lat' dir='ltr'><strong>se</strong></span> <span class='ocrx_word' id='word_1_178' title='bbox 2143 869 2297 924; x_wconf 91' lang='lat' dir='ltr'><strong>morti</strong></span> <span class='ocrx_word' id='word_1_179' title='bbox 2314 871 2773 940; x_wconf 84' lang='lat' dir='ltr'><strong>prepinquum,ait</strong></span> <span class='ocrx_word' id='word_1_180' title='bbox 2803 891 2816 925; x_wconf 92' lang='lat'><strong>:</strong></span> <span class='ocrx_word' id='word_1_181' title='bbox 2843 873 2978 928; x_wconf 87' lang='lat' dir='ltr'><strong>Ecce</strong></span> <span class='ocrx_word' id='word_1_182' title='bbox 2996 872 3158 928; x_wconf 81' lang='lat' dir='ltr'><strong>tilium</strong></span> <span class='ocrx_word' id='word_1_183' title='bbox 3180 891 3378 942; x_wconf 86' lang='lat' dir='ltr'><strong>meum,</strong></span> 
     </span>
    </p>
   </div>
   <div class='ocr_carea' id='block_1_24' title="bbox 1817 960 3380 1033">
    <p class='ocr_par' dir='ltr' id='par_1_24' title="bbox 1817 960 3380 1033">
     <span class='ocr_line' id='line_1_24' title="bbox 1817 960 3380 1033; baseline 0.006 -21"><span class='ocrx_word' id='word_1_184' title='bbox 1817 960 2029 1030; x_wconf 88' lang='lat' dir='ltr'><strong>suscipe</strong></span> <span class='ocrx_word' id='word_1_185' title='bbox 2057 960 2227 1028; x_wconf 90' lang='lat' dir='ltr'><strong>illum,</strong></span> <span class='ocrx_word' id='word_1_186' title='bbox 2258 974 2310 1015; x_wconf 90' lang='lat' dir='ltr'><strong>et</strong></span> <span class='ocrx_word' id='word_1_187' title='bbox 2338 963 2409 1015; x_wconf 88' lang='lat' dir='ltr'><strong>sit</strong></span> <span class='ocrx_word' id='word_1_188' title='bbox 2431 963 2586 1016; x_wconf 89' lang='lat' dir='ltr'><strong>obses</strong></span> <span class='ocrx_word' id='word_1_189' title='bbox 2619 978 2715 1030; x_wconf 80' lang='lat' dir='ltr'><strong>pro</strong></span> <span class='ocrx_word' id='word_1_190' title='bbox 2747 964 2829 1017; x_wconf 93' lang='lat' dir='ltr'><strong>his</strong></span> <span class='ocrx_word' id='word_1_191' title='bbox 2860 978 2978 1032; x_wconf 62' lang='lat' dir='ltr'><strong>quae</strong></span> <span class='ocrx_word' id='word_1_192' title='bbox 3005 966 3257 1033; x_wconf 88' lang='lat' dir='ltr'><strong>promitto</strong></span> <span class='ocrx_word' id='word_1_193' title='bbox 3283 965 3380 1022; x_wconf 86' lang='lat' dir='ltr'><strong>do-</strong></span> 
     </span>
    </p>
   </div>
   <div class='ocr_carea' id='block_1_25' title="bbox 1816 1051 3379 1124">
    <p class='ocr_par' dir='ltr' id='par_1_25' title="bbox 1816 1051 3379 1124">
     <span class='ocr_line' id='line_1_25' title="bbox 1816 1051 3379 1124; baseline 0.004 -21"><span class='ocrx_word' id='word_1_194' title='bbox 1816 1051 1963 1104; x_wconf 90' lang='lat' dir='ltr'><strong>mino</strong></span> <span class='ocrx_word' id='word_1_195' title='bbox 1992 1065 2112 1105; x_wconf 91' lang='lat' dir='ltr'><strong>meo</strong></span> <span class='ocrx_word' id='word_1_196' title='bbox 2139 1052 2282 1120; x_wconf 88' lang='lat' dir='ltr'><strong>regi;</strong></span> <span class='ocrx_word' id='word_1_197' title='bbox 2337 1060 2392 1106; x_wconf 89' lang='lat' dir='ltr'><strong>et</strong></span> <span class='ocrx_word' id='word_1_198' title='bbox 2436 1053 2538 1106; x_wconf 88' lang='lat' dir='ltr'><strong>nisi</strong></span> <span class='ocrx_word' id='word_1_199' title='bbox 2587 1053 2929 1107; x_wconf 85' lang='lat' dir='ltr'><strong>Mnmmolum</strong></span> <span class='ocrx_word' id='word_1_200' title='bbox 2972 1054 3228 1110; x_wconf 90' lang='lat' dir='ltr'><strong>adducam</strong></span> <span class='ocrx_word' id='word_1_201' title='bbox 3259 1057 3379 1124; x_wconf 78' lang='lat' dir='ltr'><strong>tibi,</strong></span> 
     </span>
    </p>
   </div>
   <div class='ocr_carea' id='block_1_26' title="bbox 1818 1142 3381 1213">
    <p class='ocr_par' dir='ltr' id='par_1_26' title="bbox 1818 1142 3381 1213">
     <span class='ocr_line' id='line_1_26' title="bbox 1818 1142 3381 1213; baseline 0.004 -18"><span class='ocrx_word' id='word_1_202' title='bbox 1818 1142 2034 1210; x_wconf 86' lang='lat' dir='ltr'><strong>perdam</strong></span> <span class='ocrx_word' id='word_1_203' title='bbox 2081 1144 2353 1210; x_wconf 88' lang='lat' dir='ltr'><strong>parvulum</strong></span> <span class='ocrx_word' id='word_1_204' title='bbox 2407 1157 2604 1196; x_wconf 91' lang='lat' dir='ltr'><strong>meum.</strong></span> <span class='ocrx_word' id='word_1_205' title='bbox 2649 1143 2796 1198; x_wconf 87' lang='lat' dir='ltr'><strong>Tunc</strong></span> <span class='ocrx_word' id='word_1_206' title='bbox 2847 1159 2938 1198; x_wconf 91' lang='lat' dir='ltr'><strong>rex</strong></span> <span class='ocrx_word' id='word_1_207' title='bbox 2990 1145 3229 1213; x_wconf 90' lang='lat' dir='ltr'><strong>permisit</strong></span> <span class='ocrx_word' id='word_1_208' title='bbox 3257 1161 3381 1201; x_wconf 82' lang='lat' dir='ltr'><strong>euut</strong></span> 
     </span>
    </p>
   </div>
   <div class='ocr_carea' id='block_1_27' title="bbox 1818 1234 3384 1305">
    <p class='ocr_par' dir='ltr' id='par_1_27' title="bbox 1818 1234 3384 1305">
     <span class='ocr_line' id='line_1_27' title="bbox 1818 1234 3384 1305; baseline 0.002 -18"><span class='ocrx_word' id='word_1_209' title='bbox 1818 1234 1989 1298; x_wconf 88' lang='lat' dir='ltr'><strong>abire,</strong></span> <span class='ocrx_word' id='word_1_210' title='bbox 2016 1243 2226 1289; x_wconf 90' lang='lat' dir='ltr'><strong>retento</strong></span> <span class='ocrx_word' id='word_1_211' title='bbox 2252 1249 2430 1290; x_wconf 88' lang='lat' dir='ltr'><strong>secum</strong></span> <span class='ocrx_word' id='word_1_212' title='bbox 2453 1234 2568 1303; x_wconf 87' lang='lat' dir='ltr'><strong>ejus</strong></span> <span class='ocrx_word' id='word_1_213' title='bbox 2591 1234 2866 1288; x_wconf 80' lang='lat' dir='ltr'><strong>infantulo.</strong></span> <span class='ocrx_word' id='word_1_214' title='bbox 2885 1241 2950 1288; x_wconf 86' lang='lat' dir='ltr'><strong>At</strong></span> <span class='ocrx_word' id='word_1_215' title='bbox 2968 1236 3073 1300; x_wconf 89' lang='lat' dir='ltr'><strong>ille,</strong></span> <span class='ocrx_word' id='word_1_216' title='bbox 3099 1239 3384 1305; x_wconf 82' lang='lat' dir='ltr'><strong>assumptis</strong></span> 
     </span>
    </p>
   </div>
   <div class='ocr_carea' id='block_1_28' title="bbox 1817 1323 3381 1392">
    <p class='ocr_par' dir='ltr' id='par_1_28' title="bbox 1817 1323 3381 1392">
     <span class='ocr_line' id='line_1_28' title="bbox 1817 1323 3381 1392; baseline 0.001 -14"><span class='ocrx_word' id='word_1_217' title='bbox 1817 1338 1997 1378; x_wconf 90' lang='lat' dir='ltr'><strong>secum</strong></span> <span class='ocrx_word' id='word_1_218' title='bbox 2029 1323 2281 1378; x_wconf 84' lang='lat' dir='ltr'><strong>Arvernis</strong></span> <span class='ocrx_word' id='word_1_219' title='bbox 2309 1335 2465 1392; x_wconf 89' lang='lat' dir='ltr'><strong>atque</strong></span> <span class='ocrx_word' id='word_1_220' title='bbox 2493 1323 2740 1388; x_wconf 76' lang='lat' dir='ltr'><strong>Vellavis,</strong></span> <span class='ocrx_word' id='word_1_221' title='bbox 2761 1325 3081 1380; x_wconf 82' lang='lat' dir='ltr'><strong>Avenionem</strong></span> <span class='ocrx_word' id='word_1_222' title='bbox 3100 1326 3250 1380; x_wconf 92' lang='lat' dir='ltr'><strong>abiit.</strong></span> <span class='ocrx_word' id='word_1_223' title='bbox 3275 1326 3381 1382; x_wconf 87' lang='lat' dir='ltr'><strong>Sed</strong></span> 
     </span>
    </p>
   </div>
   <div class='ocr_carea' id='block_1_29' title="bbox 1817 1405 3384 1488">
    <p class='ocr_par' dir='ltr' id='par_1_29' title="bbox 1817 1405 3384 1488">
     <span class='ocr_line' id='line_1_29' title="bbox 1817 1405 3384 1488; baseline 0.004 -19"><span class='ocrx_word' id='word_1_224' title='bbox 1817 1424 1937 1469; x_wconf 86' lang='lat' dir='ltr'><strong>astu</strong></span> <span class='ocrx_word' id='word_1_225' title='bbox 1959 1415 2248 1482; x_wconf 85' lang='lat' dir='ltr'><strong>Mumtnoli,</strong></span> <span class='ocrx_word' id='word_1_226' title='bbox 2462 1430 2621 1468; x_wconf 82' lang='lat' dir='ltr'><strong>naves</strong></span> <span class='ocrx_word' id='word_1_227' title='bbox 2644 1417 2694 1469; x_wconf 89' lang='lat' dir='ltr'><strong>in</strong></span> <span class='ocrx_word' id='word_1_228' title='bbox 2728 1417 2982 1471; x_wconf 75' lang='lat' dir='ltr'><strong>Rhodano</strong></span> <span class='ocrx_word' id='word_1_229' title='bbox 3007 1418 3225 1473; x_wconf 71' lang='lat' dir='ltr'><strong>inﬁrmae</strong></span> <span class='ocrx_word' id='word_1_230' title='bbox 3252 1435 3384 1488; x_wconf 74' lang='lat' dir='ltr'><strong>prae-</strong></span> 
     </span>
    </p>
   </div>
   <div class='ocr_carea' id='block_1_30' title="bbox 1821 1505 3384 1574">
    <p class='ocr_par' dir='ltr' id='par_1_30' title="bbox 1821 1505 3384 1574">
     <span class='ocr_line' id='line_1_30' title="bbox 1821 1505 3384 1574; baseline 0.004 -17"><span class='ocrx_word' id='word_1_231' title='bbox 1821 1515 2019 1572; x_wconf 71' lang='lat' dir='ltr'><strong>paratae</strong></span> <span class='ocrx_word' id='word_1_232' title='bbox 2068 1515 2212 1569; x_wconf 88' lang='lat' dir='ltr'><strong>sunt,</strong></span> <span class='ocrx_word' id='word_1_233' title='bbox 2253 1505 2706 1573; x_wconf 87' lang='lat' dir='ltr'><strong>ascendentesque</strong></span> <span class='ocrx_word' id='word_1_234' title='bbox 2733 1506 3076 1574; x_wconf 87' lang='lat' dir='ltr'><strong>simpliciter,</strong></span> <span class='ocrx_word' id='word_1_235' title='bbox 3110 1518 3168 1560; x_wconf 90' lang='lat' dir='ltr'><strong>ut</strong></span> <span class='ocrx_word' id='word_1_236' title='bbox 3197 1510 3250 1561; x_wconf 88' lang='lat' dir='ltr'><strong>in</strong></span> <span class='ocrx_word' id='word_1_237' title='bbox 3277 1525 3384 1563; x_wconf 82' lang='lat' dir='ltr'><strong>me-</strong></span> 
     </span>
    </p>
   </div>
   <div class='ocr_carea' id='block_1_31' title="bbox 1822 1593 3383 1669">
    <p class='ocr_par' dir='ltr' id='par_1_31' title="bbox 1822 1593 3383 1669">
     <span class='ocr_line' id='line_1_31' title="bbox 1822 1593 3383 1669; baseline 0.004 -21"><span class='ocrx_word' id='word_1_238' title='bbox 1822 1593 1911 1648; x_wconf 91' lang='lat' dir='ltr'><strong>dio</strong></span> <span class='ocrx_word' id='word_1_239' title='bbox 1933 1595 2106 1648; x_wconf 91' lang='lat' dir='ltr'><strong>amnis</strong></span> <span class='ocrx_word' id='word_1_240' title='bbox 2134 1602 2425 1660; x_wconf 92' lang='lat' dir='ltr'><strong>venerunt,</strong></span> <span class='ocrx_word' id='word_1_241' title='bbox 2456 1595 2688 1664; x_wconf 91' lang='lat' dir='ltr'><strong>impletis</strong></span> <span class='ocrx_word' id='word_1_242' title='bbox 2719 1598 2942 1652; x_wconf 90' lang='lat' dir='ltr'><strong>navibus</strong></span> <span class='ocrx_word' id='word_1_243' title='bbox 2990 1599 3383 1669; x_wconf 80' lang='lat' dir='ltr'><strong>mergebantur.</strong></span> 
     </span>
    </p>
   </div>
   <div class='ocr_carea' id='block_1_32' title="bbox 161 1678 3385 1754">
    <p class='ocr_par' dir='ltr' id='par_1_32' title="bbox 161 1678 3385 1754">
     <span class='ocr_line' id='line_1_32' title="bbox 161 1678 3385 1754; baseline 0.001 -15"><span class='ocrx_word' id='word_1_244' title='bbox 161 1702 278 1739; x_wconf 92' lang='lat' dir='ltr'><strong>num</strong></span> <span class='ocrx_word' id='word_1_245' title='bbox 339 1699 513 1753; x_wconf 83' lang='lat' dir='ltr'><strong>regem</strong></span> <span class='ocrx_word' id='word_1_246' title='bbox 571 1697 691 1735; x_wconf 82' lang='lat' dir='ltr'><strong>cum</strong></span> <span class='ocrx_word' id='word_1_247' title='bbox 747 1681 1040 1751; x_wconf 87' lang='lat' dir='ltr'><strong>Epiphanio</strong></span> <span class='ocrx_word' id='word_1_248' title='bbox 1081 1681 1333 1748; x_wconf 83' lang='lat' dir='ltr'><strong>episeOpo</strong></span> <span class='ocrx_word' id='word_1_249' title='bbox 1377 1678 1428 1745; x_wconf 72' lang='grc' dir='ltr'><strong>δ,</strong></span> <span class='ocrx_word' id='word_1_250' title='bbox 1456 1681 1544 1747; x_wconf 91' lang='lat' dir='ltr'><strong>qui</strong></span> <span class='ocrx_word' id='word_1_251' title='bbox 1597 1692 1719 1734; x_wconf 92' lang='lat' dir='ltr'><strong>tunc</strong></span> <span class='ocrx_word' id='word_1_252' title='bbox 1750 1693 1798 1751; x_wconf 80' lang='grc' dir='ltr'><strong><em>Β</em></strong></span> <span class='ocrx_word' id='word_1_253' title='bbox 1824 1683 2047 1736; x_wconf 89' lang='lat' dir='ltr'><strong>Tuncin</strong></span> <span class='ocrx_word' id='word_1_254' title='bbox 2078 1683 2316 1751; x_wconf 90' lang='lat' dir='ltr'><strong>periculo</strong></span> <span class='ocrx_word' id='word_1_255' title='bbox 2348 1682 2521 1752; x_wconf 89' lang='lat' dir='ltr'><strong>positi,</strong></span> <span class='ocrx_word' id='word_1_256' title='bbox 2551 1685 2637 1737; x_wconf 89' lang='lat' dir='ltr'><strong>alii</strong></span> <span class='ocrx_word' id='word_1_257' title='bbox 2675 1685 2851 1739; x_wconf 89' lang='lat' dir='ltr'><strong>nando</strong></span> <span class='ocrx_word' id='word_1_258' title='bbox 2901 1698 3204 1754; x_wconf 86' lang='lat' dir='ltr'><strong>evaserunt,</strong></span> <span class='ocrx_word' id='word_1_259' title='bbox 3250 1706 3385 1743; x_wconf 91' lang='lat' dir='ltr'><strong>non-</strong></span> 
     </span>
    </p>
   </div>
   <div class='ocr_carea' id='block_1_33' title="bbox 161 1771 1722 1845">
    <p class='ocr_par' dir='ltr' id='par_1_33' title="bbox 161 1771 1722 1845">
     <span class='ocr_line' id='line_1_33' title="bbox 161 1771 1722 1845; baseline -0.003 -15"><span class='ocrx_word' id='word_1_260' title='bbox 161 1774 530 1845; x_wconf 85' lang='lat' dir='ltr'><strong>Langobardos</strong></span> <span class='ocrx_word' id='word_1_261' title='bbox 582 1772 807 1842; x_wconf 80' lang='lat' dir='ltr'><strong>fugiens,</strong></span> <span class='ocrx_word' id='word_1_262' title='bbox 866 1771 1112 1825; x_wconf 71' lang='lat' dir='ltr'><strong>Massilia:</strong></span> <span class='ocrx_word' id='word_1_263' title='bbox 1157 1771 1485 1835; x_wconf 86' lang='lat' dir='ltr'><strong>merabatur,</strong></span> <span class='ocrx_word' id='word_1_264' title='bbox 1518 1773 1722 1826; x_wconf 88' lang='lat' dir='ltr'><strong>scilicet</strong></span> 
     </span>
    </p>
   </div>
   <div class='ocr_carea' id='block_1_34' title="bbox 160 1860 1719 1934">
    <p class='ocr_par' dir='ltr' id='par_1_34' title="bbox 160 1860 1719 1934">
     <span class='ocr_line' id='line_1_34' title="bbox 160 1860 1719 1934; baseline -0.003 -15"><span class='ocrx_word' id='word_1_265' title='bbox 160 1866 285 1934; x_wconf 89' lang='lat' dir='ltr'><strong>quod</strong></span> <span class='ocrx_word' id='word_1_266' title='bbox 317 1873 372 1918; x_wconf 91' lang='lat' dir='ltr'><strong>et</strong></span> <span class='ocrx_word' id='word_1_267' title='bbox 400 1870 516 1932; x_wconf 87' lang='lat' dir='ltr'><strong>ipse</strong></span> <span class='ocrx_word' id='word_1_268' title='bbox 546 1863 792 1917; x_wconf 88' lang='lat' dir='ltr'><strong>conscius</strong></span> <span class='ocrx_word' id='word_1_269' title='bbox 818 1861 974 1930; x_wconf 89' lang='lat' dir='ltr'><strong>hujus</strong></span> <span class='ocrx_word' id='word_1_270' title='bbox 1027 1875 1200 1915; x_wconf 74' lang='lat' dir='ltr'><strong>causae</strong></span> <span class='ocrx_word' id='word_1_271' title='bbox 1241 1860 1448 1916; x_wconf 84' lang='lat' dir='ltr'><strong>luisset.</strong></span> <span class='ocrx_word' id='word_1_272' title='bbox 1487 1861 1719 1916; x_wconf 89' lang='lat' dir='ltr'><strong>Discussi</strong></span> 
     </span>
    </p>
   </div>
   <div class='ocr_carea' id='block_1_35' title="bbox 165 1954 1722 2027">
    <p class='ocr_par' dir='ltr' id='par_1_35' title="bbox 165 1954 1722 2027">
     <span class='ocr_line' id='line_1_35' title="bbox 165 1954 1722 2027; baseline -0.001 -16"><span class='ocrx_word' id='word_1_273' title='bbox 165 1960 312 2027; x_wconf 83' lang='lat' dir='ltr'><strong>igitur</strong></span> <span class='ocrx_word' id='word_1_274' title='bbox 340 1973 370 2010; x_wconf 92' lang='lat' dir='ltr'><strong>a</strong></span> <span class='ocrx_word' id='word_1_275' title='bbox 405 1971 552 2027; x_wconf 90' lang='lat' dir='ltr'><strong>rege,</strong></span> <span class='ocrx_word' id='word_1_276' title='bbox 578 1957 629 2009; x_wconf 90' lang='lat' dir='ltr'><strong>in</strong></span> <span class='ocrx_word' id='word_1_277' title='bbox 671 1955 817 2008; x_wconf 91' lang='lat' dir='ltr'><strong>nullo</strong></span> <span class='ocrx_word' id='word_1_278' title='bbox 843 1955 1038 2007; x_wconf 88' lang='lat' dir='ltr'><strong>inventi</strong></span> <span class='ocrx_word' id='word_1_279' title='bbox 1069 1963 1193 2007; x_wconf 89' lang='lat' dir='ltr'><strong>sunt</strong></span> <span class='ocrx_word' id='word_1_280' title='bbox 1222 1955 1467 2009; x_wconf 89' lang='lat' dir='ltr'><strong>crimine.</strong></span> <span class='ocrx_word' id='word_1_281' title='bbox 1501 1954 1612 2009; x_wconf 80' lang='lat' dir='ltr'><strong>Rex</strong></span> <span class='ocrx_word' id='word_1_282' title='bbox 1641 1965 1722 2010; x_wconf 88' lang='lat' dir='ltr'><strong>ta-</strong></span> 
     </span>
    </p>
   </div>
   <div class='ocr_carea' id='block_1_36' title="bbox 163 2044 1720 2113">
    <p class='ocr_par' dir='ltr' id='par_1_36' title="bbox 163 2044 1720 2113">
     <span class='ocr_line' id='line_1_36' title="bbox 163 2044 1720 2113; baseline -0.003 -12"><span class='ocrx_word' id='word_1_283' title='bbox 163 2063 270 2101; x_wconf 88' lang='lat' dir='ltr'><strong>men</strong></span> <span class='ocrx_word' id='word_1_284' title='bbox 299 2046 460 2113; x_wconf 90' lang='lat' dir='ltr'><strong>jussit</strong></span> <span class='ocrx_word' id='word_1_285' title='bbox 481 2060 575 2098; x_wconf 87' lang='lat' dir='ltr'><strong>eos</strong></span> <span class='ocrx_word' id='word_1_286' title='bbox 601 2047 700 2097; x_wconf 88' lang='lat' dir='ltr'><strong>sub</strong></span> <span class='ocrx_word' id='word_1_287' title='bbox 725 2044 964 2098; x_wconf 88' lang='lat' dir='ltr'><strong>custodia</strong></span> <span class='ocrx_word' id='word_1_288' title='bbox 991 2044 1204 2113; x_wconf 82' lang='lat' dir='ltr'><strong>degere,</strong></span> <span class='ocrx_word' id='word_1_289' title='bbox 1234 2045 1284 2097; x_wconf 94' lang='lat' dir='ltr'><strong>in</strong></span> <span class='ocrx_word' id='word_1_290' title='bbox 1307 2059 1405 2113; x_wconf 91' lang='lat' dir='ltr'><strong>qua</strong></span> <span class='ocrx_word' id='word_1_291' title='bbox 1423 2046 1720 2113; x_wconf 89' lang='lat' dir='ltr'><strong>postmulta</strong></span> 
     </span>
    </p>
   </div>
   <div class='ocr_carea' id='block_1_37' title="bbox 162 2135 1722 2207">
    <p class='ocr_par' dir='ltr' id='par_1_37' title="bbox 162 2135 1722 2207">
     <span class='ocr_line' id='line_1_37' title="bbox 162 2135 1722 2207; baseline -0.001 -16"><span class='ocrx_word' id='word_1_292' title='bbox 162 2141 428 2207; x_wconf 78' lang='lat' dir='ltr'><strong>Supplicia,</strong></span> <span class='ocrx_word' id='word_1_293' title='bbox 458 2138 783 2207; x_wconf 80' lang='lat' dir='ltr'><strong>Epiphanius</strong></span> <span class='ocrx_word' id='word_1_294' title='bbox 807 2138 1088 2206; x_wconf 89' lang='lat' dir='ltr'><strong>episcopus</strong></span> <span class='ocrx_word' id='word_1_295' title='bbox 1102 2135 1232 2190; x_wconf 91' lang='lat' dir='ltr'><strong>obiit</strong></span> <span class='ocrx_word' id='word_1_296' title='bbox 1266 2147 1312 2188; x_wconf 80' lang='grc' dir='ltr'><strong>ε.</strong></span> <span class='ocrx_word' id='word_1_297' title='bbox 1344 2136 1722 2191; x_wconf 83' lang='lat' dir='ltr'><strong>Gundovaldus</strong></span> 
     </span>
    </p>
   </div>
   <div class='ocr_carea' id='block_1_38' title="bbox 163 2229 1724 2302">
    <p class='ocr_par' dir='ltr' id='par_1_38' title="bbox 163 2229 1724 2302">
     <span class='ocr_line' id='line_1_38' title="bbox 163 2229 1724 2302; baseline -0.001 -17"><span class='ocrx_word' id='word_1_298' title='bbox 163 2249 274 2288; x_wconf 87' lang='lat' dir='ltr'><strong>vero</strong></span> <span class='ocrx_word' id='word_1_299' title='bbox 295 2236 346 2288; x_wconf 90' lang='lat' dir='ltr'><strong>in</strong></span> <span class='ocrx_word' id='word_1_300' title='bbox 397 2234 626 2286; x_wconf 88' lang='lat' dir='ltr'><strong>insulam</strong></span> <span class='ocrx_word' id='word_1_301' title='bbox 683 2233 843 2286; x_wconf 88' lang='lat' dir='ltr'><strong>maris</strong></span> <span class='ocrx_word' id='word_1_302' title='bbox 883 2229 1130 2294; x_wconf 86' lang='lat' dir='ltr'><strong>secessit,</strong></span> <span class='ocrx_word' id='word_1_303' title='bbox 1183 2241 1503 2300; x_wconf 83' lang='lat' dir='ltr'><strong>exspectans</strong></span> <span class='ocrx_word' id='word_1_304' title='bbox 1560 2231 1724 2302; x_wconf 80' lang='lat'><strong>299</strong></span> 
     </span>
    </p>
   </div>
   <div class='ocr_carea' id='block_1_39' title="bbox 165 2323 1725 2379">
    <p class='ocr_par' dir='ltr' id='par_1_39' title="bbox 165 2323 1725 2379">
     <span class='ocr_line' id='line_1_39' title="bbox 165 2323 1725 2379; baseline 0.002 -3"><span class='ocrx_word' id='word_1_305' title='bbox 165 2335 395 2378; x_wconf 72' lang='lat' dir='ltr'><strong>eventum</strong></span> <span class='ocrx_word' id='word_1_306' title='bbox 447 2326 545 2378; x_wconf 89' lang='lat' dir='ltr'><strong>rei.</strong></span> <span class='ocrx_word' id='word_1_307' title='bbox 602 2324 1034 2377; x_wconf 84' lang='lat' dir='ltr'><strong>Guntchramnus</strong></span> <span class='ocrx_word' id='word_1_308' title='bbox 1087 2337 1215 2376; x_wconf 89' lang='lat' dir='ltr'><strong>vero</strong></span> <span class='ocrx_word' id='word_1_309' title='bbox 1262 2323 1368 2376; x_wconf 89' lang='lat' dir='ltr'><strong>dux</strong></span> <span class='ocrx_word' id='word_1_310' title='bbox 1417 2337 1538 2378; x_wconf 89' lang='lat' dir='ltr'><strong>cum</strong></span> <span class='ocrx_word' id='word_1_311' title='bbox 1588 2323 1725 2379; x_wconf 90' lang='lat' dir='ltr'><strong>duce</strong></span> 
     </span>
    </p>
   </div>
   <div class='ocr_carea' id='block_1_40' title="bbox 169 2415 1723 2486">
    <p class='ocr_par' dir='ltr' id='par_1_40' title="bbox 169 2415 1723 2486">
     <span class='ocr_line' id='line_1_40' title="bbox 169 2415 1723 2486; baseline -0.004 -13"><span class='ocrx_word' id='word_1_312' title='bbox 169 2419 545 2473; x_wconf 84' lang='lat' dir='ltr'><strong>Guntcnranmi</strong></span> <span class='ocrx_word' id='word_1_313' title='bbox 580 2418 718 2486; x_wconf 87' lang='lat' dir='ltr'><strong>regis</strong></span> <span class='ocrx_word' id='word_1_314' title='bbox 748 2433 832 2471; x_wconf 91' lang='lat' dir='ltr'><strong>res</strong></span> <span class='ocrx_word' id='word_1_315' title='bbox 862 2415 1197 2470; x_wconf 88' lang='lat' dir='ltr'><strong>Gundovaldi</strong></span> <span class='ocrx_word' id='word_1_316' title='bbox 1221 2415 1430 2478; x_wconf 86' lang='lat' dir='ltr'><strong>divisit,</strong></span> <span class='ocrx_word' id='word_1_317' title='bbox 1461 2423 1516 2470; x_wconf 89' lang='lat' dir='ltr'><strong>et</strong></span> <span class='ocrx_word' id='word_1_318' title='bbox 1543 2430 1723 2470; x_wconf 90' lang='lat' dir='ltr'><strong>secum</strong></span> 
     </span>
    </p>
   </div>
   <div class='ocr_carea' id='block_1_41' title="bbox 168 2505 1725 2578">
    <p class='ocr_par' dir='ltr' id='par_1_41' title="bbox 168 2505 1725 2578">
     <span class='ocr_line' id='line_1_41' title="bbox 168 2505 1725 2578; baseline -0.003 -14"><span class='ocrx_word' id='word_1_319' title='bbox 168 2513 213 2564; x_wconf 88' lang='lat' dir='ltr'><strong>in</strong></span> <span class='ocrx_word' id='word_1_320' title='bbox 238 2517 531 2567; x_wconf 76' lang='lat' dir='ltr'><strong>Arvernum</strong></span> <span class='ocrx_word' id='word_1_321' title='bbox 573 2510 766 2564; x_wconf 88' lang='lat' dir='ltr'><strong>detulit</strong></span> <span class='ocrx_word' id='word_1_322' title='bbox 797 2511 1134 2572; x_wconf 90' lang='lat' dir='ltr'><strong>immensum,</strong></span> <span class='ocrx_word' id='word_1_323' title='bbox 1167 2516 1222 2560; x_wconf 91' lang='lat' dir='ltr'><strong>ut</strong></span> <span class='ocrx_word' id='word_1_324' title='bbox 1275 2505 1473 2570; x_wconf 80' lang='lat' dir='ltr'><strong>ferunt,</strong></span> <span class='ocrx_word' id='word_1_325' title='bbox 1521 2506 1725 2578; x_wconf 85' lang='lat' dir='ltr'><strong>argenti</strong></span> 
     </span>
    </p>
   </div>
   <div class='ocr_carea' id='block_1_42' title="bbox 173 2601 1308 2674">
    <p class='ocr_par' dir='ltr' id='par_1_42' title="bbox 173 2601 1308 2674">
     <span class='ocr_line' id='line_1_42' title="bbox 173 2601 1308 2674; baseline -0.005 -17"><span class='ocrx_word' id='word_1_326' title='bbox 173 2608 382 2674; x_wconf 89' lang='lat' dir='ltr'><strong>pondus,</strong></span> <span class='ocrx_word' id='word_1_327' title='bbox 413 2614 467 2658; x_wconf 91' lang='lat' dir='ltr'><strong>et</strong></span> <span class='ocrx_word' id='word_1_328' title='bbox 501 2603 640 2666; x_wconf 91' lang='lat' dir='ltr'><strong>auri,</strong></span> <span class='ocrx_word' id='word_1_329' title='bbox 672 2611 725 2653; x_wconf 89' lang='lat' dir='ltr'><strong>et</strong></span> <span class='ocrx_word' id='word_1_330' title='bbox 753 2601 1075 2669; x_wconf 90' lang='lat' dir='ltr'><strong>reliquarum</strong></span> <span class='ocrx_word' id='word_1_331' title='bbox 1109 2613 1308 2652; x_wconf 89' lang='lat' dir='ltr'><strong>rerum.</strong></span> 
     </span>
    </p>
   </div>
   <div class='ocr_carea' id='block_1_43' title="bbox 234 2685 1728 2758">
    <p class='ocr_par' dir='ltr' id='par_1_43' title="bbox 234 2685 1728 2758">
     <span class='ocr_line' id='line_1_43' title="bbox 234 2685 1728 2758; baseline -0.007 -8"><span class='ocrx_word' id='word_1_332' title='bbox 234 2685 392 2750; x_wconf 73' lang='lat' dir='ltr'><strong>XXV.</strong></span> <span class='ocrx_word' id='word_1_333' title='bbox 426 2698 580 2748; x_wconf 79' lang='lat' dir='ltr'><strong>Anno</strong></span> <span class='ocrx_word' id='word_1_334' title='bbox 611 2699 797 2746; x_wconf 88' lang='lat' dir='ltr'><strong>octavo</strong></span> <span class='ocrx_word' id='word_1_335' title='bbox 827 2685 1512 2758; x_wconf 84' lang='lat' dir='ltr'><strong>Childebertiregis,pridie</strong></span> <span class='ocrx_word' id='word_1_336' title='bbox 1533 2685 1728 2741; x_wconf 81' lang='lat' dir='ltr'><strong>Kalen-</strong></span> 
     </span>
    </p>
   </div>
   <div class='ocr_carea' id='block_1_44' title="bbox 173 2777 1726 2848">
    <p class='ocr_par' dir='ltr' id='par_1_44' title="bbox 173 2777 1726 2848">
     <span class='ocr_line' id='line_1_44' title="bbox 173 2777 1726 2848; baseline -0.007 -6"><span class='ocrx_word' id='word_1_337' title='bbox 173 2788 254 2842; x_wconf 84' lang='lat' dir='ltr'><strong>das</strong></span> <span class='ocrx_word' id='word_1_338' title='bbox 282 2787 622 2848; x_wconf 86' lang='lat' dir='ltr'><strong>Februarias,</strong></span> <span class='ocrx_word' id='word_1_339' title='bbox 646 2798 764 2838; x_wconf 92' lang='lat' dir='ltr'><strong>cum</strong></span> <span class='ocrx_word' id='word_1_340' title='bbox 797 2783 882 2836; x_wconf 86' lang='lat' dir='ltr'><strong>die</strong></span> <span class='ocrx_word' id='word_1_341' title='bbox 927 2779 1201 2834; x_wconf 90' lang='lat' dir='ltr'><strong>Dominico</strong></span> <span class='ocrx_word' id='word_1_342' title='bbox 1228 2779 1366 2848; x_wconf 92' lang='lat' dir='ltr'><strong>apud</strong></span> <span class='ocrx_word' id='word_1_343' title='bbox 1409 2777 1592 2833; x_wconf 90' lang='lat' dir='ltr'><strong>urbem</strong></span> <span class='ocrx_word' id='word_1_344' title='bbox 1621 2777 1726 2831; x_wconf 85' lang='lat' dir='ltr'><strong>Tu-</strong></span> 
     </span>
    </p>
   </div>
   <div class='ocr_carea' id='block_1_45' title="bbox 173 2870 1731 2942">
    <p class='ocr_par' dir='ltr' id='par_1_45' title="bbox 173 2870 1731 2942">
     <span class='ocr_line' id='line_1_45' title="bbox 173 2870 1731 2942; baseline -0.009 -7"><span class='ocrx_word' id='word_1_345' title='bbox 173 2882 389 2935; x_wconf 88' lang='lat' dir='ltr'><strong>ronicam</strong></span> <span class='ocrx_word' id='word_1_346' title='bbox 417 2877 483 2932; x_wconf 84' lang='lat' dir='ltr'><strong>ad</strong></span> <span class='ocrx_word' id='word_1_347' title='bbox 511 2876 797 2931; x_wconf 88' lang='lat' dir='ltr'><strong>matutinas</strong></span> <span class='ocrx_word' id='word_1_348' title='bbox 842 2873 1051 2942; x_wconf 89' lang='lat' dir='ltr'><strong>signum</strong></span> <span class='ocrx_word' id='word_1_349' title='bbox 1093 2880 1415 2926; x_wconf 87' lang='lat' dir='ltr'><strong>commetum</strong></span> <span class='ocrx_word' id='word_1_350' title='bbox 1447 2870 1652 2934; x_wconf 80' lang='lat' dir='ltr'><strong>fuisset,</strong></span> <span class='ocrx_word' id='word_1_351' title='bbox 1677 2875 1731 2922; x_wconf 91' lang='lat' dir='ltr'><strong>et</strong></span> 
     </span>
    </p>
   </div>
   <div class='ocr_carea' id='block_1_46' title="bbox 173 2958 1728 3042">
    <p class='ocr_par' dir='ltr' id='par_1_46' title="bbox 173 2958 1728 3042">
     <span class='ocr_line' id='line_1_46' title="bbox 173 2958 1728 3042; baseline -0.007 -17"><span class='ocrx_word' id='word_1_352' title='bbox 173 2973 383 3042; x_wconf 86' lang='lat' dir='ltr'><strong>populus</strong></span> <span class='ocrx_word' id='word_1_353' title='bbox 437 2971 661 3038; x_wconf 80' lang='lat' dir='ltr'><strong>surgens</strong></span> <span class='ocrx_word' id='word_1_354' title='bbox 716 2966 778 3020; x_wconf 91' lang='lat' dir='ltr'><strong>ad</strong></span> <span class='ocrx_word' id='word_1_355' title='bbox 823 2964 1101 3020; x_wconf 90' lang='lat' dir='ltr'><strong>ecclesiam</strong></span> <span class='ocrx_word' id='word_1_356' title='bbox 1140 2962 1453 3018; x_wconf 86' lang='lat' dir='ltr'><strong>conveniret</strong></span> <span class='ocrx_word' id='word_1_357' title='bbox 1486 2958 1538 3026; x_wconf 73' lang='grc' dir='ltr'><strong>ἀ,</strong></span> <span class='ocrx_word' id='word_1_358' title='bbox 1589 2960 1728 3015; x_wconf 72' lang='lat' dir='ltr'><strong>ctelo</strong></span> 
     </span>
    </p>
   </div>
   <div class='ocr_carea' id='block_1_47' title="bbox 1825 1769 3387 1846">
    <p class='ocr_par' dir='ltr' id='par_1_47' title="bbox 1825 1769 3387 1846">
     <span class='ocr_line' id='line_1_47' title="bbox 1825 1769 3387 1846; baseline 0.004 -21"><span class='ocrx_word' id='word_1_359' title='bbox 1825 1773 1955 1826; x_wconf 89' lang='lat' dir='ltr'><strong>nulli</strong></span> <span class='ocrx_word' id='word_1_360' title='bbox 1989 1790 2117 1827; x_wconf 90' lang='lat' dir='ltr'><strong>vero</strong></span> <span class='ocrx_word' id='word_1_361' title='bbox 2146 1775 2370 1842; x_wconf 80' lang='lat' dir='ltr'><strong>arreptis</strong></span> <span class='ocrx_word' id='word_1_362' title='bbox 2397 1776 2625 1843; x_wconf 83' lang='lat' dir='ltr'><strong>ipsarum</strong></span> <span class='ocrx_word' id='word_1_363' title='bbox 2655 1776 2862 1828; x_wconf 88' lang='lat' dir='ltr'><strong>navium</strong></span> <span class='ocrx_word' id='word_1_364' title='bbox 2894 1769 3081 1829; x_wconf 82' lang='lat' dir='ltr'><strong>tabulis</strong></span> <span class='ocrx_word' id='word_1_365' title='bbox 3102 1779 3387 1846; x_wconf 91' lang='lat' dir='ltr'><strong>attigerunt</strong></span> 
     </span>
    </p>
   </div>
   <div class='ocr_carea' id='block_1_48' title="bbox 1825 1862 3385 1932">
    <p class='ocr_par' dir='ltr' id='par_1_48' title="bbox 1825 1862 3385 1932">
     <span class='ocr_line' id='line_1_48' title="bbox 1825 1862 3385 1932; baseline 0.005 -16"><span class='ocrx_word' id='word_1_366' title='bbox 1825 1863 1991 1917; x_wconf 89' lang='lat' dir='ltr'><strong>littus.</strong></span> <span class='ocrx_word' id='word_1_367' title='bbox 2027 1862 2272 1932; x_wconf 87' lang='lat' dir='ltr'><strong>Plerique</strong></span> <span class='ocrx_word' id='word_1_368' title='bbox 2294 1877 2491 1926; x_wconf 85' lang='lat' dir='ltr'><strong>autem,</strong></span> <span class='ocrx_word' id='word_1_369' title='bbox 2526 1880 2748 1932; x_wconf 88' lang='lat' dir='ltr'><strong>quorum</strong></span> <span class='ocrx_word' id='word_1_370' title='bbox 2781 1866 2954 1920; x_wconf 90' lang='lat' dir='ltr'><strong>minor</strong></span> <span class='ocrx_word' id='word_1_371' title='bbox 2975 1864 3068 1919; x_wconf 79' lang='lat' dir='ltr'><strong>fuit</strong></span> <span class='ocrx_word' id='word_1_372' title='bbox 3090 1871 3303 1932; x_wconf 84' lang='lat' dir='ltr'><strong>astutia,</strong></span> <span class='ocrx_word' id='word_1_373' title='bbox 3335 1870 3385 1924; x_wconf 88' lang='lat' dir='ltr'><strong>in</strong></span> 
     </span>
    </p>
   </div>
   <div class='ocr_carea' id='block_1_49' title="bbox 1822 1954 3385 2013">
    <p class='ocr_par' dir='ltr' id='par_1_49' title="bbox 1822 1954 3385 2013">
     <span class='ocr_line' id='line_1_49' title="bbox 1822 1954 3385 2013; baseline 0.003 -5"><span class='ocrx_word' id='word_1_374' title='bbox 1822 1968 1980 2010; x_wconf 82' lang='lat' dir='ltr'><strong>autne</strong></span> <span class='ocrx_word' id='word_1_375' title='bbox 2008 1955 2240 2009; x_wconf 86' lang='lat' dir='ltr'><strong>demersi</strong></span> <span class='ocrx_word' id='word_1_376' title='bbox 2280 1964 2419 2008; x_wconf 90' lang='lat' dir='ltr'><strong>sunt.</strong></span> <span class='ocrx_word' id='word_1_377' title='bbox 2455 1954 2882 2010; x_wconf 87' lang='lat' dir='ltr'><strong>Guntcltramnus</strong></span> <span class='ocrx_word' id='word_1_378' title='bbox 2915 1972 3040 2009; x_wconf 89' lang='lat' dir='ltr'><strong>vero</strong></span> <span class='ocrx_word' id='word_1_379' title='bbox 3067 1957 3170 2011; x_wconf 87' lang='lat' dir='ltr'><strong>dux</strong></span> <span class='ocrx_word' id='word_1_380' title='bbox 3221 1958 3385 2013; x_wconf 83' lang='lat' dir='ltr'><strong>adve-</strong></span> 
     </span>
    </p>
   </div>
   <div class='ocr_carea' id='block_1_50' title="bbox 1824 2045 3386 2118">
    <p class='ocr_par' dir='ltr' id='par_1_50' title="bbox 1824 2045 3386 2118">
     <span class='ocr_line' id='line_1_50' title="bbox 1824 2045 3386 2118; baseline -0.002 -16"><span class='ocrx_word' id='word_1_381' title='bbox 1824 2049 1904 2102; x_wconf 90' lang='lat' dir='ltr'><strong>nit</strong></span> <span class='ocrx_word' id='word_1_382' title='bbox 1933 2047 2289 2102; x_wconf 83' lang='lat' dir='ltr'><strong>Avenionem.</strong></span> <span class='ocrx_word' id='word_1_383' title='bbox 2331 2045 2641 2100; x_wconf 82' lang='lat' dir='ltr'><strong>Providerat</strong></span> <span class='ocrx_word' id='word_1_384' title='bbox 2685 2046 2828 2101; x_wconf 92' lang='lat' dir='ltr'><strong>enim</strong></span> <span class='ocrx_word' id='word_1_385' title='bbox 2872 2046 3208 2111; x_wconf 84' lang='lat' dir='ltr'><strong>Mummolus,</strong></span> <span class='ocrx_word' id='word_1_386' title='bbox 3237 2057 3386 2118; x_wconf 83' lang='lat' dir='ltr'><strong>post-</strong></span> 
     </span>
    </p>
   </div>
   <div class='ocr_carea' id='block_1_51' title="bbox 1823 2137 3385 2210">
    <p class='ocr_par' dir='ltr' id='par_1_51' title="bbox 1823 2137 3385 2210">
     <span class='ocr_line' id='line_1_51' title="bbox 1823 2137 3385 2210; baseline 0.003 -18"><span class='ocrx_word' id='word_1_387' title='bbox 1823 2155 1984 2210; x_wconf 90' lang='lat' dir='ltr'><strong>quam</strong></span> <span class='ocrx_word' id='word_1_388' title='bbox 2008 2138 2140 2192; x_wconf 85' lang='lat' dir='ltr'><strong>infra</strong></span> <span class='ocrx_word' id='word_1_389' title='bbox 2170 2154 2350 2193; x_wconf 90' lang='lat' dir='ltr'><strong>muros</strong></span> <span class='ocrx_word' id='word_1_390' title='bbox 2383 2138 2528 2192; x_wconf 87' lang='lat' dir='ltr'><strong>urbis</strong></span> <span class='ocrx_word' id='word_1_391' title='bbox 2573 2137 2712 2191; x_wconf 89' lang='lat' dir='ltr'><strong>illius</strong></span> <span class='ocrx_word' id='word_1_392' title='bbox 2733 2147 2814 2191; x_wconf 90' lang='lat' dir='ltr'><strong>est</strong></span> <span class='ocrx_word' id='word_1_393' title='bbox 2857 2139 3152 2206; x_wconf 88' lang='lat' dir='ltr'><strong>ingressus,</strong></span> <span class='ocrx_word' id='word_1_394' title='bbox 3182 2149 3236 2193; x_wconf 91' lang='lat' dir='ltr'><strong>ut</strong></span> <span class='ocrx_word' id='word_1_395' title='bbox 3264 2139 3385 2209; x_wconf 82' lang='lat' dir='ltr'><strong>quia</strong></span> 
     </span>
    </p>
   </div>
   <div class='ocr_carea' id='block_1_52' title="bbox 1827 2227 3384 2298">
    <p class='ocr_par' dir='ltr' id='par_1_52' title="bbox 1827 2227 3384 2298">
     <span class='ocr_line' id='line_1_52' title="bbox 1827 2227 3384 2298; baseline 0.001 -16"><span class='ocrx_word' id='word_1_396' title='bbox 1827 2236 1950 2298; x_wconf 84' lang='lat' dir='ltr'><strong>pars</strong></span> <span class='ocrx_word' id='word_1_397' title='bbox 1977 2242 2134 2297; x_wconf 88' lang='lat' dir='ltr'><strong>parva</strong></span> <span class='ocrx_word' id='word_1_398' title='bbox 2161 2228 2449 2291; x_wconf 88' lang='lat' dir='ltr'><strong>residebat,</strong></span> <span class='ocrx_word' id='word_1_399' title='bbox 2472 2243 2587 2296; x_wconf 57' lang='lat' dir='ltr'><strong>quae.</strong></span> <span class='ocrx_word' id='word_1_400' title='bbox 2612 2242 2714 2280; x_wconf 93' lang='lat' dir='ltr'><strong>non</strong></span> <span class='ocrx_word' id='word_1_401' title='bbox 2735 2227 3027 2282; x_wconf 80' lang='lat' dir='ltr'><strong>Vallabatur</strong></span> <span class='ocrx_word' id='word_1_402' title='bbox 3053 2244 3078 2279; x_wconf 90' lang='lat' dir='ltr'><strong>a</strong></span> <span class='ocrx_word' id='word_1_403' title='bbox 3099 2227 3384 2295; x_wconf 84' lang='lat' dir='ltr'><strong>Rhodano,</strong></span> 
     </span>
    </p>
   </div>
   <div class='ocr_carea' id='block_1_53' title="bbox 1824 2315 3392 2387">
    <p class='ocr_par' dir='ltr' id='par_1_53' title="bbox 1824 2315 3392 2387">
     <span class='ocr_line' id='line_1_53' title="bbox 1824 2315 3392 2387; baseline -0.001 -14"><span class='ocrx_word' id='word_1_404' title='bbox 1824 2320 2017 2373; x_wconf 90' lang='lat' dir='ltr'><strong>educta</strong></span> <span class='ocrx_word' id='word_1_405' title='bbox 2040 2333 2104 2372; x_wconf 81' lang='lat' dir='ltr'><strong>ex</strong></span> <span class='ocrx_word' id='word_1_406' title='bbox 2138 2331 2203 2372; x_wconf 91' lang='lat' dir='ltr'><strong>eo</strong></span> <span class='ocrx_word' id='word_1_407' title='bbox 2225 2326 2395 2387; x_wconf 89' lang='lat' dir='ltr'><strong>parte,</strong></span> <span class='ocrx_word' id='word_1_408' title='bbox 2421 2317 2568 2370; x_wconf 89' lang='lat' dir='ltr'><strong>locus</strong></span> <span class='ocrx_word' id='word_1_409' title='bbox 2597 2315 2686 2370; x_wconf 91' lang='lat' dir='ltr'><strong>ille</strong></span> <span class='ocrx_word' id='word_1_410' title='bbox 2708 2324 2848 2370; x_wconf 89' lang='lat' dir='ltr'><strong>totus</strong></span> <span class='ocrx_word' id='word_1_411' title='bbox 2871 2317 2969 2370; x_wconf 90' lang='lat' dir='ltr'><strong>hoc</strong></span> <span class='ocrx_word' id='word_1_412' title='bbox 2999 2317 3193 2372; x_wconf 84' lang='lat' dir='ltr'><strong>alluvio</strong></span> <span class='ocrx_word' id='word_1_413' title='bbox 3222 2327 3248 2366; x_wconf 76' lang='grc' dir='ltr'>ε</span> <span class='ocrx_word' id='word_1_414' title='bbox 3276 2335 3392 2372; x_wconf 88' lang='lat' dir='ltr'><strong>mu-</strong></span> 
     </span>
    </p>
   </div>
   <div class='ocr_carea' id='block_1_54' title="bbox 1830 2406 3392 2476">
    <p class='ocr_par' dir='ltr' id='par_1_54' title="bbox 1830 2406 3392 2476">
     <span class='ocr_line' id='line_1_54' title="bbox 1830 2406 3392 2476; baseline 0.001 -13"><span class='ocrx_word' id='word_1_415' title='bbox 1830 2414 2042 2465; x_wconf 71' lang='lat' dir='ltr'><strong>niretur</strong></span> <span class='ocrx_word' id='word_1_416' title='bbox 2074 2409 2165 2462; x_wconf 90' lang='lat' dir='ltr'><strong>:in</strong></span> <span class='ocrx_word' id='word_1_417' title='bbox 2195 2423 2300 2476; x_wconf 92' lang='lat' dir='ltr'><strong>quo</strong></span> <span class='ocrx_word' id='word_1_418' title='bbox 2322 2408 2439 2460; x_wconf 92' lang='lat' dir='ltr'><strong>loco</strong></span> <span class='ocrx_word' id='word_1_419' title='bbox 2493 2406 2664 2460; x_wconf 83' lang='lat' dir='ltr'><strong>fossas</strong></span> <span class='ocrx_word' id='word_1_420' title='bbox 2697 2421 2899 2476; x_wconf 53' lang='lat' dir='ltr'><strong>magna).</strong></span> <span class='ocrx_word' id='word_1_421' title='bbox 2945 2407 3392 2476; x_wconf 81' lang='lat' dir='ltr'><strong>profunditudinis</strong></span> 
     </span>
    </p>
   </div>
   <div class='ocr_carea' id='block_1_55' title="bbox 1826 2499 3385 2572">
    <p class='ocr_par' dir='ltr' id='par_1_55' title="bbox 1826 2499 3385 2572">
     <span class='ocr_line' id='line_1_55' title="bbox 1826 2499 3385 2572; baseline 0.002 -17"><span class='ocrx_word' id='word_1_422' title='bbox 1826 2500 1985 2564; x_wconf 81' lang='lat' dir='ltr'><strong>fodit,</strong></span> <span class='ocrx_word' id='word_1_423' title='bbox 2016 2509 2447 2570; x_wconf 67' lang='lat' dir='ltr'><strong>praeparatosque</strong></span> <span class='ocrx_word' id='word_1_424' title='bbox 2484 2499 2634 2554; x_wconf 88' lang='lat' dir='ltr'><strong>dolos</strong></span> <span class='ocrx_word' id='word_1_425' title='bbox 2662 2516 2794 2569; x_wconf 87' lang='lat' dir='ltr'><strong>aqua</strong></span> <span class='ocrx_word' id='word_1_426' title='bbox 2833 2501 3125 2556; x_wconf 80' lang='lat' dir='ltr'><strong>decurrens</strong></span> <span class='ocrx_word' id='word_1_427' title='bbox 3153 2505 3385 2572; x_wconf 89' lang='lat' dir='ltr'><strong>operuit.</strong></span> 
     </span>
    </p>
   </div>
   <div class='ocr_carea' id='block_1_56' title="bbox 1828 2590 3394 2655">
    <p class='ocr_par' dir='ltr' id='par_1_56' title="bbox 1828 2590 3394 2655">
     <span class='ocr_line' id='line_1_56' title="bbox 1828 2590 3394 2655; baseline 0.001 -8"><span class='ocrx_word' id='word_1_428' title='bbox 1828 2592 1980 2648; x_wconf 79' lang='lat' dir='ltr'><strong>Tunc</strong></span> <span class='ocrx_word' id='word_1_429' title='bbox 2008 2592 2324 2646; x_wconf 87' lang='lat' dir='ltr'><strong>adveniente</strong></span> <span class='ocrx_word' id='word_1_430' title='bbox 2341 2590 2758 2655; x_wconf 89' lang='lat' dir='ltr'><strong>Guntchramno,</strong></span> <span class='ocrx_word' id='word_1_431' title='bbox 2792 2593 2867 2645; x_wconf 87' lang='lat' dir='ltr'><strong>ait</strong></span> <span class='ocrx_word' id='word_1_432' title='bbox 2916 2607 2980 2647; x_wconf 86' lang='lat' dir='ltr'><strong>ex</strong></span> <span class='ocrx_word' id='word_1_433' title='bbox 3041 2608 3193 2647; x_wconf 91' lang='lat' dir='ltr'><strong>muro</strong></span> <span class='ocrx_word' id='word_1_434' title='bbox 3221 2595 3394 2648; x_wconf 80' lang='lat' dir='ltr'><strong>Mum-</strong></span> 
     </span>
    </p>
   </div>
   <div class='ocr_carea' id='block_1_57' title="bbox 1832 2689 3394 2762">
    <p class='ocr_par' dir='ltr' id='par_1_57' title="bbox 1832 2689 3394 2762">
     <span class='ocr_line' id='line_1_57' title="bbox 1832 2689 3394 2762; baseline 0.001 -17"><span class='ocrx_word' id='word_1_435' title='bbox 1832 2691 2010 2745; x_wconf 86' lang='lat' dir='ltr'><strong>melus</strong></span> <span class='ocrx_word' id='word_1_436' title='bbox 2044 2708 2056 2741; x_wconf 87' lang='lat'><strong>:</strong></span> <span class='ocrx_word' id='word_1_437' title='bbox 2086 2689 2142 2745; x_wconf 89' lang='lat' dir='ltr'><strong>Si</strong></span> <span class='ocrx_word' id='word_1_438' title='bbox 2167 2689 2297 2744; x_wconf 84' lang='lat' dir='ltr'><strong>lides</strong></span> <span class='ocrx_word' id='word_1_439' title='bbox 2324 2696 2408 2743; x_wconf 92' lang='lat' dir='ltr'><strong>est</strong></span> <span class='ocrx_word' id='word_1_440' title='bbox 2437 2689 2662 2759; x_wconf 88' lang='lat' dir='ltr'><strong>integra,</strong></span> <span class='ocrx_word' id='word_1_441' title='bbox 2698 2691 2871 2743; x_wconf 86' lang='lat' dir='ltr'><strong>veniat</strong></span> <span class='ocrx_word' id='word_1_442' title='bbox 2898 2690 2985 2744; x_wconf 87' lang='lat' dir='ltr'><strong>ille</strong></span> <span class='ocrx_word' id='word_1_443' title='bbox 3022 2691 3090 2744; x_wconf 90' lang='lat' dir='ltr'><strong>ab</strong></span> <span class='ocrx_word' id='word_1_444' title='bbox 3117 2707 3219 2745; x_wconf 88' lang='lat' dir='ltr'><strong>una</strong></span> <span class='ocrx_word' id='word_1_445' title='bbox 3246 2703 3394 2762; x_wconf 84' lang='lat' dir='ltr'><strong>parte</strong></span> 
     </span>
    </p>
   </div>
   <div class='ocr_carea' id='block_1_58' title="bbox 1835 2781 3393 2854">
    <p class='ocr_par' dir='ltr' id='par_1_58' title="bbox 1835 2781 3393 2854">
     <span class='ocr_line' id='line_1_58' title="bbox 1835 2781 3393 2854; baseline 0 -16"><span class='ocrx_word' id='word_1_446' title='bbox 1835 2786 1990 2854; x_wconf 74' lang='lat' dir='ltr'><strong>ripte,</strong></span> <span class='ocrx_word' id='word_1_447' title='bbox 2021 2793 2074 2838; x_wconf 90' lang='lat' dir='ltr'><strong>et</strong></span> <span class='ocrx_word' id='word_1_448' title='bbox 2095 2798 2192 2854; x_wconf 89' lang='lat' dir='ltr'><strong>ego</strong></span> <span class='ocrx_word' id='word_1_449' title='bbox 2214 2797 2278 2837; x_wconf 84' lang='lat' dir='ltr'><strong>ex</strong></span> <span class='ocrx_word' id='word_1_450' title='bbox 2306 2781 2429 2847; x_wconf 89' lang='lat' dir='ltr'><strong>alia,</strong></span> <span class='ocrx_word' id='word_1_451' title='bbox 2455 2790 2509 2836; x_wconf 88' lang='lat' dir='ltr'><strong>et</strong></span> <span class='ocrx_word' id='word_1_452' title='bbox 2529 2782 2668 2850; x_wconf 91' lang='lat' dir='ltr'><strong>quod</strong></span> <span class='ocrx_word' id='word_1_453' title='bbox 2708 2782 2937 2836; x_wconf 89' lang='lat' dir='ltr'><strong>voluerit</strong></span> <span class='ocrx_word' id='word_1_454' title='bbox 2961 2783 3255 2852; x_wconf 87' lang='lat' dir='ltr'><strong>eloquatur.</strong></span> <span class='ocrx_word' id='word_1_455' title='bbox 3281 2782 3393 2850; x_wconf 85' lang='lat' dir='ltr'><strong>Quo</strong></span> 
     </span>
    </p>
   </div>
   <div class='ocr_carea' id='block_1_59' title="bbox 1830 2871 3396 2941">
    <p class='ocr_par' dir='ltr' id='par_1_59' title="bbox 1830 2871 3396 2941">
     <span class='ocr_line' id='line_1_59' title="bbox 1830 2871 3396 2941; baseline -0.001 -10"><span class='ocrx_word' id='word_1_456' title='bbox 1830 2891 1950 2931; x_wconf 90' lang='lat' dir='ltr'><strong>cum</strong></span> <span class='ocrx_word' id='word_1_457' title='bbox 1991 2874 2388 2937; x_wconf 82' lang='lat' dir='ltr'><strong>convenissent,</strong></span> <span class='ocrx_word' id='word_1_458' title='bbox 2439 2873 2512 2926; x_wconf 91' lang='lat' dir='ltr'><strong>ait</strong></span> <span class='ocrx_word' id='word_1_459' title='bbox 2552 2871 2983 2927; x_wconf 88' lang='lat' dir='ltr'><strong>Guntchramnus</strong></span> <span class='ocrx_word' id='word_1_460' title='bbox 3031 2884 3267 2941; x_wconf 88' lang='lat' dir='ltr'><strong>econtra,</strong></span> <span class='ocrx_word' id='word_1_461' title='bbox 3295 2875 3396 2929; x_wconf 87' lang='lat' dir='ltr'><strong>hoc</strong></span> 
     </span>
    </p>
   </div>
   <div class='ocr_carea' id='block_1_60' title="bbox 1831 2962 3396 3035">
    <p class='ocr_par' dir='ltr' id='par_1_60' title="bbox 1831 2962 3396 3035">
     <span class='ocr_line' id='line_1_60' title="bbox 1831 2962 3396 3035; baseline 0 -15"><span class='ocrx_word' id='word_1_462' title='bbox 1831 2966 1973 3020; x_wconf 92' lang='lat' dir='ltr'><strong>enim</strong></span> <span class='ocrx_word' id='word_1_463' title='bbox 1989 2964 2263 3019; x_wconf 90' lang='lat' dir='ltr'><strong>brachium</strong></span> <span class='ocrx_word' id='word_1_464' title='bbox 2287 2963 2520 3018; x_wconf 87' lang='lat' dir='ltr'><strong>ﬂuminis</strong></span> <span class='ocrx_word' id='word_1_465' title='bbox 2542 2962 2680 3017; x_wconf 90' lang='lat' dir='ltr'><strong>inter</strong></span> <span class='ocrx_word' id='word_1_466' title='bbox 2700 2973 2977 3032; x_wconf 88' lang='lat' dir='ltr'><strong>utrumque</strong></span> <span class='ocrx_word' id='word_1_467' title='bbox 2998 2967 3352 3035; x_wconf 89' lang='lat' dir='ltr'><strong>eratpositum</strong></span> <span class='ocrx_word' id='word_1_468' title='bbox 3381 2984 3396 3020; x_wconf 93' lang='lat'><strong>:</strong></span> 
     </span>
    </p>
   </div>
   <div class='ocr_carea' id='block_1_61' title="bbox 176 3049 3398 3129">
    <p class='ocr_par' dir='ltr' id='par_1_61' title="bbox 176 3049 3398 3129">
     <span class='ocr_line' id='line_1_61' title="bbox 176 3049 3398 3129; baseline -0.003 -10"><span class='ocrx_word' id='word_1_469' title='bbox 176 3065 366 3126; x_wconf 81' lang='lat' dir='ltr'><strong>nubilo,</strong></span> <span class='ocrx_word' id='word_1_470' title='bbox 393 3079 512 3118; x_wconf 88' lang='lat' dir='ltr'><strong>cum</strong></span> <span class='ocrx_word' id='word_1_471' title='bbox 537 3059 708 3129; x_wconf 90' lang='lat' dir='ltr'><strong>pluvia</strong></span> <span class='ocrx_word' id='word_1_472' title='bbox 732 3058 920 3127; x_wconf 87' lang='lat' dir='ltr'><strong>globus</strong></span> <span class='ocrx_word' id='word_1_473' title='bbox 959 3071 1180 3126; x_wconf 88' lang='lat' dir='ltr'><strong>magnus</strong></span> <span class='ocrx_word' id='word_1_474' title='bbox 1229 3055 1365 3123; x_wconf 87' lang='lat' dir='ltr'><strong>ignis</strong></span> <span class='ocrx_word' id='word_1_475' title='bbox 1395 3053 1497 3125; x_wconf 76' lang='grc' dir='ltr'><strong>[ΑΙ.</strong></span> <span class='ocrx_word' id='word_1_476' title='bbox 1528 3049 1734 3127; x_wconf 78' lang='lat' dir='ltr'><strong>igneus]</strong></span> <span class='ocrx_word' id='word_1_477' title='bbox 1755 3054 1808 3122; x_wconf 27' lang='lat' dir='ltr'><strong>,C</strong></span> <span class='ocrx_word' id='word_1_478' title='bbox 1836 3055 1891 3111; x_wconf 90' lang='lat' dir='ltr'><strong>Si</strong></span> <span class='ocrx_word' id='word_1_479' title='bbox 1920 3055 2061 3117; x_wconf 88' lang='lat' dir='ltr'><strong>licet,</strong></span> <span class='ocrx_word' id='word_1_480' title='bbox 2096 3053 2282 3122; x_wconf 86' lang='lat' dir='ltr'><strong>inquit,</strong></span> <span class='ocrx_word' id='word_1_481' title='bbox 2315 3052 2538 3118; x_wconf 89' lang='lat' dir='ltr'><strong>vadam;</strong></span> <span class='ocrx_word' id='word_1_482' title='bbox 2582 3053 2703 3121; x_wconf 90' lang='lat' dir='ltr'><strong>quia</strong></span> <span class='ocrx_word' id='word_1_483' title='bbox 2728 3060 2851 3106; x_wconf 92' lang='lat' dir='ltr'><strong>sunt</strong></span> <span class='ocrx_word' id='word_1_484' title='bbox 2895 3053 3067 3124; x_wconf 89' lang='lat' dir='ltr'><strong>aliqua</strong></span> <span class='ocrx_word' id='word_1_485' title='bbox 3120 3069 3236 3125; x_wconf 62' lang='lat' dir='ltr'><strong>quae</strong></span> <span class='ocrx_word' id='word_1_486' title='bbox 3259 3057 3398 3110; x_wconf 91' lang='lat' dir='ltr'><strong>inter</strong></span> 
     </span>
    </p>
   </div>
   <div class='ocr_carea' id='block_1_62' title="bbox 175 3145 1731 3221">
    <p class='ocr_par' dir='ltr' id='par_1_62' title="bbox 175 3145 1731 3221">
     <span class='ocr_line' id='line_1_62' title="bbox 175 3145 1731 3221; baseline -0.006 -9"><span class='ocrx_word' id='word_1_487' title='bbox 175 3157 232 3211; x_wconf 87' lang='lat' dir='ltr'><strong>de</strong></span> <span class='ocrx_word' id='word_1_488' title='bbox 259 3158 392 3212; x_wconf 74' lang='lat' dir='ltr'><strong>cmlo</strong></span> <span class='ocrx_word' id='word_1_489' title='bbox 423 3155 681 3221; x_wconf 84' lang='lat' dir='ltr'><strong>dilapsus,</strong></span> <span class='ocrx_word' id='word_1_490' title='bbox 708 3151 759 3204; x_wconf 92' lang='lat' dir='ltr'><strong>in</strong></span> <span class='ocrx_word' id='word_1_491' title='bbox 787 3151 961 3220; x_wconf 79' lang='lat' dir='ltr'><strong>spatio</strong></span> <span class='ocrx_word' id='word_1_492' title='bbox 1003 3148 1171 3205; x_wconf 83' lang='lat' dir='ltr'><strong>multo</strong></span> <span class='ocrx_word' id='word_1_493' title='bbox 1192 3146 1427 3204; x_wconf 78' lang='lat' dir='ltr'><strong>cucurrit</strong></span> <span class='ocrx_word' id='word_1_494' title='bbox 1468 3145 1522 3201; x_wconf 84' lang='lat' dir='ltr'><strong>in</strong></span> <span class='ocrx_word' id='word_1_495' title='bbox 1560 3159 1731 3215; x_wconf 80' lang='lat' dir='ltr'><strong>aera;</strong></span> 
     </span>
    </p>
   </div>
   <div class='ocr_carea' id='block_1_63' title="bbox 179 3237 1734 3317">
    <p class='ocr_par' dir='ltr' id='par_1_63' title="bbox 179 3237 1734 3317">
     <span class='ocr_line' id='line_1_63' title="bbox 179 3237 1734 3317; baseline -0.007 -15"><span class='ocrx_word' id='word_1_496' title='bbox 179 3253 258 3317; x_wconf 88' lang='lat' dir='ltr'><strong>qui</strong></span> <span class='ocrx_word' id='word_1_497' title='bbox 291 3257 490 3302; x_wconf 70' lang='lat' dir='ltr'><strong>tantum</strong></span> <span class='ocrx_word' id='word_1_498' title='bbox 525 3245 698 3298; x_wconf 86' lang='lat' dir='ltr'><strong>lucem</strong></span> <span class='ocrx_word' id='word_1_499' title='bbox 726 3242 890 3307; x_wconf 90' lang='lat' dir='ltr'><strong>dedit,</strong></span> <span class='ocrx_word' id='word_1_500' title='bbox 922 3251 978 3295; x_wconf 92' lang='lat' dir='ltr'><strong>ut</strong></span> <span class='ocrx_word' id='word_1_501' title='bbox 1007 3251 1254 3310; x_wconf 91' lang='lat' dir='ltr'><strong>tanquam</strong></span> <span class='ocrx_word' id='word_1_502' title='bbox 1305 3238 1474 3293; x_wconf 86' lang='lat' dir='ltr'><strong>media</strong></span> <span class='ocrx_word' id='word_1_503' title='bbox 1510 3237 1596 3293; x_wconf 89' lang='lat' dir='ltr'><strong>die</strong></span> <span class='ocrx_word' id='word_1_504' title='bbox 1620 3252 1734 3293; x_wconf 91' lang='lat' dir='ltr'><strong>om-</strong></span> 
     </span>
    </p>
   </div>
   <div class='ocr_carea' id='block_1_64' title="bbox 187 3332 1732 3403">
    <p class='ocr_par' dir='ltr' id='par_1_64' title="bbox 187 3332 1732 3403">
     <span class='ocr_line' id='line_1_64' title="bbox 187 3332 1732 3403; baseline -0.006 -11"><span class='ocrx_word' id='word_1_505' title='bbox 187 3340 263 3392; x_wconf 89' lang='lat' dir='ltr'><strong>nia</strong></span> <span class='ocrx_word' id='word_1_506' title='bbox 291 3345 668 3394; x_wconf 87' lang='lat' dir='ltr'><strong>cernerentur:</strong></span> <span class='ocrx_word' id='word_1_507' title='bbox 694 3348 798 3403; x_wconf 88' lang='lat' dir='ltr'><strong>quo</strong></span> <span class='ocrx_word' id='word_1_508' title='bbox 827 3334 1015 3387; x_wconf 90' lang='lat' dir='ltr'><strong>iterum</strong></span> <span class='ocrx_word' id='word_1_509' title='bbox 1033 3332 1086 3385; x_wconf 93' lang='lat' dir='ltr'><strong>in</strong></span> <span class='ocrx_word' id='word_1_510' title='bbox 1114 3333 1306 3386; x_wconf 90' lang='lat' dir='ltr'><strong>nubem</strong></span> <span class='ocrx_word' id='word_1_511' title='bbox 1330 3339 1602 3399; x_wconf 88' lang='lat' dir='ltr'><strong>suscepto,</strong></span> <span class='ocrx_word' id='word_1_512' title='bbox 1629 3346 1732 3384; x_wconf 81' lang='lat' dir='ltr'><strong>nox</strong></span> 
     </span>
    </p>
   </div>
   <div class='ocr_carea' id='block_1_65' title="bbox 182 3419 1732 3494">
    <p class='ocr_par' dir='ltr' id='par_1_65' title="bbox 182 3419 1732 3494">
     <span class='ocr_line' id='line_1_65' title="bbox 182 3419 1732 3494; baseline -0.006 -14"><span class='ocrx_word' id='word_1_513' title='bbox 182 3427 439 3482; x_wconf 82' lang='lat' dir='ltr'><strong>successit.</strong></span> <span class='ocrx_word' id='word_1_514' title='bbox 475 3427 642 3494; x_wconf 68' lang='lat' dir='ltr'><strong>Aqua:</strong></span> <span class='ocrx_word' id='word_1_515' title='bbox 667 3438 794 3478; x_wconf 89' lang='lat' dir='ltr'><strong>vero</strong></span> <span class='ocrx_word' id='word_1_516' title='bbox 815 3430 961 3477; x_wconf 82' lang='lat' dir='ltr'><strong>extra</strong></span> <span class='ocrx_word' id='word_1_517' title='bbox 994 3421 1203 3475; x_wconf 90' lang='lat' dir='ltr'><strong>solitum</strong></span> <span class='ocrx_word' id='word_1_518' title='bbox 1230 3419 1580 3485; x_wconf 90' lang='lat' dir='ltr'><strong>invaltterunt,</strong></span> <span class='ocrx_word' id='word_1_519' title='bbox 1611 3434 1732 3472; x_wconf 92' lang='lat' dir='ltr'><strong>nam</strong></span> 
     </span>
    </p>
   </div>
   <div class='ocr_carea' id='block_1_66' title="bbox 185 3511 1734 3584">
    <p class='ocr_par' dir='ltr' id='par_1_66' title="bbox 185 3511 1734 3584">
     <span class='ocr_line' id='line_1_66' title="bbox 185 3511 1734 3584; baseline -0.005 -13"><span class='ocrx_word' id='word_1_520' title='bbox 185 3527 369 3572; x_wconf 85' lang='lat' dir='ltr'><strong>tantam</strong></span> <span class='ocrx_word' id='word_1_521' title='bbox 409 3516 806 3572; x_wconf 88' lang='lat' dir='ltr'><strong>inundationem</strong></span> <span class='ocrx_word' id='word_1_522' title='bbox 837 3514 1077 3584; x_wconf 89' lang='lat' dir='ltr'><strong>Sequana</strong></span> <span class='ocrx_word' id='word_1_523' title='bbox 1135 3521 1159 3550; x_wconf 74' lang='grc' dir='ltr'>ε</span> <span class='ocrx_word' id='word_1_524' title='bbox 1203 3512 1546 3581; x_wconf 83' lang='lat' dir='ltr'><strong>Matronaque</strong></span> <span class='ocrx_word' id='word_1_525' title='bbox 1596 3511 1734 3565; x_wconf 85' lang='lat' dir='ltr'><strong>circa</strong></span> 
     </span>
    </p>
   </div>
   <div class='ocr_carea' id='block_1_67' title="bbox 191 3601 1734 3671">
    <p class='ocr_par' dir='ltr' id='par_1_67' title="bbox 191 3601 1734 3671">
     <span class='ocr_line' id='line_1_67' title="bbox 191 3601 1734 3671; baseline -0.003 -11"><span class='ocrx_word' id='word_1_526' title='bbox 191 3606 414 3661; x_wconf 79' lang='lat' dir='ltr'><strong>Parisios</strong></span> <span class='ocrx_word' id='word_1_527' title='bbox 444 3608 759 3671; x_wconf 87' lang='lat' dir='ltr'><strong>intulerunt,</strong></span> <span class='ocrx_word' id='word_1_528' title='bbox 793 3614 849 3658; x_wconf 93' lang='lat' dir='ltr'><strong>ut</strong></span> <span class='ocrx_word' id='word_1_529' title='bbox 891 3606 1029 3658; x_wconf 90' lang='lat' dir='ltr'><strong>inter</strong></span> <span class='ocrx_word' id='word_1_530' title='bbox 1071 3602 1337 3656; x_wconf 89' lang='lat' dir='ltr'><strong>civitatem</strong></span> <span class='ocrx_word' id='word_1_531' title='bbox 1382 3609 1436 3656; x_wconf 90' lang='lat' dir='ltr'><strong>et</strong></span> <span class='ocrx_word' id='word_1_532' title='bbox 1464 3601 1734 3656; x_wconf 89' lang='lat' dir='ltr'><strong>basilicam</strong></span> 
     </span>
    </p>
   </div>
   <div class='ocr_carea' id='block_1_68' title="bbox 181 3692 1566 3764">
    <p class='ocr_par' dir='ltr' id='par_1_68' title="bbox 181 3692 1566 3764">
     <span class='ocr_line' id='line_1_68' title="bbox 181 3692 1566 3764; baseline -0.006 -10"><span class='ocrx_word' id='word_1_533' title='bbox 181 3700 336 3755; x_wconf 82' lang='lat' dir='ltr'><strong>sancti</strong></span> <span class='ocrx_word' id='word_1_534' title='bbox 369 3699 638 3755; x_wconf 83' lang='lat' dir='ltr'><strong>Laurentii</strong></span> <span class='ocrx_word' id='word_1_535' title='bbox 669 3695 688 3734; x_wconf 70' lang='grc' dir='ltr'><strong>ί</strong></span> <span class='ocrx_word' id='word_1_536' title='bbox 726 3696 993 3764; x_wconf 78' lang='lat' dir='ltr'><strong>naufragia</strong></span> <span class='ocrx_word' id='word_1_537' title='bbox 1019 3709 1160 3763; x_wconf 79' lang='lat' dir='ltr'><strong>saepe</strong></span> <span class='ocrx_word' id='word_1_538' title='bbox 1181 3692 1566 3762; x_wconf 88' lang='lat' dir='ltr'><strong>contingerent.</strong></span> 
     </span>
    </p>
   </div>
   <div class='ocr_carea' id='block_1_69' title="bbox 251 3788 1737 3857">
    <p class='ocr_par' dir='ltr' id='par_1_69' title="bbox 251 3788 1737 3857">
     <span class='ocr_line' id='line_1_69' title="bbox 251 3788 1737 3857; baseline -0.005 -11"><span class='ocrx_word' id='word_1_539' title='bbox 251 3793 432 3846; x_wconf 73' lang='lat' dir='ltr'><strong>XXVI.</strong></span> <span class='ocrx_word' id='word_1_540' title='bbox 467 3790 898 3844; x_wconf 85' lang='lat' dir='ltr'><strong>Guntchramnus</strong></span> <span class='ocrx_word' id='word_1_541' title='bbox 927 3802 1136 3857; x_wconf 91' lang='lat' dir='ltr'><strong>quoque</strong></span> <span class='ocrx_word' id='word_1_542' title='bbox 1163 3788 1268 3842; x_wconf 77' lang='lat' dir='ltr'><strong>dux</strong></span> <span class='ocrx_word' id='word_1_543' title='bbox 1292 3789 1587 3840; x_wconf 77' lang='lat' dir='ltr'><strong>Arvernum</strong></span> <span class='ocrx_word' id='word_1_544' title='bbox 1615 3799 1737 3839; x_wconf 88' lang='lat' dir='ltr'><strong>cum</strong></span> 
     </span>
    </p>
   </div>
   <div class='ocr_carea' id='block_1_70' title="bbox 187 3878 1736 3950">
    <p class='ocr_par' dir='ltr' id='par_1_70' title="bbox 187 3878 1736 3950">
     <span class='ocr_line' id='line_1_70' title="bbox 187 3878 1736 3950; baseline -0.005 -14"><span class='ocrx_word' id='word_1_545' title='bbox 187 3883 495 3950; x_wconf 86' lang='lat' dir='ltr'><strong>supradictis</strong></span> <span class='ocrx_word' id='word_1_546' title='bbox 525 3882 791 3936; x_wconf 79' lang='lat' dir='ltr'><strong>thesauris</strong></span> <span class='ocrx_word' id='word_1_547' title='bbox 819 3893 1087 3945; x_wconf 87' lang='lat' dir='ltr'><strong>reversus,</strong></span> <span class='ocrx_word' id='word_1_548' title='bbox 1119 3879 1185 3932; x_wconf 88' lang='lat' dir='ltr'><strong>ad</strong></span> <span class='ocrx_word' id='word_1_549' title='bbox 1222 3878 1624 3933; x_wconf 87' lang='lat' dir='ltr'><strong>Childebertum</strong></span> <span class='ocrx_word' id='word_1_550' title='bbox 1647 3890 1736 3930; x_wconf 85' lang='lat' dir='ltr'><strong>re-</strong></span> 
     </span>
    </p>
   </div>
   <div class='ocr_carea' id='block_1_71' title="bbox 185 3970 1739 4042">
    <p class='ocr_par' dir='ltr' id='par_1_71' title="bbox 185 3970 1739 4042">
     <span class='ocr_line' id='line_1_71' title="bbox 185 3970 1739 4042; baseline -0.005 -13"><span class='ocrx_word' id='word_1_551' title='bbox 185 3990 295 4042; x_wconf 88' lang='lat' dir='ltr'><strong>gem</strong></span> <span class='ocrx_word' id='word_1_552' title='bbox 329 3976 478 4029; x_wconf 88' lang='lat' dir='ltr'><strong>abiit.</strong></span> <span class='ocrx_word' id='word_1_553' title='bbox 516 3971 756 4041; x_wconf 86' lang='lat' dir='ltr'><strong>Cumque</strong></span> <span class='ocrx_word' id='word_1_554' title='bbox 795 3970 986 4025; x_wconf 81' lang='lat' dir='ltr'><strong>exinde</strong></span> <span class='ocrx_word' id='word_1_555' title='bbox 1015 3971 1386 4038; x_wconf 87' lang='lat' dir='ltr'><strong>regrederetur</strong></span> <span class='ocrx_word' id='word_1_556' title='bbox 1428 3982 1544 4022; x_wconf 89' lang='lat' dir='ltr'><strong>cum</strong></span> <span class='ocrx_word' id='word_1_557' title='bbox 1574 3981 1739 4022; x_wconf 85' lang='lat' dir='ltr'><strong>uxore</strong></span> 
     </span>
    </p>
   </div>
   <div class='ocr_carea' id='block_1_72' title="bbox 187 4057 1737 4133">
    <p class='ocr_par' dir='ltr' id='par_1_72' title="bbox 187 4057 1737 4133">
     <span class='ocr_line' id='line_1_72' title="bbox 187 4057 1737 4133; baseline -0.006 -13"><span class='ocrx_word' id='word_1_558' title='bbox 187 4078 232 4120; x_wconf 88' lang='lat' dir='ltr'><strong>et</strong></span> <span class='ocrx_word' id='word_1_559' title='bbox 257 4067 394 4133; x_wconf 83' lang='lat' dir='ltr'><strong>ﬁliis,</strong></span> <span class='ocrx_word' id='word_1_560' title='bbox 427 4082 456 4119; x_wconf 91' lang='lat' dir='ltr'><strong>a</strong></span> <span class='ocrx_word' id='word_1_561' title='bbox 486 4064 890 4119; x_wconf 83' lang='lat' dir='ltr'><strong>Guntchramno</strong></span> <span class='ocrx_word' id='word_1_562' title='bbox 935 4075 1062 4132; x_wconf 84' lang='lat' dir='ltr'><strong>rege</strong></span> <span class='ocrx_word' id='word_1_563' title='bbox 1097 4060 1509 4127; x_wconf 87' lang='lat' dir='ltr'><strong>comprehensus</strong></span> <span class='ocrx_word' id='word_1_564' title='bbox 1536 4057 1737 4111; x_wconf 88' lang='lat' dir='ltr'><strong>retine-</strong></span> 
     </span>
    </p>
   </div>
   <div class='ocr_carea' id='block_1_73' title="bbox 187 4147 1738 4224">
    <p class='ocr_par' dir='ltr' id='par_1_73' title="bbox 187 4147 1738 4224">
     <span class='ocr_line' id='line_1_73' title="bbox 187 4147 1738 4224; baseline -0.005 -15"><span class='ocrx_word' id='word_1_565' title='bbox 187 4156 353 4224; x_wconf 87' lang='lat' dir='ltr'><strong>batur,</strong></span> <span class='ocrx_word' id='word_1_566' title='bbox 375 4158 586 4212; x_wconf 89' lang='lat' dir='ltr'><strong>dicente</strong></span> <span class='ocrx_word' id='word_1_567' title='bbox 614 4155 711 4208; x_wconf 86' lang='lat' dir='ltr'><strong>sibi</strong></span> <span class='ocrx_word' id='word_1_568' title='bbox 745 4169 865 4222; x_wconf 88' lang='lat' dir='ltr'><strong>rege</strong></span> <span class='ocrx_word' id='word_1_569' title='bbox 898 4169 912 4206; x_wconf 91' lang='lat'><strong>:</strong></span> <span class='ocrx_word' id='word_1_570' title='bbox 945 4153 1052 4206; x_wconf 88' lang='lat' dir='ltr'><strong>Tua</strong></span> <span class='ocrx_word' id='word_1_571' title='bbox 1073 4151 1310 4204; x_wconf 88' lang='lat' dir='ltr'><strong>invitatio</strong></span> <span class='ocrx_word' id='word_1_572' title='bbox 1336 4147 1738 4203; x_wconf 89' lang='lat' dir='ltr'><strong>Gundovaldum</strong></span> 
     </span>
    </p>
   </div>
   <div class='ocr_carea' id='block_1_74' title="bbox 186 4242 1738 4313">
    <p class='ocr_par' dir='ltr' id='par_1_74' title="bbox 186 4242 1738 4313">
     <span class='ocr_line' id='line_1_74' title="bbox 186 4242 1738 4313; baseline -0.004 -11"><span class='ocrx_word' id='word_1_573' title='bbox 186 4251 394 4305; x_wconf 82' lang='lat' dir='ltr'><strong>adduxit</strong></span> <span class='ocrx_word' id='word_1_574' title='bbox 420 4252 474 4305; x_wconf 90' lang='lat' dir='ltr'><strong>in</strong></span> <span class='ocrx_word' id='word_1_575' title='bbox 507 4249 725 4313; x_wconf 79' lang='lat' dir='ltr'><strong>Gallias,</strong></span> <span class='ocrx_word' id='word_1_576' title='bbox 755 4256 807 4300; x_wconf 85' lang='lat' dir='ltr'><strong>et</strong></span> <span class='ocrx_word' id='word_1_577' title='bbox 835 4245 903 4298; x_wconf 91' lang='lat' dir='ltr'><strong>ob</strong></span> <span class='ocrx_word' id='word_1_578' title='bbox 931 4245 1028 4299; x_wconf 88' lang='lat' dir='ltr'><strong>hoc</strong></span> <span class='ocrx_word' id='word_1_579' title='bbox 1057 4251 1181 4298; x_wconf 90' lang='lat' dir='ltr'><strong>ante</strong></span> <span class='ocrx_word' id='word_1_580' title='bbox 1236 4243 1332 4297; x_wconf 91' lang='lat' dir='ltr'><strong>hos</strong></span> <span class='ocrx_word' id='word_1_581' title='bbox 1363 4255 1531 4296; x_wconf 89' lang='lat' dir='ltr'><strong>annos</strong></span> <span class='ocrx_word' id='word_1_582' title='bbox 1581 4242 1738 4298; x_wconf 91' lang='lat' dir='ltr'><strong>abisti</strong></span> 
     </span>
    </p>
   </div>
   <div class='ocr_carea' id='block_1_75' title="bbox 251 4373 1734 4445">
    <p class='ocr_par' dir='ltr' id='par_1_75' title="bbox 251 4373 1734 4445">
     <span class='ocr_line' id='line_1_75' title="bbox 251 4373 1734 4445; baseline -0.006 -8"><span class='ocrx_word' id='word_1_583' title='bbox 251 4381 271 4402; x_wconf 85' lang='lat'><strong>&#39;</strong></span> <span class='ocrx_word' id='word_1_584' title='bbox 300 4381 364 4436; x_wconf 79' lang='lat' dir='ltr'><strong>Et</strong></span> <span class='ocrx_word' id='word_1_585' title='bbox 394 4392 572 4434; x_wconf 89' lang='lat' dir='ltr'><strong>tamen</strong></span> <span class='ocrx_word' id='word_1_586' title='bbox 602 4378 645 4432; x_wconf 91' lang='lat' dir='ltr'><strong>is</strong></span> <span class='ocrx_word' id='word_1_587' title='bbox 676 4376 788 4445; x_wconf 89' lang='lat' dir='ltr'><strong>ipse</strong></span> <span class='ocrx_word' id='word_1_588' title='bbox 814 4373 1230 4445; x_wconf 88' lang='lat' dir='ltr'><strong>Gundobaldum</strong></span> <span class='ocrx_word' id='word_1_589' title='bbox 1249 4374 1626 4445; x_wconf 84' lang='lat' dir='ltr'><strong>accersiverat,</strong></span> <span class='ocrx_word' id='word_1_590' title='bbox 1651 4374 1734 4429; x_wconf 87' lang='lat' dir='ltr'><strong>in-</strong></span> 
     </span>
    </p>
   </div>
   <div class='ocr_carea' id='block_1_76' title="bbox 188 4444 1354 4520">
    <p class='ocr_par' dir='ltr' id='par_1_76' title="bbox 188 4444 1354 4520">
     <span class='ocr_line' id='line_1_76' title="bbox 188 4444 1354 4520; baseline -0.008 -17"><span class='ocrx_word' id='word_1_591' title='bbox 188 4450 258 4504; x_wconf 79' lang='lat' dir='ltr'><strong>ira</strong></span> <span class='ocrx_word' id='word_1_592' title='bbox 279 4467 395 4520; x_wconf 83' lang='lat' dir='ltr'><strong>cap.</strong></span> <span class='ocrx_word' id='word_1_593' title='bbox 420 4448 531 4520; x_wconf 67' lang='lat' dir='ltr'><strong>26L</strong></span> <span class='ocrx_word' id='word_1_594' title='bbox 546 4448 649 4520; x_wconf 90' lang='lat' dir='ltr'><strong>sed</strong></span> <span class='ocrx_word' id='word_1_595' title='bbox 673 4444 830 4520; x_wconf 69' lang='lat' dir='ltr'><strong>homo</strong></span> <span class='ocrx_word' id='word_1_596' title='bbox 854 4455 970 4500; x_wconf 88' lang='lat' dir='ltr'><strong>erat</strong></span> <span class='ocrx_word' id='word_1_597' title='bbox 990 4445 1186 4520; x_wconf 82' lang='lat' dir='ltr'><strong>nnllius</strong></span> <span class='ocrx_word' id='word_1_598' title='bbox 1214 4444 1354 4497; x_wconf 85' lang='lat' dir='ltr'><strong>iidei.</strong></span> 
     </span>
    </p>
   </div>
   <div class='ocr_carea' id='block_1_77' title="bbox 253 4513 1742 4585">
    <p class='ocr_par' dir='ltr' id='par_1_77' title="bbox 253 4513 1742 4585">
     <span class='ocr_line' id='line_1_77' title="bbox 253 4513 1742 4585; baseline -0.005 -8"><span class='ocrx_word' id='word_1_599' title='bbox 253 4522 280 4561; x_wconf 72' lang='grc' dir='ltr'>δ</span> <span class='ocrx_word' id='word_1_600' title='bbox 307 4513 454 4577; x_wconf 60' lang='lat' dir='ltr'><strong>Illinc</strong></span> <span class='ocrx_word' id='word_1_601' title='bbox 496 4517 918 4585; x_wconf 81' lang='lat' dir='ltr'><strong>Forojuliensem</strong></span> <span class='ocrx_word' id='word_1_602' title='bbox 950 4514 1226 4568; x_wconf 88' lang='lat' dir='ltr'><strong>ecclesiam</strong></span> <span class='ocrx_word' id='word_1_603' title='bbox 1275 4513 1478 4585; x_wconf 78' lang='lat' dir='ltr'><strong>rexisse</strong></span> <span class='ocrx_word' id='word_1_604' title='bbox 1525 4513 1742 4584; x_wconf 84' lang='lat' dir='ltr'><strong>conjieit</strong></span> 
     </span>
    </p>
   </div>
   <div class='ocr_carea' id='block_1_78' title="bbox 187 4583 1740 4659">
    <p class='ocr_par' dir='ltr' id='par_1_78' title="bbox 187 4583 1740 4659">
     <span class='ocr_line' id='line_1_78' title="bbox 187 4583 1740 4659; baseline -0.003 -14"><span class='ocrx_word' id='word_1_605' title='bbox 187 4592 434 4656; x_wconf 84' lang='lat' dir='ltr'><strong>Cointius,</strong></span> <span class='ocrx_word' id='word_1_606' title='bbox 457 4590 550 4659; x_wconf 91' lang='lat' dir='ltr'><strong>qui</strong></span> <span class='ocrx_word' id='word_1_607' title='bbox 583 4583 881 4659; x_wconf 73' lang='lat' dir='ltr'><strong>Exspectati</strong></span> <span class='ocrx_word' id='word_1_608' title='bbox 907 4585 1202 4659; x_wconf 78' lang='lat' dir='ltr'><strong>decessoris</strong></span> <span class='ocrx_word' id='word_1_609' title='bbox 1223 4583 1314 4659; x_wconf 78' lang='lat' dir='ltr'><strong>sui</strong></span> <span class='ocrx_word' id='word_1_610' title='bbox 1336 4586 1548 4659; x_wconf 87' lang='lat' dir='ltr'><strong>nomine</strong></span> <span class='ocrx_word' id='word_1_611' title='bbox 1569 4583 1740 4659; x_wconf 76' lang='lat' dir='ltr'><strong>adhuc</strong></span> 
     </span>
    </p>
   </div>
   <div class='ocr_carea' id='block_1_79' title="bbox 191 4654 1744 4732">
    <p class='ocr_par' dir='ltr' id='par_1_79' title="bbox 191 4654 1744 4732">
     <span class='ocr_line' id='line_1_79' title="bbox 191 4654 1744 4732; baseline -0.003 -20"><span class='ocrx_word' id='word_1_612' title='bbox 191 4654 453 4732; x_wconf 80' lang='lat' dir='ltr'><strong>presbyter</strong></span> <span class='ocrx_word' id='word_1_613' title='bbox 471 4654 797 4732; x_wconf 58' lang='lat' dir='ltr'><strong>subscripsit</strong></span> <span class='ocrx_word' id='word_1_614' title='bbox 844 4654 1084 4732; x_wconf 77' lang='lat' dir='ltr'><strong>Concilio</strong></span> <span class='ocrx_word' id='word_1_615' title='bbox 1138 4654 1581 4732; x_wconf 70' lang='lat' dir='ltr'><strong>Aurelianensiv.</strong></span> <span class='ocrx_word' id='word_1_616' title='bbox 1616 4656 1744 4732; x_wconf 70' lang='lat' dir='ltr'><strong>Epi-</strong></span> 
     </span>
    </p>
   </div>
   <div class='ocr_carea' id='block_1_80' title="bbox 188 4724 1740 4800">
    <p class='ocr_par' dir='ltr' id='par_1_80' title="bbox 188 4724 1740 4800">
     <span class='ocr_line' id='line_1_80' title="bbox 188 4724 1740 4800; baseline -0.004 -16"><span class='ocrx_word' id='word_1_617' title='bbox 188 4724 424 4800; x_wconf 61' lang='lat' dir='ltr'><strong>phaniam</strong></span> <span class='ocrx_word' id='word_1_618' title='bbox 459 4729 785 4783; x_wconf 77' lang='lat' dir='ltr'><strong>Grailensem</strong></span> <span class='ocrx_word' id='word_1_619' title='bbox 817 4725 1194 4800; x_wconf 81' lang='lat' dir='ltr'><strong>patriarcham,</strong></span> <span class='ocrx_word' id='word_1_620' title='bbox 1219 4740 1248 4778; x_wconf 86' lang='lat' dir='ltr'><strong>a</strong></span> <span class='ocrx_word' id='word_1_621' title='bbox 1281 4724 1444 4800; x_wconf 78' lang='lat' dir='ltr'><strong>Paulo</strong></span> <span class='ocrx_word' id='word_1_622' title='bbox 1478 4725 1619 4778; x_wconf 91' lang='lat' dir='ltr'><strong>Diac.</strong></span> <span class='ocrx_word' id='word_1_623' title='bbox 1643 4726 1740 4800; x_wconf 67' lang='lat' dir='ltr'><strong>lib.</strong></span> 
     </span>
    </p>
   </div>
   <div class='ocr_carea' id='block_1_81' title="bbox 186 4795 1744 4871">
    <p class='ocr_par' dir='ltr' id='par_1_81' title="bbox 186 4795 1744 4871">
     <span class='ocr_line' id='line_1_81' title="bbox 186 4795 1744 4871; baseline -0.004 -16"><span class='ocrx_word' id='word_1_624' title='bbox 186 4795 253 4871; x_wconf 82' lang='lat' dir='ltr'><strong>iv,</strong></span> <span class='ocrx_word' id='word_1_625' title='bbox 278 4819 395 4869; x_wconf 87' lang='lat' dir='ltr'><strong>cap.</strong></span> <span class='ocrx_word' id='word_1_626' title='bbox 420 4800 511 4863; x_wconf 66' lang='grc'><strong>54,</strong></span> <span class='ocrx_word' id='word_1_627' title='bbox 530 4807 905 4871; x_wconf 82' lang='lat' dir='ltr'><strong>memoratum,</strong></span> <span class='ocrx_word' id='word_1_628' title='bbox 922 4795 1298 4864; x_wconf 88' lang='lat' dir='ltr'><strong>interpretatur</strong></span> <span class='ocrx_word' id='word_1_629' title='bbox 1322 4796 1612 4848; x_wconf 85' lang='lat' dir='ltr'><strong>Alteserra.</strong></span> <span class='ocrx_word' id='word_1_630' title='bbox 1640 4796 1744 4850; x_wconf 86' lang='lat' dir='ltr'><strong>Sed</strong></span> 
     </span>
    </p>
   </div>
   <div class='ocr_carea' id='block_1_82' title="bbox 182 4866 930 4942">
    <p class='ocr_par' dir='ltr' id='par_1_82' title="bbox 182 4866 930 4942">
     <span class='ocr_line' id='line_1_82' title="bbox 182 4866 930 4942; baseline -0.016 -14"><span class='ocrx_word' id='word_1_631' title='bbox 182 4866 435 4942; x_wconf 80' lang='lat' dir='ltr'><strong>repugnat</strong></span> <span class='ocrx_word' id='word_1_632' title='bbox 459 4881 562 4924; x_wconf 83' lang='lat' dir='ltr'><strong>tem</strong></span> <span class='ocrx_word' id='word_1_633' title='bbox 572 4881 755 4942; x_wconf 63' lang='lat' dir='ltr'><strong>porum</strong></span> <span class='ocrx_word' id='word_1_634' title='bbox 772 4866 930 4942; x_wconf 76' lang='lat' dir='ltr'><strong>ratio.</strong></span> 
     </span>
    </p>
   </div>
   <div class='ocr_carea' id='block_1_83' title="bbox 252 4933 1743 5010">
    <p class='ocr_par' dir='ltr' id='par_1_83' title="bbox 252 4933 1743 5010">
     <span class='ocr_line' id='line_1_83' title="bbox 252 4933 1743 5010; baseline -0.007 -12"><span class='ocrx_word' id='word_1_635' title='bbox 252 4933 436 5010; x_wconf 64' lang='grc' dir='ltr'><strong>ε,ρυῐά</strong></span> <span class='ocrx_word' id='word_1_636' title='bbox 455 4933 583 4996; x_wconf 78' lang='lat' dir='ltr'><strong>vero</strong></span> <span class='ocrx_word' id='word_1_637' title='bbox 603 4937 885 4992; x_wconf 85' lang='lat' dir='ltr'><strong>Theodoro</strong></span> <span class='ocrx_word' id='word_1_638' title='bbox 907 4934 1208 5004; x_wconf 87' lang='lat' dir='ltr'><strong>contigerit,</strong></span> <span class='ocrx_word' id='word_1_639' title='bbox 1233 4933 1404 4990; x_wconf 86' lang='lat' dir='ltr'><strong>disces</strong></span> <span class='ocrx_word' id='word_1_640' title='bbox 1426 4950 1490 4990; x_wconf 87' lang='lat' dir='ltr'><strong>ex</strong></span> <span class='ocrx_word' id='word_1_641' title='bbox 1505 4934 1598 4991; x_wconf 90' lang='lat' dir='ltr'><strong>lib.</strong></span> <span class='ocrx_word' id='word_1_642' title='bbox 1629 4950 1743 5003; x_wconf 88' lang='lat' dir='ltr'><strong>vm,</strong></span> 
     </span>
    </p>
   </div>
   <div class='ocr_carea' id='block_1_84' title="bbox 178 5012 1745 5147">
    <p class='ocr_par' dir='ltr' id='par_1_84' title="bbox 178 5012 1745 5147">
     <span class='ocr_line' id='line_1_84' title="bbox 178 5012 1745 5147; baseline -0.004 -10"><span class='ocrx_word' id='word_1_643' title='bbox 178 5029 288 5122; x_wconf 42' lang='grc' dir='ltr'><strong>ως.</strong></span> <span class='ocrx_word' id='word_1_644' title='bbox 304 5012 511 5138; x_wconf 54' lang='grc' dir='ltr'><strong>έὲᾟοο</strong></span> <span class='ocrx_word' id='word_1_645' title='bbox 523 5079 745 5147; x_wconf 89' lang='lat' dir='ltr'><strong>aliisque</strong></span> <span class='ocrx_word' id='word_1_646' title='bbox 767 5073 1126 5143; x_wconf 89' lang='lat' dir='ltr'><strong>compluribus</strong></span> <span class='ocrx_word' id='word_1_647' title='bbox 1148 5073 1386 5147; x_wconf 83' lang='lat' dir='ltr'><strong>Gregorii</strong></span> <span class='ocrx_word' id='word_1_648' title='bbox 1409 5075 1574 5147; x_wconf 89' lang='lat' dir='ltr'><strong>nostri</strong></span> <span class='ocrx_word' id='word_1_649' title='bbox 1592 5075 1745 5140; x_wconf 87' lang='lat' dir='ltr'><strong>locis,</strong></span> 
     </span>
    </p>
   </div>
   <div class='ocr_carea' id='block_1_85' title="bbox 172 5145 1749 5211">
    <p class='ocr_par' dir='ltr' id='par_1_85' title="bbox 172 5145 1749 5211">
     <span class='ocr_line' id='line_1_85' title="bbox 172 5145 1749 5211; baseline -0.008 0"><span class='ocrx_word' id='word_1_650' title='bbox 172 5158 255 5211; x_wconf 90' lang='lat' dir='ltr'><strong>cui</strong></span> <span class='ocrx_word' id='word_1_651' title='bbox 285 5166 339 5210; x_wconf 86' lang='lat' dir='ltr'><strong>et</strong></span> <span class='ocrx_word' id='word_1_652' title='bbox 367 5155 454 5206; x_wconf 91' lang='lat' dir='ltr'><strong>alii</strong></span> <span class='ocrx_word' id='word_1_653' title='bbox 482 5145 731 5204; x_wconf 76' lang='lat' dir='ltr'><strong>auctores</strong></span> <span class='ocrx_word' id='word_1_654' title='bbox 778 5147 1143 5210; x_wconf 89' lang='lat' dir='ltr'><strong>consentiunt,</strong></span> <span class='ocrx_word' id='word_1_655' title='bbox 1171 5145 1424 5198; x_wconf 89' lang='lat' dir='ltr'><strong>discimus</strong></span> <span class='ocrx_word' id='word_1_656' title='bbox 1479 5146 1604 5199; x_wconf 92' lang='lat' dir='ltr'><strong>olim</strong></span> <span class='ocrx_word' id='word_1_657' title='bbox 1634 5160 1749 5198; x_wconf 84' lang='lat' dir='ltr'><strong>om-</strong></span> 
     </span>
    </p>
   </div>
   <div class='ocr_carea' id='block_1_86' title="bbox 173 5215 1748 5294">
    <p class='ocr_par' dir='ltr' id='par_1_86' title="bbox 173 5215 1748 5294">
     <span class='ocr_line' id='line_1_86' title="bbox 173 5215 1748 5294; baseline -0.008 -14"><span class='ocrx_word' id='word_1_658' title='bbox 173 5244 292 5282; x_wconf 83' lang='lat' dir='ltr'><strong>nent</strong></span> <span class='ocrx_word' id='word_1_659' title='bbox 319 5225 586 5294; x_wconf 75' lang='lat' dir='ltr'><strong>populum</strong></span> <span class='ocrx_word' id='word_1_660' title='bbox 603 5219 760 5294; x_wconf 81' lang='lat' dir='ltr'><strong>simul</strong></span> <span class='ocrx_word' id='word_1_661' title='bbox 790 5230 918 5294; x_wconf 78' lang='lat' dir='ltr'><strong>cum</strong></span> <span class='ocrx_word' id='word_1_662' title='bbox 937 5216 1102 5294; x_wconf 84' lang='lat' dir='ltr'><strong>Clero_</strong></span> <span class='ocrx_word' id='word_1_663' title='bbox 1134 5215 1321 5294; x_wconf 77' lang='lat' dir='ltr'><strong>diebus</strong></span> <span class='ocrx_word' id='word_1_664' title='bbox 1349 5216 1537 5269; x_wconf 86' lang='lat' dir='ltr'><strong>saltem</strong></span> <span class='ocrx_word' id='word_1_665' title='bbox 1572 5216 1748 5294; x_wconf 69' lang='lat' dir='ltr'><strong>Domi-</strong></span> 
     </span>
    </p>
   </div>
   <div class='ocr_carea' id='block_1_87' title="bbox 167 5285 1745 5356">
    <p class='ocr_par' dir='ltr' id='par_1_87' title="bbox 167 5285 1745 5356">
     <span class='ocr_line' id='line_1_87' title="bbox 167 5285 1745 5356; baseline -0.016 -4"><span class='ocrx_word' id='word_1_666' title='bbox 167 5285 620 5351; x_wconf 55' lang='lat' dir='ltr'><strong>nicis&#39;et&#39;fcsuvis</strong></span> <span class='ocrx_word' id='word_1_667' title='bbox 653 5291 702 5340; x_wconf 89' lang='lat' dir='ltr'><strong>in</strong></span> <span class='ocrx_word' id='word_1_668' title='bbox 732 5287 1010 5356; x_wconf 87' lang='lat' dir='ltr'><strong>ecclesiam</strong></span> <span class='ocrx_word' id='word_1_669' title='bbox 1040 5285 1106 5339; x_wconf 89' lang='lat' dir='ltr'><strong>ad</strong></span> <span class='ocrx_word' id='word_1_670' title='bbox 1133 5288 1421 5340; x_wconf 87' lang='lat' dir='ltr'><strong>matutinas</strong></span> <span class='ocrx_word' id='word_1_671' title='bbox 1441 5285 1745 5356; x_wconf 83' lang='lat' dir='ltr'><strong>persolven.</strong></span> 
     </span>
    </p>
   </div>
   <div class='ocr_carea' id='block_1_88' title="bbox 162 5355 1038 5421">
    <p class='ocr_par' dir='ltr' id='par_1_88' title="bbox 162 5355 1038 5421">
     <span class='ocr_line' id='line_1_88' title="bbox 162 5355 1038 5421; baseline -0.015 0"><span class='ocrx_word' id='word_1_672' title='bbox 162 5372 264 5421; x_wconf 87' lang='lat' dir='ltr'><strong>das</strong></span> <span class='ocrx_word' id='word_1_673' title='bbox 290 5364 578 5421; x_wconf 82' lang='lat' dir='ltr'><strong>convenire</strong></span> <span class='ocrx_word' id='word_1_674' title='bbox 609 5359 826 5412; x_wconf 90' lang='lat' dir='ltr'><strong>solitum</strong></span> <span class='ocrx_word' id='word_1_675' title='bbox 855 5355 1038 5410; x_wconf 81' lang='lat' dir='ltr'><strong>fuisse.</strong></span> 
     </span>
    </p>
   </div>
   <div class='ocr_carea' id='block_1_89' title="bbox 244 5425 1743 5499">
    <p class='ocr_par' dir='ltr' id='par_1_89' title="bbox 244 5425 1743 5499">
     <span class='ocr_line' id='line_1_89' title="bbox 244 5425 1743 5499; baseline -0.008 -8"><span class='ocrx_word' id='word_1_676' title='bbox 244 5435 482 5495; x_wconf 63' lang='lat' dir='ltr'><strong>*Corb.,</strong></span> <span class='ocrx_word' id='word_1_677' title='bbox 535 5432 765 5499; x_wconf 86' lang='lat' dir='ltr'><strong>Sigona,</strong></span> <span class='ocrx_word' id='word_1_678' title='bbox 798 5440 902 5499; x_wconf 84' lang='lat' dir='ltr'><strong>quo</strong></span> <span class='ocrx_word' id='word_1_679' title='bbox 947 5426 1160 5499; x_wconf 85' lang='lat' dir='ltr'><strong>nomine</strong></span> <span class='ocrx_word' id='word_1_680' title='bbox 1198 5425 1496 5499; x_wconf 80' lang='lat' dir='ltr'><strong>sequanam</strong></span> <span class='ocrx_word' id='word_1_681' title='bbox 1541 5429 1594 5480; x_wconf 88' lang='lat' dir='ltr'><strong>in</strong></span> <span class='ocrx_word' id='word_1_682' title='bbox 1633 5435 1743 5479; x_wconf 85' lang='lat' dir='ltr'><strong>vet.</strong></span> 
     </span>
    </p>
   </div>
   <div class='ocr_carea' id='block_1_90' title="bbox 161 5496 1741 5629">
    <p class='ocr_par' dir='ltr' id='par_1_90' title="bbox 161 5496 1741 5629">
     <span class='ocr_line' id='line_1_90' title="bbox 161 5496 1741 5577; baseline -0.009 -14"><span class='ocrx_word' id='word_1_683' title='bbox 161 5509 385 5577; x_wconf 75' lang='lat' dir='ltr'><strong>scriptis</strong></span> <span class='ocrx_word' id='word_1_684' title='bbox 407 5496 726 5573; x_wconf 77' lang='lat' dir='ltr'><strong>quandoque</strong></span> <span class='ocrx_word' id='word_1_685' title='bbox 739 5497 959 5576; x_wconf 70' lang='lat' dir='ltr'><strong>exprimi</strong></span> <span class='ocrx_word' id='word_1_686' title='bbox 974 5512 1036 5576; x_wconf 81' lang='lat' dir='ltr'><strong>ex</strong></span> <span class='ocrx_word' id='word_1_687' title='bbox 1055 5498 1173 5551; x_wconf 91' lang='lat' dir='ltr'><strong>aliis</strong></span> <span class='ocrx_word' id='word_1_688' title='bbox 1192 5496 1352 5550; x_wconf 89' lang='lat' dir='ltr'><strong>etiam</strong></span> <span class='ocrx_word' id='word_1_689' title='bbox 1369 5497 1497 5551; x_wconf 92' lang='lat' dir='ltr'><strong>locis</strong></span> <span class='ocrx_word' id='word_1_690' title='bbox 1513 5504 1741 5577; x_wconf 58' lang='lat' dir='ltr'><strong>constat.</strong></span> 
     </span>
     <span class='ocr_line' id='line_1_91' title="bbox 248 5566 1741 5629; baseline 0 -11"><span class='ocrx_word' id='word_1_691' title='bbox 248 5579 266 5618; x_wconf 85' lang='lat' dir='ltr'><strong>t</strong></span> <span class='ocrx_word' id='word_1_692' title='bbox 303 5581 378 5629; x_wconf 85' lang='lat' dir='ltr'><strong>De</strong></span> <span class='ocrx_word' id='word_1_693' title='bbox 402 5577 502 5629; x_wconf 85' lang='lat' dir='ltr'><strong>hac</strong></span> <span class='ocrx_word' id='word_1_694' title='bbox 533 5569 757 5626; x_wconf 72' lang='lat' dir='ltr'><strong>basnlica</strong></span> <span class='ocrx_word' id='word_1_695' title='bbox 785 5581 889 5629; x_wconf 72' lang='lat' dir='ltr'><strong>jam</strong></span> <span class='ocrx_word' id='word_1_696' title='bbox 915 5567 1142 5619; x_wconf 83' lang='lat' dir='ltr'><strong>dtxmtus</strong></span> <span class='ocrx_word' id='word_1_697' title='bbox 1192 5568 1255 5619; x_wconf 86' lang='lat' dir='ltr'><strong>ad</strong></span> <span class='ocrx_word' id='word_1_698' title='bbox 1287 5582 1406 5629; x_wconf 91' lang='lat' dir='ltr'><strong>cap.</strong></span> <span class='ocrx_word' id='word_1_699' title='bbox 1437 5567 1469 5619; x_wconf 88' lang='lat'><strong>9</strong></span> <span class='ocrx_word' id='word_1_700' title='bbox 1493 5567 1646 5629; x_wconf 74' lang='lat' dir='ltr'><strong>hmus</strong></span> <span class='ocrx_word' id='word_1_701' title='bbox 1677 5566 1741 5618; x_wconf 92' lang='lat' dir='ltr'><strong>lt-</strong></span> 
     </span>
    </p>
   </div>
   <div class='ocr_carea' id='block_1_91' title="bbox 489 5585 1742 5620">
    <p class='ocr_par' dir='ltr' id='par_1_91' title="bbox 489 5585 1742 5620">
     <span class='ocr_line' id='line_1_92' title="bbox 489 5585 1742 5620; baseline -0.002 0"><span class='ocrx_word' id='word_1_702' title='bbox 489 5592 502 5620; x_wconf 78' lang='lat'><strong>!</strong></span> <span class='ocrx_word' id='word_1_703' title='bbox 535 5585 757 5620; x_wconf 81' lang='lat' dir='ltr'><strong>hasutca</strong></span> <span class='ocrx_word' id='word_1_704' title='bbox 787 5585 889 5620; x_wconf 71' lang='lat' dir='ltr'><strong>lﬂlll</strong></span> <span class='ocrx_word' id='word_1_705' title='bbox 915 5585 1142 5619; x_wconf 80' lang='lat' dir='ltr'><strong>ﬂleﬂlUS</strong></span> <span class='ocrx_word' id='word_1_706' title='bbox 1192 5585 1255 5619; x_wconf 74' lang='grc' dir='ltr'><strong>ἶὶα</strong></span> <span class='ocrx_word' id='word_1_707' title='bbox 1287 5585 1406 5620; x_wconf 68' lang='grc'><strong>(330.</strong></span> <span class='ocrx_word' id='word_1_708' title='bbox 1437 5585 1469 5619; x_wconf 75' lang='grc' dir='ltr'>υ</span> <span class='ocrx_word' id='word_1_709' title='bbox 1493 5585 1646 5620; x_wconf 76' lang='lat' dir='ltr'><strong>HUIUS</strong></span> <span class='ocrx_word' id='word_1_710' title='bbox 1677 5585 1742 5618; x_wconf 86' lang='grc' dir='ltr'><strong>ΙΙ·</strong></span> 
     </span>
    </p>
   </div>
   <div class='ocr_carea' id='block_1_92' title="bbox 162 5581 1739 5720">
    <p class='ocr_par' dir='ltr' id='par_1_92' title="bbox 162 5581 1739 5720">
     <span class='ocr_line' id='line_1_93' title="bbox 248 5581 1739 5635; baseline -0.019 0"><span class='ocrx_word' id='word_1_711' title='bbox 248 5581 266 5618; x_wconf 72' lang='grc' dir='ltr'>ί</span> <span class='ocrx_word' id='word_1_712' title='bbox 303 5581 378 5633; x_wconf 88' lang='lat' dir='ltr'><strong>Dc</strong></span> <span class='ocrx_word' id='word_1_713' title='bbox 402 5581 502 5629; x_wconf 86' lang='lat' dir='ltr'><strong>hac</strong></span> <span class='ocrx_word' id='word_1_714' title='bbox 533 5581 757 5626; x_wconf 82' lang='lat' dir='ltr'><strong>basmca</strong></span> <span class='ocrx_word' id='word_1_715' title='bbox 784 5581 889 5635; x_wconf 74' lang='lat' dir='ltr'><strong>jam</strong></span> <span class='ocrx_word' id='word_1_716' title='bbox 915 5581 1142 5619; x_wconf 77' lang='lat' dir='ltr'><strong>uiximus</strong></span> <span class='ocrx_word' id='word_1_717' title='bbox 1192 5581 1255 5619; x_wconf 85' lang='lat' dir='ltr'><strong>ae</strong></span> <span class='ocrx_word' id='word_1_718' title='bbox 1287 5582 1406 5635; x_wconf 85' lang='lat' dir='ltr'><strong>cap.</strong></span> <span class='ocrx_word' id='word_1_719' title='bbox 1437 5581 1469 5619; x_wconf 80' lang='grc' dir='ltr'>υ</span> <span class='ocrx_word' id='word_1_720' title='bbox 1493 5581 1646 5634; x_wconf 76' lang='lat' dir='ltr'><strong>ntus</strong></span> <span class='ocrx_word' id='word_1_721' title='bbox 1677 5581 1739 5618; x_wconf 84' lang='grc' dir='ltr'><strong>ιι-</strong></span> 
     </span>
     <span class='ocr_line' id='line_1_94' title="bbox 162 5635 1739 5720; baseline -0.017 -12"><span class='ocrx_word' id='word_1_722' title='bbox 162 5654 272 5719; x_wconf 83' lang='lat' dir='ltr'><strong>bri,</strong></span> <span class='ocrx_word' id='word_1_723' title='bbox 299 5663 460 5720; x_wconf 87' lang='lat' dir='ltr'><strong>quam</strong></span> <span class='ocrx_word' id='word_1_724' title='bbox 491 5642 710 5714; x_wconf 86' lang='lat' dir='ltr'><strong>quidam</strong></span> <span class='ocrx_word' id='word_1_725' title='bbox 742 5637 1064 5692; x_wconf 76' lang='lat' dir='ltr'><strong>recentiores</strong></span> <span class='ocrx_word' id='word_1_726' title='bbox 1087 5638 1154 5694; x_wconf 88' lang='lat' dir='ltr'><strong>ab</strong></span> <span class='ocrx_word' id='word_1_727' title='bbox 1184 5637 1434 5693; x_wconf 88' lang='lat' dir='ltr'><strong>hodierna</strong></span> <span class='ocrx_word' id='word_1_728' title='bbox 1452 5635 1739 5707; x_wconf 83' lang='lat' dir='ltr'><strong>parochiali</strong></span> 
     </span>
    </p>
   </div>
   <div class='ocr_carea' id='block_1_93' title="bbox 450 5730 1004 5800">
    <p class='ocr_par' dir='ltr' id='par_1_93' title="bbox 450 5730 1004 5800">
     <span class='ocr_line' id='line_1_95' title="bbox 450 5730 1004 5800; baseline -0.02 0"><span class='ocrx_word' id='word_1_729' title='bbox 450 5741 728 5800; x_wconf 77' lang='grc' dir='ltr'><strong>ΡΑτειοί..</strong></span> <span class='ocrx_word' id='word_1_730' title='bbox 779 5730 1004 5790; x_wconf 76' lang='lat' dir='ltr'><strong>LXXI.</strong></span> 
     </span>
    </p>
   </div>
   <div class='ocr_carea' id='block_1_94' title="bbox 1836 3141 3400 3213">
    <p class='ocr_par' dir='ltr' id='par_1_94' title="bbox 1836 3141 3400 3213">
     <span class='ocr_line' id='line_1_96' title="bbox 1836 3141 3400 3213; baseline -0.001 -10"><span class='ocrx_word' id='word_1_731' title='bbox 1836 3163 1934 3203; x_wconf 89' lang='lat' dir='ltr'><strong>nos</strong></span> <span class='ocrx_word' id='word_1_732' title='bbox 1961 3146 2218 3202; x_wconf 86' lang='lat' dir='ltr'><strong>secretius</strong></span> <span class='ocrx_word' id='word_1_733' title='bbox 2268 3142 2630 3198; x_wconf 78' lang='lat' dir='ltr'><strong>conferantur.</strong></span> <span class='ocrx_word' id='word_1_734' title='bbox 2683 3141 2782 3197; x_wconf 88' lang='lat' dir='ltr'><strong>Cui</strong></span> <span class='ocrx_word' id='word_1_735' title='bbox 2829 3143 2918 3199; x_wconf 89' lang='lat' dir='ltr'><strong>ille</strong></span> <span class='ocrx_word' id='word_1_736' title='bbox 2964 3161 2978 3196; x_wconf 90' lang='lat'><strong>:</strong></span> <span class='ocrx_word' id='word_1_737' title='bbox 3027 3143 3180 3213; x_wconf 83' lang='lat' dir='ltr'><strong>Veni,</strong></span> <span class='ocrx_word' id='word_1_738' title='bbox 3211 3146 3306 3212; x_wconf 92' lang='lat' dir='ltr'><strong>ait,</strong></span> <span class='ocrx_word' id='word_1_739' title='bbox 3332 3163 3400 3202; x_wconf 88' lang='lat' dir='ltr'><strong>ne</strong></span> 
     </span>
    </p>
   </div>
   <div class='ocr_carea' id='block_1_95' title="bbox 1835 3235 3400 3306">
    <p class='ocr_par' dir='ltr' id='par_1_95' title="bbox 1835 3235 3400 3306">
     <span class='ocr_line' id='line_1_97' title="bbox 1835 3235 3400 3306; baseline 0 -14"><span class='ocrx_word' id='word_1_740' title='bbox 1835 3237 2344 3306; x_wconf 79' lang='lat' dir='ltr'><strong>timeas.lngressus</strong></span> <span class='ocrx_word' id='word_1_741' title='bbox 2396 3248 2517 3289; x_wconf 90' lang='lat' dir='ltr'><strong>eum</strong></span> <span class='ocrx_word' id='word_1_742' title='bbox 2571 3246 2675 3288; x_wconf 86' lang='lat' dir='ltr'><strong>uno</strong></span> <span class='ocrx_word' id='word_1_743' title='bbox 2722 3235 3012 3290; x_wconf 83' lang='lat' dir='ltr'><strong>amicorum</strong></span> <span class='ocrx_word' id='word_1_744' title='bbox 3047 3249 3263 3291; x_wconf 87' lang='lat' dir='ltr'><strong>suorum</strong></span> <span class='ocrx_word' id='word_1_745' title='bbox 3344 3247 3400 3292; x_wconf 88' lang='lat' dir='ltr'><strong>ut</strong></span> 
     </span>
    </p>
   </div>
   <div class='ocr_carea' id='block_1_96' title="bbox 1836 3324 3398 3394">
    <p class='ocr_par' dir='ltr' id='par_1_96' title="bbox 1836 3324 3398 3394">
     <span class='ocr_line' id='line_1_98' title="bbox 1836 3324 3398 3394; baseline 0.002 -13"><span class='ocrx_word' id='word_1_746' title='bbox 1836 3336 1950 3381; x_wconf 86' lang='lat' dir='ltr'><strong>erat</strong></span> <span class='ocrx_word' id='word_1_747' title='bbox 1993 3327 2173 3381; x_wconf 73' lang='lat' dir='ltr'><strong>lorica:</strong></span> <span class='ocrx_word' id='word_1_748' title='bbox 2221 3324 2459 3393; x_wconf 86' lang='lat' dir='ltr'><strong>pondere</strong></span> <span class='ocrx_word' id='word_1_749' title='bbox 2497 3333 2827 3394; x_wconf 87' lang='lat' dir='ltr'><strong>aggravatus,</strong></span> <span class='ocrx_word' id='word_1_750' title='bbox 2862 3325 3004 3381; x_wconf 90' lang='lat' dir='ltr'><strong>illico</strong></span> <span class='ocrx_word' id='word_1_751' title='bbox 3056 3329 3256 3382; x_wconf 87' lang='lat' dir='ltr'><strong>amicus</strong></span> <span class='ocrx_word' id='word_1_752' title='bbox 3285 3328 3398 3393; x_wconf 91' lang='lat' dir='ltr'><strong>ille,</strong></span> 
     </span>
    </p>
   </div>
   <div class='ocr_carea' id='block_1_97' title="bbox 1835 3414 3395 3490">
    <p class='ocr_par' dir='ltr' id='par_1_97' title="bbox 1835 3414 3395 3490">
     <span class='ocr_line' id='line_1_99' title="bbox 1835 3414 3395 3490; baseline 0.002 -17"><span class='ocrx_word' id='word_1_753' title='bbox 1835 3430 1894 3473; x_wconf 90' lang='lat' dir='ltr'><strong>ut</strong></span> <span class='ocrx_word' id='word_1_754' title='bbox 1915 3419 2119 3473; x_wconf 82' lang='lat' dir='ltr'><strong>foveam</strong></span> <span class='ocrx_word' id='word_1_755' title='bbox 2148 3418 2319 3472; x_wconf 89' lang='lat' dir='ltr'><strong>amnis</strong></span> <span class='ocrx_word' id='word_1_756' title='bbox 2343 3414 2531 3485; x_wconf 90' lang='lat' dir='ltr'><strong>attigit,</strong></span> <span class='ocrx_word' id='word_1_757' title='bbox 2554 3416 2651 3471; x_wconf 91' lang='lat' dir='ltr'><strong>sub</strong></span> <span class='ocrx_word' id='word_1_758' title='bbox 2675 3419 2823 3486; x_wconf 86' lang='lat' dir='ltr'><strong>aquis</strong></span> <span class='ocrx_word' id='word_1_759' title='bbox 2839 3417 3115 3474; x_wconf 90' lang='lat' dir='ltr'><strong>demersus</strong></span> <span class='ocrx_word' id='word_1_760' title='bbox 3136 3436 3395 3490; x_wconf 90' lang='lat' dir='ltr'><strong>nusquam</strong></span> 
     </span>
    </p>
   </div>
   <div class='ocr_carea' id='block_1_98' title="bbox 1837 3508 3402 3578">
    <p class='ocr_par' dir='ltr' id='par_1_98' title="bbox 1837 3508 3402 3578">
     <span class='ocr_line' id='line_1_100' title="bbox 1837 3508 3402 3578; baseline 0.001 -13"><span class='ocrx_word' id='word_1_761' title='bbox 1837 3510 2155 3578; x_wconf 91' lang='lat' dir='ltr'><strong>comparuit.</strong></span> <span class='ocrx_word' id='word_1_762' title='bbox 2180 3508 2611 3563; x_wconf 70' lang='lat' dir='ltr'><strong>Guntcluamnhs</strong></span> <span class='ocrx_word' id='word_1_763' title='bbox 2657 3522 2786 3562; x_wconf 88' lang='lat' dir='ltr'><strong>vero</strong></span> <span class='ocrx_word' id='word_1_764' title='bbox 2833 3524 2952 3564; x_wconf 90' lang='lat' dir='ltr'><strong>cum</strong></span> <span class='ocrx_word' id='word_1_765' title='bbox 2997 3510 3402 3575; x_wconf 75' lang='lat' dir='ltr'><strong>demergeretur</strong></span> 
     </span>
    </p>
   </div>
   <div class='ocr_carea' id='block_1_99' title="bbox 1842 3601 3397 3670">
    <p class='ocr_par' dir='ltr' id='par_1_99' title="bbox 1842 3601 3397 3670">
     <span class='ocr_line' id='line_1_101' title="bbox 1842 3601 3397 3670; baseline -0.001 -12"><span class='ocrx_word' id='word_1_766' title='bbox 1842 3612 2002 3666; x_wconf 89' lang='lat' dir='ltr'><strong>atque</strong></span> <span class='ocrx_word' id='word_1_767' title='bbox 2024 3610 2326 3670; x_wconf 88' lang='lat' dir='ltr'><strong>portaretur</strong></span> <span class='ocrx_word' id='word_1_768' title='bbox 2351 3604 2417 3657; x_wconf 92' lang='lat' dir='ltr'><strong>ab</strong></span> <span class='ocrx_word' id='word_1_769' title='bbox 2448 3603 2586 3658; x_wconf 89' lang='lat' dir='ltr'><strong>unda</strong></span> <span class='ocrx_word' id='word_1_770' title='bbox 2611 3603 2801 3667; x_wconf 89' lang='lat' dir='ltr'><strong>veloci,</strong></span> <span class='ocrx_word' id='word_1_771' title='bbox 2834 3617 2966 3656; x_wconf 90' lang='lat' dir='ltr'><strong>unus</strong></span> <span class='ocrx_word' id='word_1_772' title='bbox 2992 3601 3058 3658; x_wconf 89' lang='lat' dir='ltr'><strong>de</strong></span> <span class='ocrx_word' id='word_1_773' title='bbox 3086 3605 3397 3669; x_wconf 87' lang='lat' dir='ltr'><strong>astantibus,</strong></span> 
     </span>
    </p>
   </div>
   <div class='ocr_carea' id='block_1_100' title="bbox 1839 3693 3404 3764">
    <p class='ocr_par' dir='ltr' id='par_1_100' title="bbox 1839 3693 3404 3764">
     <span class='ocr_line' id='line_1_102' title="bbox 1839 3693 3404 3764; baseline 0.002 -17"><span class='ocrx_word' id='word_1_774' title='bbox 1839 3703 2079 3764; x_wconf 89' lang='lat' dir='ltr'><strong>porrecta</strong></span> <span class='ocrx_word' id='word_1_775' title='bbox 2114 3694 2290 3746; x_wconf 91' lang='lat' dir='ltr'><strong>manui</strong></span> <span class='ocrx_word' id='word_1_776' title='bbox 2323 3693 2438 3763; x_wconf 90' lang='lat' dir='ltr'><strong>ejus</strong></span> <span class='ocrx_word' id='word_1_777' title='bbox 2467 3695 2638 3760; x_wconf 89' lang='lat' dir='ltr'><strong>hasta,</strong></span> <span class='ocrx_word' id='word_1_778' title='bbox 2662 3709 2782 3748; x_wconf 91' lang='lat' dir='ltr'><strong>eum</strong></span> <span class='ocrx_word' id='word_1_779' title='bbox 2833 3693 2997 3747; x_wconf 92' lang='lat' dir='ltr'><strong>littori</strong></span> <span class='ocrx_word' id='word_1_780' title='bbox 3052 3694 3301 3748; x_wconf 91' lang='lat' dir='ltr'><strong>reddidit.</strong></span> <span class='ocrx_word' id='word_1_781' title='bbox 3337 3695 3404 3750; x_wconf 89' lang='lat' dir='ltr'><strong>Et</strong></span> 
     </span>
    </p>
   </div>
   <div class='ocr_carea' id='block_1_101' title="bbox 1841 3783 3404 3853">
    <p class='ocr_par' dir='ltr' id='par_1_101' title="bbox 1841 3783 3404 3853">
     <span class='ocr_line' id='line_1_103' title="bbox 1841 3783 3404 3853; baseline -0.001 -13"><span class='ocrx_word' id='word_1_782' title='bbox 1841 3796 1964 3842; x_wconf 89' lang='lat' dir='ltr'><strong>tunc</strong></span> <span class='ocrx_word' id='word_1_783' title='bbox 1992 3783 2151 3840; x_wconf 89' lang='lat' dir='ltr'><strong>illatis</strong></span> <span class='ocrx_word' id='word_1_784' title='bbox 2170 3783 2267 3838; x_wconf 91' lang='lat' dir='ltr'><strong>sibi</strong></span> <span class='ocrx_word' id='word_1_785' title='bbox 2291 3784 2563 3846; x_wconf 87' lang='lat' dir='ltr'><strong>conviciis,</strong></span> <span class='ocrx_word' id='word_1_786' title='bbox 2591 3786 2702 3853; x_wconf 89' lang='lat' dir='ltr'><strong>ipse</strong></span> <span class='ocrx_word' id='word_1_787' title='bbox 2723 3793 2776 3838; x_wconf 90' lang='lat' dir='ltr'><strong>et</strong></span> <span class='ocrx_word' id='word_1_788' title='bbox 2805 3784 3120 3838; x_wconf 82' lang='lat' dir='ltr'><strong>Mummolus</strong></span> <span class='ocrx_word' id='word_1_789' title='bbox 3139 3784 3404 3840; x_wconf 90' lang='lat' dir='ltr'><strong>discesse-</strong></span> 
     </span>
    </p>
   </div>
   <div class='ocr_carea' id='block_1_102' title="bbox 1839 3875 3399 3945">
    <p class='ocr_par' dir='ltr' id='par_1_102' title="bbox 1839 3875 3399 3945">
     <span class='ocr_line' id='line_1_104' title="bbox 1839 3875 3399 3945; baseline 0.001 -14"><span class='ocrx_word' id='word_1_790' title='bbox 1839 3887 1982 3932; x_wconf 90' lang='lat' dir='ltr'><strong>runt.</strong></span> <span class='ocrx_word' id='word_1_791' title='bbox 2008 3875 2301 3930; x_wconf 89' lang='lat' dir='ltr'><strong>()bsidente</strong></span> <span class='ocrx_word' id='word_1_792' title='bbox 2325 3890 2534 3945; x_wconf 88' lang='lat' dir='ltr'><strong>quoque</strong></span> <span class='ocrx_word' id='word_1_793' title='bbox 2562 3875 2960 3930; x_wconf 88' lang='lat' dir='ltr'><strong>Guntchramno</strong></span> <span class='ocrx_word' id='word_1_794' title='bbox 3006 3876 3173 3944; x_wconf 90' lang='lat' dir='ltr'><strong>ipsam</strong></span> <span class='ocrx_word' id='word_1_795' title='bbox 3214 3877 3399 3932; x_wconf 90' lang='lat' dir='ltr'><strong>urbem</strong></span> 
     </span>
    </p>
   </div>
   <div class='ocr_carea' id='block_1_103' title="bbox 1841 3964 3406 4036">
    <p class='ocr_par' dir='ltr' id='par_1_103' title="bbox 1841 3964 3406 4036">
     <span class='ocr_line' id='line_1_105' title="bbox 1841 3964 3406 4036; baseline 0.001 -14"><span class='ocrx_word' id='word_1_796' title='bbox 1841 3982 1962 4023; x_wconf 89' lang='lat' dir='ltr'><strong>eum</strong></span> <span class='ocrx_word' id='word_1_797' title='bbox 2016 3967 2254 4020; x_wconf 68' lang='lat' dir='ltr'><strong>exercitu</strong></span> <span class='ocrx_word' id='word_1_798' title='bbox 2308 3965 2700 4022; x_wconf 87' lang='lat' dir='ltr'><strong>Guntchramni</strong></span> <span class='ocrx_word' id='word_1_799' title='bbox 2742 3964 2774 4003; x_wconf 72' lang='grc' dir='ltr'><strong>ιι</strong></span> <span class='ocrx_word' id='word_1_800' title='bbox 2825 3967 2988 4036; x_wconf 86' lang='lat' dir='ltr'><strong>regis,</strong></span> <span class='ocrx_word' id='word_1_801' title='bbox 3020 3971 3254 4023; x_wconf 90' lang='lat' dir='ltr'><strong>nuntiata</strong></span> <span class='ocrx_word' id='word_1_802' title='bbox 3282 3981 3406 4024; x_wconf 87' lang='lat' dir='ltr'><strong>sunt</strong></span> 
     </span>
    </p>
   </div>
   <div class='ocr_carea' id='block_1_104' title="bbox 1843 4057 3403 4124">
    <p class='ocr_par' dir='ltr' id='par_1_104' title="bbox 1843 4057 3403 4124">
     <span class='ocr_line' id='line_1_106' title="bbox 1843 4057 3403 4124; baseline -0.001 -9"><span class='ocrx_word' id='word_1_803' title='bbox 1843 4062 1957 4115; x_wconf 87' lang='lat' dir='ltr'><strong>haec</strong></span> <span class='ocrx_word' id='word_1_804' title='bbox 1981 4058 2341 4114; x_wconf 89' lang='lat' dir='ltr'><strong>Childeberto.</strong></span> <span class='ocrx_word' id='word_1_805' title='bbox 2373 4062 2442 4112; x_wconf 85' lang='lat' dir='ltr'><strong>At</strong></span> <span class='ocrx_word' id='word_1_806' title='bbox 2470 4057 2563 4114; x_wconf 89' lang='lat' dir='ltr'><strong>ille</strong></span> <span class='ocrx_word' id='word_1_807' title='bbox 2601 4061 2678 4114; x_wconf 91' lang='lat' dir='ltr'><strong>ira</strong></span> <span class='ocrx_word' id='word_1_808' title='bbox 2703 4067 3016 4124; x_wconf 85' lang='lat' dir='ltr'><strong>commotus,</strong></span> <span class='ocrx_word' id='word_1_809' title='bbox 3039 4072 3136 4114; x_wconf 92' lang='lat' dir='ltr'><strong>cur</strong></span> <span class='ocrx_word' id='word_1_810' title='bbox 3159 4057 3268 4114; x_wconf 69' lang='lat' dir='ltr'><strong>haec</strong></span> <span class='ocrx_word' id='word_1_811' title='bbox 3299 4075 3403 4115; x_wconf 91' lang='lat' dir='ltr'><strong>non</strong></span> 
     </span>
    </p>
   </div>
   <div class='ocr_carea' id='block_1_105' title="bbox 1836 4149 3402 4221">
    <p class='ocr_par' dir='ltr' id='par_1_105' title="bbox 1836 4149 3402 4221">
     <span class='ocr_line' id='line_1_107' title="bbox 1836 4149 3402 4221; baseline 0.001 -16"><span class='ocrx_word' id='word_1_812' title='bbox 1836 4150 2020 4221; x_wconf 88' lang='lat' dir='ltr'><strong>jussus</strong></span> <span class='ocrx_word' id='word_1_813' title='bbox 2042 4157 2244 4218; x_wconf 87' lang='lat' dir='ltr'><strong>ageret,</strong></span> <span class='ocrx_word' id='word_1_814' title='bbox 2270 4149 2589 4204; x_wconf 85' lang='lat' dir='ltr'><strong>Gundulfum</strong></span> <span class='ocrx_word' id='word_1_815' title='bbox 2634 4149 2877 4218; x_wconf 89' lang='lat' dir='ltr'><strong>superius</strong></span> <span class='ocrx_word' id='word_1_816' title='bbox 2907 4149 3055 4221; x_wconf 82' lang='lat' dir='ltr'><strong>(Cap.</strong></span> <span class='ocrx_word' id='word_1_817' title='bbox 3086 4150 3176 4221; x_wconf 81' lang='lat' dir='ltr'><strong>tl)</strong></span> <span class='ocrx_word' id='word_1_818' title='bbox 3205 4153 3402 4208; x_wconf 91' lang='lat' dir='ltr'><strong>dictum</strong></span> 
     </span>
    </p>
   </div>
   <div class='ocr_carea' id='block_1_106' title="bbox 1843 4239 3405 4309">
    <p class='ocr_par' dir='ltr' id='par_1_106' title="bbox 1843 4239 3405 4309">
     <span class='ocr_line' id='line_1_108' title="bbox 1843 4239 3405 4309; baseline 0 -11"><span class='ocrx_word' id='word_1_819' title='bbox 1843 4245 1967 4299; x_wconf 88' lang='lat' dir='ltr'><strong>illuc</strong></span> <span class='ocrx_word' id='word_1_820' title='bbox 1994 4244 2209 4298; x_wconf 83' lang='lat' dir='ltr'><strong>direxit.</strong></span> <span class='ocrx_word' id='word_1_821' title='bbox 2235 4241 2356 4309; x_wconf 83' lang='lat' dir='ltr'><strong>Qui,</strong></span> <span class='ocrx_word' id='word_1_822' title='bbox 2401 4250 2573 4297; x_wconf 88' lang='lat' dir='ltr'><strong>amota</strong></span> <span class='ocrx_word' id='word_1_823' title='bbox 2600 4239 2897 4306; x_wconf 89' lang='lat' dir='ltr'><strong>obsidione,</strong></span> <span class='ocrx_word' id='word_1_824' title='bbox 2927 4241 3270 4297; x_wconf 82' lang='lat' dir='ltr'><strong>Mummolum</strong></span> <span class='ocrx_word' id='word_1_825' title='bbox 3300 4245 3405 4298; x_wconf 84' lang='lat' dir='ltr'><strong>Ar-</strong></span> 
     </span>
    </p>
   </div>
   <div class='ocr_carea' id='block_1_107' title="bbox 1843 4371 3406 4447">
    <p class='ocr_par' dir='ltr' id='par_1_107' title="bbox 1843 4371 3406 4447">
     <span class='ocr_line' id='line_1_109' title="bbox 1843 4371 3406 4447; baseline 0.001 -15"><span class='ocrx_word' id='word_1_826' title='bbox 1843 4376 2068 4432; x_wconf 88' lang='lat' dir='ltr'><strong>eeclesia</strong></span> <span class='ocrx_word' id='word_1_827' title='bbox 2101 4371 2554 4447; x_wconf 78' lang='lat' dir='ltr'><strong>sanctiLaurentii</strong></span> <span class='ocrx_word' id='word_1_828' title='bbox 2583 4372 2746 4447; x_wconf 76' lang='lat' dir='ltr'><strong>gratis</strong></span> <span class='ocrx_word' id='word_1_829' title='bbox 2762 4371 3086 4447; x_wconf 70' lang='lat' dir='ltr'><strong>distinguere</strong></span> <span class='ocrx_word' id='word_1_830' title='bbox 3107 4374 3406 4447; x_wconf 77' lang='lat' dir='ltr'><strong>voluerunt,</strong></span> 
     </span>
    </p>
   </div>
   <div class='ocr_carea' id='block_1_108' title="bbox 1847 4443 3404 4514">
    <p class='ocr_par' dir='ltr' id='par_1_108' title="bbox 1847 4443 3404 4514">
     <span class='ocr_line' id='line_1_110' title="bbox 1847 4443 3404 4514; baseline 0.001 -14"><span class='ocrx_word' id='word_1_831' title='bbox 1847 4459 1901 4500; x_wconf 85' lang='grc' dir='ltr'><strong>ιιι</strong></span> <span class='ocrx_word' id='word_1_832' title='bbox 1932 4447 2129 4500; x_wconf 87' lang='lat' dir='ltr'><strong>invicte</strong></span> <span class='ocrx_word' id='word_1_833' title='bbox 2151 4443 2403 4514; x_wconf 88' lang='lat' dir='ltr'><strong>probatur</strong></span> <span class='ocrx_word' id='word_1_834' title='bbox 2435 4443 2552 4514; x_wconf 55' lang='lat' dir='ltr'><strong>lib.</strong></span> <span class='ocrx_word' id='word_1_835' title='bbox 2572 4443 2737 4514; x_wconf 82' lang='lat' dir='ltr'><strong>tv_de</strong></span> <span class='ocrx_word' id='word_1_836' title='bbox 2766 4458 2824 4496; x_wconf 90' lang='lat' dir='ltr'><strong>re</strong></span> <span class='ocrx_word' id='word_1_837' title='bbox 2858 4443 3225 4514; x_wconf 88' lang='lat' dir='ltr'><strong>Diplomatiea,</strong></span> <span class='ocrx_word' id='word_1_838' title='bbox 3256 4443 3404 4506; x_wconf 62' lang='lat' dir='ltr'><strong>num,</strong></span> 
     </span>
    </p>
   </div>
   <div class='ocr_carea' id='block_1_109' title="bbox 1848 4512 3408 4580">
    <p class='ocr_par' dir='ltr' id='par_1_109' title="bbox 1848 4512 3408 4580">
     <span class='ocr_line' id='line_1_111' title="bbox 1848 4512 3408 4580; baseline 0.001 -10"><span class='ocrx_word' id='word_1_839' title='bbox 1848 4517 1972 4580; x_wconf 79' lang='lat' dir='ltr'><strong>HO,</strong></span> <span class='ocrx_word' id='word_1_840' title='bbox 2003 4512 2260 4569; x_wconf 80' lang='lat' dir='ltr'><strong>adversus</strong></span> <span class='ocrx_word' id='word_1_841' title='bbox 2288 4528 2380 4568; x_wconf 92' lang='lat' dir='ltr'><strong>eos</strong></span> <span class='ocrx_word' id='word_1_842' title='bbox 2402 4514 2490 4580; x_wconf 92' lang='lat' dir='ltr'><strong>qui</strong></span> <span class='ocrx_word' id='word_1_843' title='bbox 2543 4512 2813 4565; x_wconf 89' lang='lat' dir='ltr'><strong>basilicam</strong></span> <span class='ocrx_word' id='word_1_844' title='bbox 2862 4513 3033 4567; x_wconf 87' lang='lat' dir='ltr'><strong>sancti</strong></span> <span class='ocrx_word' id='word_1_845' title='bbox 3077 4514 3344 4572; x_wconf 83' lang='lat' dir='ltr'><strong>Laurentii</strong></span> <span class='ocrx_word' id='word_1_846' title='bbox 3377 4537 3408 4577; x_wconf 82' lang='lat' dir='ltr'><strong>a</strong></span> 
     </span>
    </p>
   </div>
   <div class='ocr_carea' id='block_1_110' title="bbox 1849 4581 3408 4655">
    <p class='ocr_par' dir='ltr' id='par_1_110' title="bbox 1849 4581 3408 4655">
     <span class='ocr_line' id='line_1_112' title="bbox 1849 4581 3408 4655; baseline -0.006 -14"><span class='ocrx_word' id='word_1_847' title='bbox 1849 4587 2107 4655; x_wconf 89' lang='lat' dir='ltr'><strong>Gregorio</strong></span> <span class='ocrx_word' id='word_1_848' title='bbox 2138 4591 2483 4655; x_wconf 85' lang='lat' dir='ltr'><strong>memoratam</strong></span> <span class='ocrx_word' id='word_1_849' title='bbox 2507 4581 2775 4655; x_wconf 72' lang='lat' dir='ltr'><strong>exsutisse</strong></span> <span class='ocrx_word' id='word_1_850' title='bbox 2801 4590 2992 4655; x_wconf 69' lang='lat' dir='ltr'><strong>putant</strong></span> <span class='ocrx_word' id='word_1_851' title='bbox 3020 4597 3183 4652; x_wconf 88' lang='lat' dir='ltr'><strong>prope</strong></span> <span class='ocrx_word' id='word_1_852' title='bbox 3231 4588 3408 4642; x_wconf 90' lang='lat' dir='ltr'><strong>mino-</strong></span> 
     </span>
    </p>
   </div>
   <div class='ocr_carea' id='block_1_111' title="bbox 1849 4652 3411 4725">
    <p class='ocr_par' dir='ltr' id='par_1_111' title="bbox 1849 4652 3411 4725">
     <span class='ocr_line' id='line_1_113' title="bbox 1849 4652 3411 4725; baseline 0.002 -15"><span class='ocrx_word' id='word_1_853' title='bbox 1849 4652 2207 4725; x_wconf 50' lang='lat' dir='ltr'><strong>rem—pontem</strong></span> <span class='ocrx_word' id='word_1_854' title='bbox 2232 4654 2367 4708; x_wconf 89' lang='lat' dir='ltr'><strong>haud</strong></span> <span class='ocrx_word' id='word_1_855' title='bbox 2398 4653 2582 4722; x_wconf 89' lang='lat' dir='ltr'><strong>procul</strong></span> <span class='ocrx_word' id='word_1_856' title='bbox 2607 4667 2637 4705; x_wconf 89' lang='lat' dir='ltr'><strong>a</strong></span> <span class='ocrx_word' id='word_1_857' title='bbox 2662 4654 2922 4721; x_wconf 85' lang='lat' dir='ltr'><strong>Sequana.</strong></span> <span class='ocrx_word' id='word_1_858' title='bbox 2956 4652 3112 4708; x_wconf 88' lang='lat' dir='ltr'><strong>Certe</strong></span> <span class='ocrx_word' id='word_1_859' title='bbox 3142 4659 3243 4710; x_wconf 90' lang='lat' dir='ltr'><strong>etsi</strong></span> <span class='ocrx_word' id='word_1_860' title='bbox 3268 4660 3411 4713; x_wconf 90' lang='lat' dir='ltr'><strong>nulla</strong></span> 
     </span>
    </p>
   </div>
   <div class='ocr_carea' id='block_1_112' title="bbox 1851 4726 3411 4846">
    <p class='ocr_par' dir='ltr' id='par_1_112' title="bbox 1851 4726 3411 4846">
     <span class='ocr_line' id='line_1_114' title="bbox 1851 4726 3411 4795; baseline 0.002 -15"><span class='ocrx_word' id='word_1_861' title='bbox 1851 4727 1954 4780; x_wconf 89' lang='lat' dir='ltr'><strong>alia</strong></span> <span class='ocrx_word' id='word_1_862' title='bbox 2003 4726 2154 4778; x_wconf 84' lang='lat' dir='ltr'><strong>nobis</strong></span> <span class='ocrx_word' id='word_1_863' title='bbox 2186 4739 2248 4778; x_wconf 90' lang='lat' dir='ltr'><strong>su</strong></span> <span class='ocrx_word' id='word_1_864' title='bbox 2291 4731 2534 4795; x_wconf 87' lang='lat' dir='ltr'><strong>peterent</strong></span> <span class='ocrx_word' id='word_1_865' title='bbox 2577 4733 2886 4790; x_wconf 87' lang='lat' dir='ltr'><strong>argumenta</strong></span> <span class='ocrx_word' id='word_1_866' title='bbox 2965 4736 3132 4794; x_wconf 33' lang='lat' dir='ltr'><strong>rteter&#39;</strong></span> <span class='ocrx_word' id='word_1_867' title='bbox 3162 4727 3411 4794; x_wconf 90' lang='lat' dir='ltr'><strong>placitum</strong></span> 
     </span>
     <span class='ocr_line' id='line_1_115' title="bbox 1852 4739 3411 4846; baseline 0 0"><span class='ocrx_word' id='word_1_868' title='bbox 1852 4795 2177 4846; x_wconf 88' lang='lat' dir='ltr'><strong>Childeberti</strong></span> <span class='ocrx_word' id='word_1_869' title='bbox 2201 4741 2286 4846; x_wconf 55' lang='grc' dir='ltr'><strong>ιιιίῖ</strong></span> <span class='ocrx_word' id='word_1_870' title='bbox 2309 4796 2505 4846; x_wconf 88' lang='lat' dir='ltr'><strong>editum</strong></span> <span class='ocrx_word' id='word_1_871' title='bbox 2529 4793 2620 4846; x_wconf 91' lang='lat' dir='ltr'><strong>lib.</strong></span> <span class='ocrx_word' id='word_1_872' title='bbox 2651 4808 2702 4846; x_wconf 79' lang='lat' dir='ltr'><strong>vr</strong></span> <span class='ocrx_word' id='word_1_873' title='bbox 2747 4794 2814 4846; x_wconf 88' lang='lat' dir='ltr'><strong>de</strong></span> <span class='ocrx_word' id='word_1_874' title='bbox 2839 4809 2896 4846; x_wconf 91' lang='lat' dir='ltr'><strong>re</strong></span> <span class='ocrx_word' id='word_1_875' title='bbox 2922 4739 3231 4846; x_wconf 58' lang='lat' dir='ltr'><strong>Biolomatn</strong></span> <span class='ocrx_word' id='word_1_876' title='bbox 3262 4812 3411 4846; x_wconf 88' lang='lat' dir='ltr'><strong>num.</strong></span> 
     </span>
    </p>
   </div>
   <div class='ocr_carea' id='block_1_113' title="bbox 1852 4793 3411 4862">
    <p class='ocr_par' dir='ltr' id='par_1_113' title="bbox 1852 4793 3411 4862">
     <span class='ocr_line' id='line_1_116' title="bbox 1852 4793 3411 4862; baseline 0 -12"><span class='ocrx_word' id='word_1_877' title='bbox 1852 4795 2177 4850; x_wconf 90' lang='lat' dir='ltr'><strong>Childeberti</strong></span> <span class='ocrx_word' id='word_1_878' title='bbox 2201 4793 2505 4857; x_wconf 33' lang='lat' dir='ltr'><strong>lll,‘editum</strong></span> <span class='ocrx_word' id='word_1_879' title='bbox 2529 4793 2620 4847; x_wconf 91' lang='lat' dir='ltr'><strong>lib.</strong></span> <span class='ocrx_word' id='word_1_880' title='bbox 2651 4808 2702 4846; x_wconf 79' lang='lat' dir='ltr'><strong>vr</strong></span> <span class='ocrx_word' id='word_1_881' title='bbox 2747 4794 2814 4848; x_wconf 87' lang='lat' dir='ltr'><strong>de</strong></span> <span class='ocrx_word' id='word_1_882' title='bbox 2839 4809 2896 4848; x_wconf 89' lang='lat' dir='ltr'><strong>re</strong></span> <span class='ocrx_word' id='word_1_883' title='bbox 2922 4793 3231 4862; x_wconf 85' lang='lat' dir='ltr'><strong>Diplomat.,</strong></span> <span class='ocrx_word' id='word_1_884' title='bbox 3262 4812 3411 4851; x_wconf 90' lang='lat' dir='ltr'><strong>num.</strong></span> 
     </span>
    </p>
   </div>
   <div class='ocr_carea' id='block_1_114' title="bbox 1849 4863 3412 4934">
    <p class='ocr_par' dir='ltr' id='par_1_114' title="bbox 1849 4863 3412 4934">
     <span class='ocr_line' id='line_1_117' title="bbox 1849 4863 3412 4934; baseline 0.002 -14"><span class='ocrx_word' id='word_1_885' title='bbox 1849 4867 1943 4932; x_wconf 74' lang='lat'><strong>28,</strong></span> <span class='ocrx_word' id='word_1_886' title='bbox 1974 4865 2117 4920; x_wconf 90' lang='lat' dir='ltr'><strong>nulla</strong></span> <span class='ocrx_word' id='word_1_887' title='bbox 2145 4873 2452 4934; x_wconf 85' lang='lat' dir='ltr'><strong>superesset</strong></span> <span class='ocrx_word' id='word_1_888' title='bbox 2483 4865 2659 4934; x_wconf 81' lang='lat' dir='ltr'><strong>hacin</strong></span> <span class='ocrx_word' id='word_1_889' title='bbox 2701 4873 2759 4918; x_wconf 88' lang='lat' dir='ltr'><strong>r‘e</strong></span> <span class='ocrx_word' id='word_1_890' title='bbox 2799 4863 3119 4929; x_wconf 74' lang='lat' dir='ltr'><strong>difficultas;</strong></span> <span class='ocrx_word' id='word_1_891' title='bbox 3150 4865 3412 4934; x_wconf 87' lang='lat' dir='ltr'><strong>siquidem</strong></span> 
     </span>
    </p>
   </div>
   <div class='ocr_carea' id='block_1_115' title="bbox 1855 4933 3412 4991">
    <p class='ocr_par' dir='ltr' id='par_1_115' title="bbox 1855 4933 3412 4991">
     <span class='ocr_line' id='line_1_118' title="bbox 1855 4933 3412 4991; baseline 0.001 -2"><span class='ocrx_word' id='word_1_892' title='bbox 1855 4938 1926 4990; x_wconf 91' lang='lat' dir='ltr'><strong>ibi</strong></span> <span class='ocrx_word' id='word_1_893' title='bbox 1956 4936 2088 4989; x_wconf 90' lang='lat' dir='ltr'><strong>situs</strong></span> <span class='ocrx_word' id='word_1_894' title='bbox 2114 4933 2452 4988; x_wconf 88' lang='lat' dir='ltr'><strong>basilicarum</strong></span> <span class='ocrx_word' id='word_1_895' title='bbox 2494 4934 2550 4987; x_wconf 89' lang='lat' dir='ltr'><strong>S.</strong></span> <span class='ocrx_word' id='word_1_896' title='bbox 2585 4933 2853 4988; x_wconf 88' lang='lat' dir='ltr'><strong>Laurentii</strong></span> <span class='ocrx_word' id='word_1_897' title='bbox 2907 4942 2962 4987; x_wconf 90' lang='lat' dir='ltr'><strong>et</strong></span> <span class='ocrx_word' id='word_1_898' title='bbox 2989 4937 3155 4986; x_wconf 88' lang='lat' dir='ltr'><strong>sancti</strong></span> <span class='ocrx_word' id='word_1_899' title='bbox 3207 4933 3412 4991; x_wconf 87' lang='lat' dir='ltr'><strong>Martini</strong></span> 
     </span>
    </p>
   </div>
   <div class='ocr_carea' id='block_1_116' title="bbox 1853 5002 3412 5070">
    <p class='ocr_par' dir='ltr' id='par_1_116' title="bbox 1853 5002 3412 5070">
     <span class='ocr_line' id='line_1_119' title="bbox 1853 5002 3412 5070; baseline -0.001 -10"><span class='ocrx_word' id='word_1_900' title='bbox 1853 5005 2128 5061; x_wconf 89' lang='lat' dir='ltr'><strong>evidenter</strong></span> <span class='ocrx_word' id='word_1_901' title='bbox 2155 5004 2476 5058; x_wconf 84' lang='lat' dir='ltr'><strong>declaratur.</strong></span> <span class='ocrx_word' id='word_1_902' title='bbox 2507 5002 2644 5068; x_wconf 85' lang='lat' dir='ltr'><strong>Quin</strong></span> <span class='ocrx_word' id='word_1_903' title='bbox 2673 5013 2727 5057; x_wconf 88' lang='lat' dir='ltr'><strong>et</strong></span> <span class='ocrx_word' id='word_1_904' title='bbox 2765 5018 2886 5056; x_wconf 89' lang='lat' dir='ltr'><strong>cum</strong></span> <span class='ocrx_word' id='word_1_905' title='bbox 2916 5017 2982 5055; x_wconf 87' lang='lat' dir='ltr'><strong>ex</strong></span> <span class='ocrx_word' id='word_1_906' title='bbox 3029 5003 3216 5056; x_wconf 89' lang='lat' dir='ltr'><strong>eodem</strong></span> <span class='ocrx_word' id='word_1_907' title='bbox 3244 5005 3412 5070; x_wconf 85' lang='lat' dir='ltr'><strong>diplo-</strong></span> 
     </span>
    </p>
   </div>
   <div class='ocr_carea' id='block_1_117' title="bbox 1853 5072 3413 5138">
    <p class='ocr_par' dir='ltr' id='par_1_117' title="bbox 1853 5072 3413 5138">
     <span class='ocr_line' id='line_1_120' title="bbox 1853 5072 3413 5138; baseline 0 -8"><span class='ocrx_word' id='word_1_908' title='bbox 1853 5085 1995 5130; x_wconf 88' lang='lat' dir='ltr'><strong>mate</strong></span> <span class='ocrx_word' id='word_1_909' title='bbox 2015 5082 2227 5130; x_wconf 90' lang='lat' dir='ltr'><strong>constet</strong></span> <span class='ocrx_word' id='word_1_910' title='bbox 2258 5074 2532 5127; x_wconf 88' lang='lat' dir='ltr'><strong>basilicam</strong></span> <span class='ocrx_word' id='word_1_911' title='bbox 2554 5073 2722 5127; x_wconf 87' lang='lat' dir='ltr'><strong>sancti</strong></span> <span class='ocrx_word' id='word_1_912' title='bbox 2777 5072 3038 5138; x_wconf 90' lang='lat' dir='ltr'><strong>Dionysii,</strong></span> <span class='ocrx_word' id='word_1_913' title='bbox 3073 5073 3158 5125; x_wconf 91' lang='lat' dir='ltr'><strong>ubi</strong></span> <span class='ocrx_word' id='word_1_914' title='bbox 3204 5087 3413 5130; x_wconf 87' lang='lat' dir='ltr'><strong>sacrum</strong></span> 
     </span>
    </p>
   </div>
   <div class='ocr_carea' id='block_1_118' title="bbox 1853 5142 3414 5214">
    <p class='ocr_par' dir='ltr' id='par_1_118' title="bbox 1853 5142 3414 5214">
     <span class='ocr_line' id='line_1_121' title="bbox 1853 5142 3414 5214; baseline 0.001 -15"><span class='ocrx_word' id='word_1_915' title='bbox 1853 5145 1969 5214; x_wconf 85' lang='lat' dir='ltr'><strong>ejus</strong></span> <span class='ocrx_word' id='word_1_916' title='bbox 1996 5157 2190 5208; x_wconf 85' lang='lat' dir='ltr'><strong>corpus</strong></span> <span class='ocrx_word' id='word_1_917' title='bbox 2217 5143 2545 5210; x_wconf 85' lang='lat' dir='ltr'><strong>quiescebat,</strong></span> <span class='ocrx_word' id='word_1_918' title='bbox 2576 5152 2702 5214; x_wconf 74' lang='lat' dir='ltr'><strong>tunc</strong></span> <span class='ocrx_word' id='word_1_919' title='bbox 2731 5142 2985 5214; x_wconf 83' lang='lat' dir='ltr'><strong>temporis</strong></span> <span class='ocrx_word' id='word_1_920' title='bbox 3038 5143 3238 5214; x_wconf 12' lang='lat' dir='ltr'><strong>inrvico</strong></span> <span class='ocrx_word' id='word_1_921' title='bbox 3263 5156 3414 5202; x_wconf 79' lang='lat' dir='ltr'><strong>extra</strong></span> 
     </span>
    </p>
   </div>
   <div class='ocr_carea' id='block_1_119' title="bbox 1854 5210 3414 5277">
    <p class='ocr_par' dir='ltr' id='par_1_119' title="bbox 1854 5210 3414 5277">
     <span class='ocr_line' id='line_1_122' title="bbox 1854 5210 3414 5277; baseline -0.001 -9"><span class='ocrx_word' id='word_1_922' title='bbox 1854 5210 2041 5270; x_wconf 79' lang='lat' dir='ltr'><strong>urbem</strong></span> <span class='ocrx_word' id='word_1_923' title='bbox 2069 5213 2424 5268; x_wconf 86' lang='lat' dir='ltr'><strong>Parisiensem</strong></span> <span class='ocrx_word' id='word_1_924' title='bbox 2473 5211 2761 5272; x_wconf 87' lang='lat' dir='ltr'><strong>exstitisse,</strong></span> <span class='ocrx_word' id='word_1_925' title='bbox 2794 5210 2894 5263; x_wconf 86' lang='lat' dir='ltr'><strong>hoc</strong></span> <span class='ocrx_word' id='word_1_926' title='bbox 2940 5212 3054 5277; x_wconf 92' lang='lat' dir='ltr'><strong>ipso</strong></span> <span class='ocrx_word' id='word_1_927' title='bbox 3101 5213 3152 5266; x_wconf 91' lang='lat' dir='ltr'><strong>in</strong></span> <span class='ocrx_word' id='word_1_928' title='bbox 3182 5215 3297 5268; x_wconf 89' lang='lat' dir='ltr'><strong>loco</strong></span> <span class='ocrx_word' id='word_1_929' title='bbox 3324 5219 3414 5273; x_wconf 87' lang='lat' dir='ltr'><strong>ubi</strong></span> 
     </span>
    </p>
   </div>
   <div class='ocr_carea' id='block_1_120' title="bbox 1856 5279 3414 5352">
    <p class='ocr_par' dir='ltr' id='par_1_120' title="bbox 1856 5279 3414 5352">
     <span class='ocr_line' id='line_1_123' title="bbox 1856 5279 3414 5352; baseline 0.001 -13"><span class='ocrx_word' id='word_1_930' title='bbox 1856 5285 2016 5339; x_wconf 89' lang='lat' dir='ltr'><strong>etiam</strong></span> <span class='ocrx_word' id='word_1_931' title='bbox 2043 5299 2181 5338; x_wconf 88' lang='lat' dir='ltr'><strong>nunc</strong></span> <span class='ocrx_word' id='word_1_932' title='bbox 2212 5289 2430 5352; x_wconf 86' lang='lat' dir='ltr'><strong>perstat,</strong></span> <span class='ocrx_word' id='word_1_933' title='bbox 2471 5280 2611 5348; x_wconf 92' lang='lat' dir='ltr'><strong>quod</strong></span> <span class='ocrx_word' id='word_1_934' title='bbox 2640 5281 2800 5352; x_wconf 86' lang='lat' dir='ltr'><strong>aliqui</strong></span> <span class='ocrx_word' id='word_1_935' title='bbox 2830 5279 3151 5352; x_wconf 74' lang='lat' dir='ltr'><strong>recentiores</strong></span> <span class='ocrx_word' id='word_1_936' title='bbox 3178 5283 3414 5340; x_wconf 82' lang='lat' dir='ltr'><strong>inﬁcian-</strong></span> 
     </span>
    </p>
   </div>
   <div class='ocr_carea' id='block_1_121' title="bbox 1856 5350 3415 5423">
    <p class='ocr_par' dir='ltr' id='par_1_121' title="bbox 1856 5350 3415 5423">
     <span class='ocr_line' id='line_1_124' title="bbox 1856 5350 3415 5423; baseline 0.003 -15"><span class='ocrx_word' id='word_1_937' title='bbox 1856 5364 1960 5421; x_wconf 92' lang='lat' dir='ltr'><strong>tur,</strong></span> <span class='ocrx_word' id='word_1_938' title='bbox 1979 5355 2155 5423; x_wconf 89' lang='lat' dir='ltr'><strong>ipsum</strong></span> <span class='ocrx_word' id='word_1_939' title='bbox 2180 5350 2521 5423; x_wconf 80' lang='lat' dir='ltr'><strong>integrumex</strong></span> <span class='ocrx_word' id='word_1_940' title='bbox 2533 5359 2748 5421; x_wconf 88' lang='lat' dir='ltr'><strong>autogra</strong></span> <span class='ocrx_word' id='word_1_941' title='bbox 2755 5351 2859 5419; x_wconf 88' lang='lat' dir='ltr'><strong>pho</strong></span> <span class='ocrx_word' id='word_1_942' title='bbox 2883 5350 3200 5420; x_wconf 76' lang='lat' dir='ltr'><strong>Dionysiano</strong></span> <span class='ocrx_word' id='word_1_943' title='bbox 3214 5357 3415 5413; x_wconf 83' lang='lat' dir='ltr'><strong>referre</strong></span> 
     </span>
    </p>
   </div>
   <div class='ocr_carea' id='block_1_122' title="bbox 1851 5421 2567 5491">
    <p class='ocr_par' dir='ltr' id='par_1_122' title="bbox 1851 5421 2567 5491">
     <span class='ocr_line' id='line_1_125' title="bbox 1851 5421 2567 5491; baseline -0.003 -15"><span class='ocrx_word' id='word_1_944' title='bbox 1851 5421 2020 5478; x_wconf 87' lang='lat' dir='ltr'><strong>visum</strong></span> <span class='ocrx_word' id='word_1_945' title='bbox 2053 5433 2135 5479; x_wconf 89' lang='lat' dir='ltr'><strong>est</strong></span> <span class='ocrx_word' id='word_1_946' title='bbox 2164 5425 2215 5477; x_wconf 93' lang='lat' dir='ltr'><strong>in</strong></span> <span class='ocrx_word' id='word_1_947' title='bbox 2240 5421 2567 5491; x_wconf 83' lang='lat' dir='ltr'><strong>Appendice.</strong></span> 
     </span>
    </p>
   </div>
   <div class='ocr_carea' id='block_1_123' title="bbox 1924 5492 2698 5559">
    <p class='ocr_par' dir='ltr' id='par_1_123' title="bbox 1924 5492 2698 5559">
     <span class='ocr_line' id='line_1_126' title="bbox 1924 5492 2698 5559; baseline -0.005 -10"><span class='ocrx_word' id='word_1_948' title='bbox 1924 5506 1947 5542; x_wconf 75' lang='lat'><strong><em>8</em></strong></span> <span class='ocrx_word' id='word_1_949' title='bbox 1971 5494 2100 5549; x_wconf 89' lang='lat' dir='ltr'><strong>Cod.</strong></span> <span class='ocrx_word' id='word_1_950' title='bbox 2124 5494 2311 5559; x_wconf 87' lang='lat' dir='ltr'><strong>Corb.,</strong></span> <span class='ocrx_word' id='word_1_951' title='bbox 2338 5509 2401 5545; x_wconf 76' lang='lat' dir='ltr'><strong>ex</strong></span> <span class='ocrx_word' id='word_1_952' title='bbox 2426 5492 2519 5544; x_wconf 83' lang='lat' dir='ltr'><strong>hoc</strong></span> <span class='ocrx_word' id='word_1_953' title='bbox 2540 5492 2698 5545; x_wconf 79' lang='lat' dir='ltr'><strong>alveo.</strong></span> 
     </span>
    </p>
   </div>
   <div class='ocr_carea' id='block_1_124' title="bbox 1922 5558 3409 5634">
    <p class='ocr_par' dir='ltr' id='par_1_124' title="bbox 1922 5558 3409 5634">
     <span class='ocr_line' id='line_1_127' title="bbox 1922 5558 3409 5634; baseline -0.006 -15"><span class='ocrx_word' id='word_1_954' title='bbox 1922 5564 1950 5602; x_wconf 71' lang='grc' dir='ltr'><strong>ιι</strong></span> <span class='ocrx_word' id='word_1_955' title='bbox 1987 5566 2225 5620; x_wconf 88' lang='lat' dir='ltr'><strong>Valesius</strong></span> <span class='ocrx_word' id='word_1_956' title='bbox 2249 5558 2524 5634; x_wconf 74' lang='lat' dir='ltr'><strong>legendum</strong></span> <span class='ocrx_word' id='word_1_957' title='bbox 2553 5571 2734 5616; x_wconf 86' lang='lat' dir='ltr'><strong>censet</strong></span> <span class='ocrx_word' id='word_1_958' title='bbox 2753 5560 3074 5616; x_wconf 76' lang='lat' dir='ltr'><strong>Childeberti.</strong></span> <span class='ocrx_word' id='word_1_959' title='bbox 3105 5559 3172 5616; x_wconf 87' lang='lat' dir='ltr'><strong>Et</strong></span> <span class='ocrx_word' id='word_1_960' title='bbox 3197 5558 3409 5631; x_wconf 90' lang='lat' dir='ltr'><strong>quidem</strong></span> 
     </span>
    </p>
   </div>
   <div class='ocr_carea' id='block_1_125' title="bbox 1849 5634 3056 5702">
    <p class='ocr_par' dir='ltr' id='par_1_125' title="bbox 1849 5634 3056 5702">
     <span class='ocr_line' id='line_1_128' title="bbox 1849 5634 3056 5702; baseline -0.008 -9"><span class='ocrx_word' id='word_1_961' title='bbox 1849 5637 2077 5693; x_wconf 83' lang='lat' dir='ltr'><strong>Arverni</strong></span> <span class='ocrx_word' id='word_1_962' title='bbox 2103 5647 2156 5693; x_wconf 89' lang='lat' dir='ltr'><strong>et</strong></span> <span class='ocrx_word' id='word_1_963' title='bbox 2180 5636 2380 5692; x_wconf 77' lang='lat' dir='ltr'><strong>Vellavi</strong></span> <span class='ocrx_word' id='word_1_964' title='bbox 2410 5634 2748 5690; x_wconf 85' lang='lat' dir='ltr'><strong>Childeberto</strong></span> <span class='ocrx_word' id='word_1_965' title='bbox 2778 5635 3056 5702; x_wconf 74' lang='lat' dir='ltr'><strong>parebant.</strong></span> 
     </span>
    </p>
   </div>
   <div class='ocr_carea' id='block_1_126' title="bbox 2986 5727 3056 5784">
    <p class='ocr_par' dir='ltr' id='par_1_126' title="bbox 2986 5727 3056 5784">
     <span class='ocr_line' id='line_1_129' title="bbox 2986 5727 3056 5784; baseline -0.029 0"><span class='ocrx_word' id='word_1_966' title='bbox 2986 5727 3056 5784; x_wconf 81' lang='grc'><strong>13</strong></span> 
     </span>
    </p>
   </div>
  </div>
