  <div class='ocr_page' id='page_1' title='image "/cluster/home/n/w/nwhite01/storage/ocr_20150623/71/uva.x000827083/205.png"; bbox 0 0 3942 6190; ppageno 0'>
   <div class='ocr_carea' id='block_1_1' title="bbox 582 185 685 238">
    <p class='ocr_par' dir='ltr' id='par_1_1' title="bbox 582 185 685 238">
     <span class='ocr_line' id='line_1_1' title="bbox 582 185 685 238; baseline -0.039 0"><span class='ocrx_word' id='word_1_1' title='bbox 582 185 685 238; x_wconf 71' lang='grc' dir='ltr'><strong>51ιό</strong></span> 
     </span>
    </p>
   </div>
   <div class='ocr_carea' id='block_1_2' title="bbox 1565 174 2809 234">
    <p class='ocr_par' dir='ltr' id='par_1_2' title="bbox 1565 174 2809 234">
     <span class='ocr_line' id='line_1_2' title="bbox 1565 174 2809 234; baseline -0.002 0"><span class='ocrx_word' id='word_1_2' title='bbox 1565 178 1622 234; x_wconf 86' lang='lat' dir='ltr'><strong>S.</strong></span> <span class='ocrx_word' id='word_1_3' title='bbox 1666 177 1990 232; x_wconf 80' lang='lat' dir='ltr'><strong>GREGORII</strong></span> <span class='ocrx_word' id='word_1_4' title='bbox 2034 175 2334 230; x_wconf 72' lang='lat' dir='ltr'><strong>EPISCOI’I</strong></span> <span class='ocrx_word' id='word_1_5' title='bbox 2379 174 2809 233; x_wconf 78' lang='lat' dir='ltr'><strong>TURUNENSIS</strong></span> 
     </span>
    </p>
   </div>
   <div class='ocr_carea' id='block_1_3' title="bbox 3716 182 3809 238">
    <p class='ocr_par' dir='ltr' id='par_1_3' title="bbox 3716 182 3809 238">
     <span class='ocr_line' id='line_1_3' title="bbox 3716 182 3809 238; baseline -0.022 0"><span class='ocrx_word' id='word_1_6' title='bbox 3716 182 3809 238; x_wconf 55' lang='lat'><strong>396</strong></span> 
     </span>
    </p>
   </div>
   <div class='ocr_carea' id='block_1_4' title="bbox 587 289 3811 362">
    <p class='ocr_par' dir='ltr' id='par_1_4' title="bbox 587 289 3811 362">
     <span class='ocr_line' id='line_1_4' title="bbox 587 289 3811 362; baseline 0.001 -15"><span class='ocrx_word' id='word_1_7' title='bbox 587 297 751 351; x_wconf 30' lang='lat' dir='ltr'><strong>.‘ernis</strong></span> <span class='ocrx_word' id='word_1_8' title='bbox 771 293 984 347; x_wconf 79' lang='lat' dir='ltr'><strong>adduxit</strong></span> <span class='ocrx_word' id='word_1_9' title='bbox 1012 308 1028 349; x_wconf 73' lang='grc' dir='ltr'><strong><em>ε</em></strong></span> <span class='ocrx_word' id='word_1_10' title='bbox 1054 292 1146 347; x_wconf 87' lang='lat' dir='ltr'><strong>sed</strong></span> <span class='ocrx_word' id='word_1_11' title='bbox 1179 298 1297 361; x_wconf 89' lang='lat' dir='ltr'><strong>post</strong></span> <span class='ocrx_word' id='word_1_12' title='bbox 1325 305 1517 360; x_wconf 87' lang='lat' dir='ltr'><strong>paucos</strong></span> <span class='ocrx_word' id='word_1_13' title='bbox 1560 289 1675 343; x_wconf 88' lang='lat' dir='ltr'><strong>dies</strong></span> <span class='ocrx_word' id='word_1_14' title='bbox 1706 290 2029 343; x_wconf 78' lang='lat' dir='ltr'><strong>Avenionem</strong></span> <span class='ocrx_word' id='word_1_15' title='bbox 2060 305 2141 341; x_wconf 82' lang='lat' dir='ltr'><strong>re—</strong></span> <span class='ocrx_word' id='word_1_16' title='bbox 2172 294 2217 348; x_wconf 83' lang='grc' dir='ltr'><strong>Α</strong></span> <span class='ocrx_word' id='word_1_17' title='bbox 2252 289 2437 356; x_wconf 73' lang='lat' dir='ltr'><strong>puellm</strong></span> <span class='ocrx_word' id='word_1_18' title='bbox 2466 289 2683 343; x_wconf 77' lang='lat' dir='ltr'><strong>Michael</strong></span> <span class='ocrx_word' id='word_1_19' title='bbox 2727 290 2943 360; x_wconf 87' lang='lat' dir='ltr'><strong>angelus</strong></span> <span class='ocrx_word' id='word_1_20' title='bbox 2972 295 3226 360; x_wconf 92' lang='lat' dir='ltr'><strong>suscepit,</strong></span> <span class='ocrx_word' id='word_1_21' title='bbox 3253 303 3306 347; x_wconf 90' lang='lat' dir='ltr'><strong>et</strong></span> <span class='ocrx_word' id='word_1_22' title='bbox 3328 293 3443 362; x_wconf 90' lang='lat' dir='ltr'><strong>ipse</strong></span> <span class='ocrx_word' id='word_1_23' title='bbox 3470 309 3590 348; x_wconf 87' lang='lat' dir='ltr'><strong>eam</strong></span> <span class='ocrx_word' id='word_1_24' title='bbox 3621 296 3680 347; x_wconf 85' lang='lat' dir='ltr'><strong>ad</strong></span> <span class='ocrx_word' id='word_1_25' title='bbox 3710 312 3811 351; x_wconf 67' lang='lat' dir='ltr'><strong>tae-</strong></span> 
     </span>
    </p>
   </div>
   <div class='ocr_carea' id='block_1_5' title="bbox 584 398 923 459">
    <p class='ocr_par' dir='ltr' id='par_1_5' title="bbox 584 398 923 459">
     <span class='ocr_line' id='line_1_5' title="bbox 584 398 923 459; baseline -0.006 -16"><span class='ocrx_word' id='word_1_26' title='bbox 584 404 791 459; x_wconf 74' lang='lat' dir='ltr'><strong>;ressus</strong></span> <span class='ocrx_word' id='word_1_27' title='bbox 821 398 923 441; x_wconf 88' lang='lat' dir='ltr'><strong>est.</strong></span> 
     </span>
    </p>
   </div>
   <div class='ocr_carea' id='block_1_6' title="bbox 648 470 2146 547">
    <p class='ocr_par' dir='ltr' id='par_1_6' title="bbox 648 470 2146 547">
     <span class='ocr_line' id='line_1_6' title="bbox 648 470 2146 547; baseline -0.008 -13"><span class='ocrx_word' id='word_1_28' title='bbox 648 477 859 533; x_wconf 72' lang='lat' dir='ltr'><strong>XXVII.</strong></span> <span class='ocrx_word' id='word_1_29' title='bbox 890 476 1222 543; x_wconf 89' lang='lat' dir='ltr'><strong>Chilpericus</strong></span> <span class='ocrx_word' id='word_1_30' title='bbox 1248 491 1337 529; x_wconf 74' lang='lat' dir='ltr'><strong>rex</strong></span> <span class='ocrx_word' id='word_1_31' title='bbox 1369 476 1526 547; x_wconf 77' lang='lat'><strong>301</strong></span> <span class='ocrx_word' id='word_1_32' title='bbox 1558 475 1733 544; x_wconf 82' lang='lat' dir='ltr'><strong>pridie</strong></span> <span class='ocrx_word' id='word_1_33' title='bbox 1756 489 1911 539; x_wconf 87' lang='lat' dir='ltr'><strong>quam</strong></span> <span class='ocrx_word' id='word_1_34' title='bbox 1948 470 2146 526; x_wconf 83' lang='lat' dir='ltr'><strong>Pascha</strong></span> 
     </span>
    </p>
   </div>
   <div class='ocr_carea' id='block_1_7' title="bbox 584 563 2144 637">
    <p class='ocr_par' dir='ltr' id='par_1_7' title="bbox 584 563 2144 637">
     <span class='ocr_line' id='line_1_7' title="bbox 584 563 2144 637; baseline -0.008 -10"><span class='ocrx_word' id='word_1_35' title='bbox 584 572 957 637; x_wconf 81' lang='lat' dir='ltr'><strong>:elebraretur,</strong></span> <span class='ocrx_word' id='word_1_36' title='bbox 983 568 1212 623; x_wconf 75' lang='lat' dir='ltr'><strong>Parisios</strong></span> <span class='ocrx_word' id='word_1_37' title='bbox 1237 568 1386 621; x_wconf 88' lang='lat' dir='ltr'><strong>abiit.</strong></span> <span class='ocrx_word' id='word_1_38' title='bbox 1421 568 1485 621; x_wconf 86' lang='lat' dir='ltr'><strong>Et</strong></span> <span class='ocrx_word' id='word_1_39' title='bbox 1512 578 1569 619; x_wconf 92' lang='lat' dir='ltr'><strong>ut</strong></span> <span class='ocrx_word' id='word_1_40' title='bbox 1601 565 1905 628; x_wconf 84' lang='lat' dir='ltr'><strong>maledicto,</strong></span> <span class='ocrx_word' id='word_1_41' title='bbox 1929 563 2066 631; x_wconf 91' lang='lat' dir='ltr'><strong>quod</strong></span> <span class='ocrx_word' id='word_1_42' title='bbox 2094 564 2144 615; x_wconf 85' lang='lat' dir='ltr'><strong>in</strong></span> 
     </span>
    </p>
   </div>
   <div class='ocr_carea' id='block_1_8' title="bbox 577 656 2146 731">
    <p class='ocr_par' dir='ltr' id='par_1_8' title="bbox 577 656 2146 731">
     <span class='ocr_line' id='line_1_8' title="bbox 577 656 2146 731; baseline -0.006 -16"><span class='ocrx_word' id='word_1_43' title='bbox 577 662 818 731; x_wconf 78' lang='lat' dir='ltr'><strong>pactione</strong></span> <span class='ocrx_word' id='word_1_44' title='bbox 846 676 937 714; x_wconf 89' lang='lat' dir='ltr'><strong>sua</strong></span> <span class='ocrx_word' id='word_1_45' title='bbox 960 667 1013 714; x_wconf 92' lang='lat' dir='ltr'><strong>et</strong></span> <span class='ocrx_word' id='word_1_46' title='bbox 1042 658 1259 712; x_wconf 78' lang='lat' dir='ltr'><strong>fratrum</strong></span> <span class='ocrx_word' id='word_1_47' title='bbox 1289 672 1506 711; x_wconf 92' lang='lat' dir='ltr'><strong>suorum</strong></span> <span class='ocrx_word' id='word_1_48' title='bbox 1536 656 1895 724; x_wconf 91' lang='lat' dir='ltr'><strong>conscriptum</strong></span> <span class='ocrx_word' id='word_1_49' title='bbox 1924 662 2058 719; x_wconf 89' lang='lat' dir='ltr'><strong>erat,</strong></span> <span class='ocrx_word' id='word_1_50' title='bbox 2088 662 2146 706; x_wconf 89' lang='lat' dir='ltr'><strong>ut</strong></span> 
     </span>
    </p>
   </div>
   <div class='ocr_carea' id='block_1_9' title="bbox 573 746 2181 831">
    <p class='ocr_par' dir='ltr' id='par_1_9' title="bbox 573 746 2181 831">
     <span class='ocr_line' id='line_1_9' title="bbox 573 746 2181 831; baseline -0.007 -23"><span class='ocrx_word' id='word_1_51' title='bbox 573 754 750 809; x_wconf 90' lang='lat' dir='ltr'><strong>nullus</strong></span> <span class='ocrx_word' id='word_1_52' title='bbox 778 768 966 807; x_wconf 89' lang='lat' dir='ltr'><strong>eorum</strong></span> <span class='ocrx_word' id='word_1_53' title='bbox 996 751 1227 806; x_wconf 86' lang='lat' dir='ltr'><strong>Parisios</strong></span> <span class='ocrx_word' id='word_1_54' title='bbox 1258 751 1375 804; x_wconf 84' lang='lat' dir='ltr'><strong>sine</strong></span> <span class='ocrx_word' id='word_1_55' title='bbox 1420 750 1637 803; x_wconf 78' lang='lat' dir='ltr'><strong>alterius</strong></span> <span class='ocrx_word' id='word_1_56' title='bbox 1664 747 1931 800; x_wconf 80' lang='lat' dir='ltr'><strong>voluntate</strong></span> <span class='ocrx_word' id='word_1_57' title='bbox 1972 746 2146 812; x_wconf 85' lang='lat' dir='ltr'><strong>ingre-</strong></span> <span class='ocrx_word' id='word_1_58' title='bbox 2172 816 2181 831; x_wconf 35' lang='lat'><strong><em>2</em></strong></span> 
     </span>
    </p>
   </div>
   <div class='ocr_carea' id='block_1_10' title="bbox 574 835 2143 912">
    <p class='ocr_par' dir='ltr' id='par_1_10' title="bbox 574 835 2143 912">
     <span class='ocr_line' id='line_1_10' title="bbox 574 835 2143 912; baseline -0.008 -11"><span class='ocrx_word' id='word_1_59' title='bbox 574 848 790 902; x_wconf 89' lang='lat' dir='ltr'><strong>deretur</strong></span> <span class='ocrx_word' id='word_1_60' title='bbox 841 847 857 909; x_wconf 86' lang='lat'><strong>(</strong></span> <span class='ocrx_word' id='word_1_61' title='bbox 874 843 935 900; x_wconf 85' lang='lat' dir='ltr'><strong>V.</strong></span> <span class='ocrx_word' id='word_1_62' title='bbox 961 843 1049 900; x_wconf 87' lang='lat' dir='ltr'><strong>lib.</strong></span> <span class='ocrx_word' id='word_1_63' title='bbox 1074 858 1168 907; x_wconf 83' lang='lat' dir='ltr'><strong>vn,</strong></span> <span class='ocrx_word' id='word_1_64' title='bbox 1198 858 1245 895; x_wconf 88' lang='lat' dir='ltr'><strong>c.</strong></span> <span class='ocrx_word' id='word_1_65' title='bbox 1296 839 1375 912; x_wconf 87' lang='grc'><strong>6),</strong></span> <span class='ocrx_word' id='word_1_66' title='bbox 1424 855 1607 894; x_wconf 78' lang='lat' dir='ltr'><strong>carere</strong></span> <span class='ocrx_word' id='word_1_67' title='bbox 1658 849 1858 907; x_wconf 85' lang='lat' dir='ltr'><strong>posset,</strong></span> <span class='ocrx_word' id='word_1_68' title='bbox 1904 835 2143 904; x_wconf 89' lang='lat' dir='ltr'><strong>reliquiis</strong></span> 
     </span>
    </p>
   </div>
   <div class='ocr_carea' id='block_1_11' title="bbox 571 927 2144 1001">
    <p class='ocr_par' dir='ltr' id='par_1_11' title="bbox 571 927 2144 1001">
     <span class='ocr_line' id='line_1_11' title="bbox 571 927 2144 1001; baseline -0.01 -8"><span class='ocrx_word' id='word_1_69' title='bbox 571 948 873 994; x_wconf 88' lang='lat' dir='ltr'><strong>sanctorum</strong></span> <span class='ocrx_word' id='word_1_70' title='bbox 889 937 1177 989; x_wconf 89' lang='lat' dir='ltr'><strong>multorum</strong></span> <span class='ocrx_word' id='word_1_71' title='bbox 1199 930 1638 1001; x_wconf 70' lang='lat' dir='ltr'><strong>prmcedentibus,</strong></span> <span class='ocrx_word' id='word_1_72' title='bbox 1663 930 1848 982; x_wconf 82' lang='lat' dir='ltr'><strong>urbem</strong></span> <span class='ocrx_word' id='word_1_73' title='bbox 1873 927 2144 996; x_wconf 82' lang='lat' dir='ltr'><strong>ingressus</strong></span> 
     </span>
    </p>
   </div>
   <div class='ocr_carea' id='block_1_12' title="bbox 572 1019 2138 1100">
    <p class='ocr_par' dir='ltr' id='par_1_12' title="bbox 572 1019 2138 1100">
     <span class='ocr_line' id='line_1_12' title="bbox 572 1019 2138 1100; baseline -0.014 -12"><span class='ocrx_word' id='word_1_74' title='bbox 572 1041 695 1100; x_wconf 86' lang='lat' dir='ltr'><strong>est;</strong></span> <span class='ocrx_word' id='word_1_75' title='bbox 719 1032 940 1099; x_wconf 86' lang='lat' dir='ltr'><strong>diesque</strong></span> <span class='ocrx_word' id='word_1_76' title='bbox 962 1027 1181 1084; x_wconf 64' lang='lat' dir='ltr'><strong>Pascha:</strong></span> <span class='ocrx_word' id='word_1_77' title='bbox 1231 1040 1351 1078; x_wconf 90' lang='lat' dir='ltr'><strong>cum</strong></span> <span class='ocrx_word' id='word_1_78' title='bbox 1384 1022 1547 1077; x_wconf 91' lang='lat' dir='ltr'><strong>multa</strong></span> <span class='ocrx_word' id='word_1_79' title='bbox 1591 1019 1921 1090; x_wconf 89' lang='lat' dir='ltr'><strong>jocunditate</strong></span> <span class='ocrx_word' id='word_1_80' title='bbox 1952 1020 2138 1079; x_wconf 89' lang='lat' dir='ltr'><strong>tenuit,</strong></span> 
     </span>
    </p>
   </div>
   <div class='ocr_carea' id='block_1_13' title="bbox 573 1109 2143 1194">
    <p class='ocr_par' dir='ltr' id='par_1_13' title="bbox 573 1109 2143 1194">
     <span class='ocr_line' id='line_1_13' title="bbox 573 1109 2143 1194; baseline -0.017 -11"><span class='ocrx_word' id='word_1_81' title='bbox 573 1127 843 1194; x_wconf 85' lang='lat' dir='ltr'><strong>ﬁliumque</strong></span> <span class='ocrx_word' id='word_1_82' title='bbox 864 1135 1016 1175; x_wconf 91' lang='lat' dir='ltr'><strong>suum</strong></span> <span class='ocrx_word' id='word_1_83' title='bbox 1068 1116 1332 1184; x_wconf 90' lang='lat' dir='ltr'><strong>baptismo</strong></span> <span class='ocrx_word' id='word_1_84' title='bbox 1362 1113 1595 1173; x_wconf 88' lang='lat' dir='ltr'><strong>tradidit,</strong></span> <span class='ocrx_word' id='word_1_85' title='bbox 1637 1126 1792 1181; x_wconf 84' lang='lat' dir='ltr'><strong>quem</strong></span> <span class='ocrx_word' id='word_1_86' title='bbox 1841 1109 2143 1177; x_wconf 80' lang='lat' dir='ltr'><strong>Raguemo-</strong></span> 
     </span>
    </p>
   </div>
   <div class='ocr_carea' id='block_1_14' title="bbox 569 1202 2136 1286">
    <p class='ocr_par' dir='ltr' id='par_1_14' title="bbox 569 1202 2136 1286">
     <span class='ocr_line' id='line_1_14' title="bbox 569 1202 2136 1286; baseline -0.014 -12"><span class='ocrx_word' id='word_1_87' title='bbox 569 1220 667 1273; x_wconf 91' lang='lat' dir='ltr'><strong>dus</strong></span> <span class='ocrx_word' id='word_1_88' title='bbox 697 1216 861 1286; x_wconf 90' lang='lat' dir='ltr'><strong>ipsius</strong></span> <span class='ocrx_word' id='word_1_89' title='bbox 885 1212 1031 1267; x_wconf 87' lang='lat' dir='ltr'><strong>urbis</strong></span> <span class='ocrx_word' id='word_1_90' title='bbox 1061 1209 1309 1263; x_wconf 83' lang='lat' dir='ltr'><strong>sacerdos</strong></span> <span class='ocrx_word' id='word_1_91' title='bbox 1338 1207 1402 1260; x_wconf 91' lang='lat' dir='ltr'><strong>de</strong></span> <span class='ocrx_word' id='word_1_92' title='bbox 1429 1206 1637 1259; x_wconf 84' lang='lat' dir='ltr'><strong>lavacro</strong></span> <span class='ocrx_word' id='word_1_93' title='bbox 1668 1212 1854 1257; x_wconf 86' lang='lat' dir='ltr'><strong>sancte</strong></span> <span class='ocrx_word' id='word_1_94' title='bbox 1882 1202 2136 1269; x_wconf 87' lang='lat' dir='ltr'><strong>suscepit,</strong></span> 
     </span>
    </p>
   </div>
   <div class='ocr_carea' id='block_1_15' title="bbox 567 1296 1820 1379">
    <p class='ocr_par' dir='ltr' id='par_1_15' title="bbox 567 1296 1820 1379">
     <span class='ocr_line' id='line_1_15' title="bbox 567 1296 1820 1379; baseline -0.013 -15"><span class='ocrx_word' id='word_1_95' title='bbox 567 1312 845 1379; x_wconf 87' lang='lat' dir='ltr'><strong>ipsumque</strong></span> <span class='ocrx_word' id='word_1_96' title='bbox 885 1300 1274 1357; x_wconf 77' lang='lat' dir='ltr'><strong>Theodericum</strong></span> <span class='ocrx_word' id='word_1_97' title='bbox 1306 1298 1520 1350; x_wconf 86' lang='lat' dir='ltr'><strong>vocitari</strong></span> <span class='ocrx_word' id='word_1_98' title='bbox 1550 1296 1820 1363; x_wconf 63' lang='lat' dir='ltr'><strong>praecepit.</strong></span> 
     </span>
    </p>
   </div>
   <div class='ocr_carea' id='block_1_16' title="bbox 640 1381 2136 1457">
    <p class='ocr_par' dir='ltr' id='par_1_16' title="bbox 640 1381 2136 1457">
     <span class='ocr_line' id='line_1_16' title="bbox 640 1381 2136 1457; baseline -0.014 -6"><span class='ocrx_word' id='word_1_99' title='bbox 640 1393 873 1450; x_wconf 79' lang='lat' dir='ltr'><strong>XXVIII.</strong></span> <span class='ocrx_word' id='word_1_100' title='bbox 898 1392 1103 1445; x_wconf 76' lang='lat' dir='ltr'><strong>Marcus</strong></span> <span class='ocrx_word' id='word_1_101' title='bbox 1130 1401 1339 1457; x_wconf 89' lang='lat' dir='ltr'><strong>quoque</strong></span> <span class='ocrx_word' id='word_1_102' title='bbox 1362 1385 1771 1446; x_wconf 89' lang='lat' dir='ltr'><strong>referendarius,</strong></span> <span class='ocrx_word' id='word_1_103' title='bbox 1798 1381 1950 1450; x_wconf 86' lang='lat' dir='ltr'><strong>cujus</strong></span> <span class='ocrx_word' id='word_1_104' title='bbox 1975 1394 2136 1448; x_wconf 85' lang='lat' dir='ltr'><strong>supra</strong></span> 
     </span>
    </p>
   </div>
   <div class='ocr_carea' id='block_1_17' title="bbox 566 1472 2137 1555">
    <p class='ocr_par' dir='ltr' id='par_1_17' title="bbox 566 1472 2137 1555">
     <span class='ocr_line' id='line_1_17' title="bbox 566 1472 2137 1555; baseline -0.014 -9"><span class='ocrx_word' id='word_1_105' title='bbox 566 1489 909 1546; x_wconf 87' lang='lat' dir='ltr'><strong>meminimus</strong></span> <span class='ocrx_word' id='word_1_106' title='bbox 953 1482 1069 1555; x_wconf 87' lang='lat' dir='ltr'><strong>(lib.</strong></span> <span class='ocrx_word' id='word_1_107' title='bbox 1111 1497 1162 1543; x_wconf 91' lang='lat' dir='ltr'><strong>v,</strong></span> <span class='ocrx_word' id='word_1_108' title='bbox 1197 1497 1308 1549; x_wconf 83' lang='lat' dir='ltr'><strong>cap.</strong></span> <span class='ocrx_word' id='word_1_109' title='bbox 1343 1476 1458 1543; x_wconf 76' lang='lat'><strong>9.9),</strong></span> <span class='ocrx_word' id='word_1_110' title='bbox 1507 1486 1627 1545; x_wconf 81' lang='lat' dir='ltr'><strong>post</strong></span> <span class='ocrx_word' id='word_1_111' title='bbox 1672 1484 2019 1544; x_wconf 85' lang='lat' dir='ltr'><strong>congregatos</strong></span> <span class='ocrx_word' id='word_1_112' title='bbox 2070 1472 2137 1525; x_wconf 89' lang='lat' dir='ltr'><strong>de</strong></span> 
     </span>
    </p>
   </div>
   <div class='ocr_carea' id='block_1_18' title="bbox 565 1564 2136 1649">
    <p class='ocr_par' dir='ltr' id='par_1_18' title="bbox 565 1564 2136 1649">
     <span class='ocr_line' id='line_1_18' title="bbox 565 1564 2136 1649; baseline -0.012 -15"><span class='ocrx_word' id='word_1_113' title='bbox 565 1580 759 1649; x_wconf 87' lang='lat' dir='ltr'><strong>iniquis</strong></span> <span class='ocrx_word' id='word_1_114' title='bbox 803 1571 1250 1641; x_wconf 85' lang='lat' dir='ltr'><strong>descriptionibus</strong></span> <span class='ocrx_word' id='word_1_115' title='bbox 1292 1568 1567 1621; x_wconf 81' lang='lat' dir='ltr'><strong>thesauros</strong></span> <span class='ocrx_word' id='word_1_116' title='bbox 1588 1607 1603 1631; x_wconf 95' lang='lat'><strong>,</strong></span> <span class='ocrx_word' id='word_1_117' title='bbox 1627 1565 1803 1618; x_wconf 86' lang='lat' dir='ltr'><strong>subito</strong></span> <span class='ocrx_word' id='word_1_118' title='bbox 1829 1564 2011 1619; x_wconf 89' lang='lat' dir='ltr'><strong>lateris</strong></span> <span class='ocrx_word' id='word_1_119' title='bbox 2041 1566 2136 1617; x_wconf 88' lang='lat' dir='ltr'><strong>do-</strong></span> 
     </span>
    </p>
   </div>
   <div class='ocr_carea' id='block_1_19' title="bbox 2254 381 3811 456">
    <p class='ocr_par' dir='ltr' id='par_1_19' title="bbox 2254 381 3811 456">
     <span class='ocr_line' id='line_1_19' title="bbox 2254 381 3811 456; baseline 0.007 -23"><span class='ocrx_word' id='word_1_120' title='bbox 2254 381 2332 433; x_wconf 91' lang='lat' dir='ltr'><strong>los</strong></span> <span class='ocrx_word' id='word_1_121' title='bbox 2361 382 2559 435; x_wconf 88' lang='lat' dir='ltr'><strong>evehit.</strong></span> <span class='ocrx_word' id='word_1_122' title='bbox 2594 382 2845 452; x_wconf 83' lang='lat' dir='ltr'><strong>Princeps</strong></span> <span class='ocrx_word' id='word_1_123' title='bbox 2873 400 2997 437; x_wconf 89' lang='lat' dir='ltr'><strong>vero</strong></span> <span class='ocrx_word' id='word_1_124' title='bbox 3026 396 3227 449; x_wconf 85' lang='lat' dir='ltr'><strong>noster,</strong></span> <span class='ocrx_word' id='word_1_125' title='bbox 3254 402 3411 456; x_wconf 83' lang='lat' dir='ltr'><strong>quem</strong></span> <span class='ocrx_word' id='word_1_126' title='bbox 3444 403 3537 441; x_wconf 90' lang='lat' dir='ltr'><strong>vos</strong></span> <span class='ocrx_word' id='word_1_127' title='bbox 3559 386 3811 445; x_wconf 81' lang='lat' dir='ltr'><strong>diabolum</strong></span> 
     </span>
    </p>
   </div>
   <div class='ocr_carea' id='block_1_20' title="bbox 2250 474 3812 548">
    <p class='ocr_par' dir='ltr' id='par_1_20' title="bbox 2250 474 3812 548">
     <span class='ocr_line' id='line_1_20' title="bbox 2250 474 3812 548; baseline 0.007 -24"><span class='ocrx_word' id='word_1_128' title='bbox 2250 474 2535 527; x_wconf 86' lang='lat' dir='ltr'><strong>nominatis</strong></span> <span class='ocrx_word' id='word_1_129' title='bbox 2579 474 2708 527; x_wconf 86' lang='lat' dir='ltr'><strong>nihil</strong></span> <span class='ocrx_word' id='word_1_130' title='bbox 2743 475 2792 526; x_wconf 91' lang='lat' dir='ltr'><strong>in</strong></span> <span class='ocrx_word' id='word_1_131' title='bbox 2823 490 2885 529; x_wconf 92' lang='lat' dir='ltr'><strong>ea</strong></span> <span class='ocrx_word' id='word_1_132' title='bbox 2932 476 3298 545; x_wconf 87' lang='lat' dir='ltr'><strong>participatur.</strong></span> <span class='ocrx_word' id='word_1_133' title='bbox 3327 478 3447 530; x_wconf 86' lang='lat' dir='ltr'><strong>Post</strong></span> <span class='ocrx_word' id='word_1_134' title='bbox 3475 479 3590 534; x_wconf 81' lang='lat' dir='ltr'><strong>haec</strong></span> <span class='ocrx_word' id='word_1_135' title='bbox 3628 494 3812 548; x_wconf 71' lang='lat' dir='ltr'><strong>corpus</strong></span> 
     </span>
    </p>
   </div>
   <div class='ocr_carea' id='block_1_21' title="bbox 2247 562 3814 640">
    <p class='ocr_par' dir='ltr' id='par_1_21' title="bbox 2247 562 3814 640">
     <span class='ocr_line' id='line_1_21' title="bbox 2247 562 3814 640; baseline 0.006 -24"><span class='ocrx_word' id='word_1_136' title='bbox 2247 562 2397 631; x_wconf 83' lang='lat' dir='ltr'><strong>aquis</strong></span> <span class='ocrx_word' id='word_1_137' title='bbox 2450 565 2685 618; x_wconf 84' lang='lat' dir='ltr'><strong>ablutum</strong></span> <span class='ocrx_word' id='word_1_138' title='bbox 2718 566 2788 619; x_wconf 86' lang='lat' dir='ltr'><strong>ita</strong></span> <span class='ocrx_word' id='word_1_139' title='bbox 2832 565 2859 601; x_wconf 69' lang='grc' dir='ltr'><strong><em>ἀ</em></strong></span> <span class='ocrx_word' id='word_1_140' title='bbox 2901 568 3135 622; x_wconf 85' lang='lat' dir='ltr'><strong>candore</strong></span> <span class='ocrx_word' id='word_1_141' title='bbox 3190 569 3346 623; x_wconf 90' lang='lat' dir='ltr'><strong>niveo</strong></span> <span class='ocrx_word' id='word_1_142' title='bbox 3400 570 3711 640; x_wconf 84' lang='lat' dir='ltr'><strong>refulgebat.</strong></span> <span class='ocrx_word' id='word_1_143' title='bbox 3773 583 3814 626; x_wconf 74' lang='lat' dir='ltr'><strong>it</strong></span> 
     </span>
    </p>
   </div>
   <div class='ocr_carea' id='block_1_22' title="bbox 2250 657 3809 731">
    <p class='ocr_par' dir='ltr' id='par_1_22' title="bbox 2250 657 3809 731">
     <span class='ocr_line' id='line_1_22' title="bbox 2250 657 3809 731; baseline 0.005 -23"><span class='ocrx_word' id='word_1_144' title='bbox 2250 657 2453 711; x_wconf 92' lang='lat' dir='ltr'><strong>nullum</strong></span> <span class='ocrx_word' id='word_1_145' title='bbox 2526 658 2745 712; x_wconf 91' lang='lat' dir='ltr'><strong>linteum</strong></span> <span class='ocrx_word' id='word_1_146' title='bbox 2826 662 3061 728; x_wconf 89' lang='lat' dir='ltr'><strong>reperire</strong></span> <span class='ocrx_word' id='word_1_147' title='bbox 3124 662 3390 717; x_wconf 87' lang='lat' dir='ltr'><strong>abbatissa</strong></span> <span class='ocrx_word' id='word_1_148' title='bbox 3469 663 3721 731; x_wconf 85' lang='lat' dir='ltr'><strong>potuisset</strong></span> <span class='ocrx_word' id='word_1_149' title='bbox 3764 666 3809 718; x_wconf 91' lang='lat' dir='ltr'><strong>in</strong></span> 
     </span>
    </p>
   </div>
   <div class='ocr_carea' id='block_1_23' title="bbox 2252 750 3808 819">
    <p class='ocr_par' dir='ltr' id='par_1_23' title="bbox 2252 750 3808 819">
     <span class='ocr_line' id='line_1_23' title="bbox 2252 750 3808 819; baseline 0.004 -19"><span class='ocrx_word' id='word_1_150' title='bbox 2252 758 2519 817; x_wconf 86' lang='lat' dir='ltr'><strong>promptu,</strong></span> <span class='ocrx_word' id='word_1_151' title='bbox 2545 750 2682 817; x_wconf 89' lang='lat' dir='ltr'><strong>quod</strong></span> <span class='ocrx_word' id='word_1_152' title='bbox 2713 763 2936 817; x_wconf 77' lang='lat' dir='ltr'><strong>corpore</strong></span> <span class='ocrx_word' id='word_1_153' title='bbox 2958 750 3235 804; x_wconf 87' lang='lat' dir='ltr'><strong>candidius</strong></span> <span class='ocrx_word' id='word_1_154' title='bbox 3262 761 3575 806; x_wconf 76' lang='lat' dir='ltr'><strong>et-rneretur</strong></span> <span class='ocrx_word' id='word_1_155' title='bbox 3597 796 3612 819; x_wconf 91' lang='lat'><strong>,</strong></span> <span class='ocrx_word' id='word_1_156' title='bbox 3638 754 3808 807; x_wconf 85' lang='lat' dir='ltr'><strong>induta</strong></span> 
     </span>
    </p>
   </div>
   <div class='ocr_carea' id='block_1_24' title="bbox 2248 841 3808 911">
    <p class='ocr_par' dir='ltr' id='par_1_24' title="bbox 2248 841 3808 911">
     <span class='ocr_line' id='line_1_24' title="bbox 2248 841 3808 911; baseline 0.006 -19"><span class='ocrx_word' id='word_1_157' title='bbox 2248 850 2419 893; x_wconf 77' lang='lat' dir='ltr'><strong>tamen</strong></span> <span class='ocrx_word' id='word_1_158' title='bbox 2443 841 2620 895; x_wconf 88' lang='lat' dir='ltr'><strong>linteis</strong></span> <span class='ocrx_word' id='word_1_159' title='bbox 2652 842 2883 907; x_wconf 87' lang='lat' dir='ltr'><strong>mundis,</strong></span> <span class='ocrx_word' id='word_1_160' title='bbox 2911 844 3197 911; x_wconf 63' lang='lat' dir='ltr'><strong>sepultura:</strong></span> <span class='ocrx_word' id='word_1_161' title='bbox 3238 848 3483 899; x_wconf 88' lang='lat' dir='ltr'><strong>mandata</strong></span> <span class='ocrx_word' id='word_1_162' title='bbox 3534 859 3635 902; x_wconf 89' lang='lat' dir='ltr'><strong>est.</strong></span> <span class='ocrx_word' id='word_1_163' title='bbox 3687 848 3808 901; x_wconf 82' lang='lat' dir='ltr'><strong>Nam</strong></span> 
     </span>
    </p>
   </div>
   <div class='ocr_carea' id='block_1_25' title="bbox 2244 932 3809 1006">
    <p class='ocr_par' dir='ltr' id='par_1_25' title="bbox 2244 932 3809 1006">
     <span class='ocr_line' id='line_1_25' title="bbox 2244 932 3809 1006; baseline 0.007 -24"><span class='ocrx_word' id='word_1_164' title='bbox 2244 941 2297 983; x_wconf 88' lang='lat' dir='ltr'><strong>et</strong></span> <span class='ocrx_word' id='word_1_165' title='bbox 2351 932 2453 983; x_wconf 92' lang='lat' dir='ltr'><strong>alia</strong></span> <span class='ocrx_word' id='word_1_166' title='bbox 2492 932 2664 1001; x_wconf 84' lang='lat' dir='ltr'><strong>puella</strong></span> <span class='ocrx_word' id='word_1_167' title='bbox 2698 932 2856 1002; x_wconf 91' lang='lat' dir='ltr'><strong>hujus</strong></span> <span class='ocrx_word' id='word_1_168' title='bbox 2904 934 3211 989; x_wconf 87' lang='lat' dir='ltr'><strong>mooasterii</strong></span> <span class='ocrx_word' id='word_1_169' title='bbox 3259 938 3427 989; x_wconf 79' lang='lat' dir='ltr'><strong>visum</strong></span> <span class='ocrx_word' id='word_1_170' title='bbox 3459 938 3633 1003; x_wconf 90' lang='lat' dir='ltr'><strong>vidit,</strong></span> <span class='ocrx_word' id='word_1_171' title='bbox 3678 938 3809 1006; x_wconf 90' lang='lat' dir='ltr'><strong>quod</strong></span> 
     </span>
    </p>
   </div>
   <div class='ocr_carea' id='block_1_26' title="bbox 2241 1014 3809 1096">
    <p class='ocr_par' dir='ltr' id='par_1_26' title="bbox 2241 1014 3809 1096">
     <span class='ocr_line' id='line_1_26' title="bbox 2241 1014 3809 1096; baseline 0.006 -24"><span class='ocrx_word' id='word_1_172' title='bbox 2241 1020 2510 1074; x_wconf 76' lang='lat' dir='ltr'><strong>Sororibus</strong></span> <span class='ocrx_word' id='word_1_173' title='bbox 2543 1014 2743 1075; x_wconf 65' lang='lat' dir='ltr'><strong>retulitl</strong></span> <span class='ocrx_word' id='word_1_174' title='bbox 2798 1022 3039 1087; x_wconf 83' lang='lat' dir='ltr'><strong>Putabat,</strong></span> <span class='ocrx_word' id='word_1_175' title='bbox 3088 1024 3300 1093; x_wconf 90' lang='lat' dir='ltr'><strong>inquit,</strong></span> <span class='ocrx_word' id='word_1_176' title='bbox 3345 1041 3403 1079; x_wconf 92' lang='lat' dir='ltr'><strong>se</strong></span> <span class='ocrx_word' id='word_1_177' title='bbox 3453 1026 3559 1080; x_wconf 88' lang='lat' dir='ltr'><strong>iter</strong></span> <span class='ocrx_word' id='word_1_178' title='bbox 3607 1028 3809 1096; x_wconf 87' lang='lat' dir='ltr'><strong>aliquod</strong></span> 
     </span>
    </p>
   </div>
   <div class='ocr_carea' id='block_1_27' title="bbox 2242 1110 3808 1185">
    <p class='ocr_par' dir='ltr' id='par_1_27' title="bbox 2242 1110 3808 1185">
     <span class='ocr_line' id='line_1_27' title="bbox 2242 1110 3808 1185; baseline 0.006 -24"><span class='ocrx_word' id='word_1_179' title='bbox 2242 1110 2505 1165; x_wconf 80' lang='lat' dir='ltr'><strong>conficere</strong></span> <span class='ocrx_word' id='word_1_180' title='bbox 2527 1151 2541 1174; x_wconf 96' lang='lat'><strong>,</strong></span> <span class='ocrx_word' id='word_1_181' title='bbox 2574 1121 2627 1165; x_wconf 89' lang='lat' dir='ltr'><strong>et</strong></span> <span class='ocrx_word' id='word_1_182' title='bbox 2650 1121 2766 1165; x_wconf 85' lang='lat' dir='ltr'><strong>erat</strong></span> <span class='ocrx_word' id='word_1_183' title='bbox 2790 1113 2837 1165; x_wconf 92' lang='lat' dir='ltr'><strong>ei</strong></span> <span class='ocrx_word' id='word_1_184' title='bbox 2872 1124 3048 1166; x_wconf 78' lang='lat' dir='ltr'><strong>vntum</strong></span> <span class='ocrx_word' id='word_1_185' title='bbox 3081 1124 3138 1167; x_wconf 91' lang='lat' dir='ltr'><strong>ut</strong></span> <span class='ocrx_word' id='word_1_186' title='bbox 3168 1120 3233 1168; x_wconf 88' lang='lat' dir='ltr'><strong>ad</strong></span> <span class='ocrx_word' id='word_1_187' title='bbox 3268 1116 3464 1171; x_wconf 89' lang='lat' dir='ltr'><strong>fontem</strong></span> <span class='ocrx_word' id='word_1_188' title='bbox 3498 1118 3674 1172; x_wconf 84' lang='lat' dir='ltr'><strong>vivum</strong></span> <span class='ocrx_word' id='word_1_189' title='bbox 3696 1134 3808 1185; x_wconf 81' lang='lat' dir='ltr'><strong>gra-</strong></span> 
     </span>
    </p>
   </div>
   <div class='ocr_carea' id='block_1_28' title="bbox 2240 1199 3807 1277">
    <p class='ocr_par' dir='ltr' id='par_1_28' title="bbox 2240 1199 3807 1277">
     <span class='ocr_line' id='line_1_28' title="bbox 2240 1199 3807 1277; baseline 0.007 -26"><span class='ocrx_word' id='word_1_190' title='bbox 2240 1199 2389 1252; x_wconf 91' lang='lat' dir='ltr'><strong>diens</strong></span> <span class='ocrx_word' id='word_1_191' title='bbox 2419 1202 2749 1267; x_wconf 81' lang='lat' dir='ltr'><strong>perveniret.</strong></span> <span class='ocrx_word' id='word_1_192' title='bbox 2785 1202 3021 1272; x_wconf 80' lang='lat' dir='ltr'><strong>Cumque</strong></span> <span class='ocrx_word' id='word_1_193' title='bbox 3050 1205 3185 1257; x_wconf 84' lang='lat' dir='ltr'><strong>viam</strong></span> <span class='ocrx_word' id='word_1_194' title='bbox 3211 1209 3462 1272; x_wconf 90' lang='lat' dir='ltr'><strong>nesciret,</strong></span> <span class='ocrx_word' id='word_1_195' title='bbox 3496 1210 3579 1261; x_wconf 88' lang='lat' dir='ltr'><strong>vir</strong></span> <span class='ocrx_word' id='word_1_196' title='bbox 3610 1211 3807 1277; x_wconf 88' lang='lat' dir='ltr'><strong>quidam</strong></span> 
     </span>
    </p>
   </div>
   <div class='ocr_carea' id='block_1_29' title="bbox 2240 1291 3805 1366">
    <p class='ocr_par' dir='ltr' id='par_1_29' title="bbox 2240 1291 3805 1366">
     <span class='ocr_line' id='line_1_29' title="bbox 2240 1291 3805 1366; baseline 0.008 -23"><span class='ocrx_word' id='word_1_197' title='bbox 2240 1306 2298 1345; x_wconf 92' lang='lat' dir='ltr'><strong>se</strong></span> <span class='ocrx_word' id='word_1_198' title='bbox 2326 1291 2537 1345; x_wconf 86' lang='lat' dir='ltr'><strong>obviam</strong></span> <span class='ocrx_word' id='word_1_199' title='bbox 2567 1295 2774 1357; x_wconf 88' lang='lat' dir='ltr'><strong>obtulit,</strong></span> <span class='ocrx_word' id='word_1_200' title='bbox 2804 1295 2987 1349; x_wconf 89' lang='lat' dir='ltr'><strong>dicens</strong></span> <span class='ocrx_word' id='word_1_201' title='bbox 3015 1312 3028 1347; x_wconf 93' lang='lat'><strong>:</strong></span> <span class='ocrx_word' id='word_1_202' title='bbox 3061 1298 3113 1350; x_wconf 88' lang='lat' dir='ltr'><strong>Si</strong></span> <span class='ocrx_word' id='word_1_203' title='bbox 3142 1338 3156 1361; x_wconf 93' lang='lat'><strong>,</strong></span> <span class='ocrx_word' id='word_1_204' title='bbox 3182 1299 3385 1366; x_wconf 92' lang='lat' dir='ltr'><strong>inquit,</strong></span> <span class='ocrx_word' id='word_1_205' title='bbox 3414 1301 3493 1355; x_wconf 88' lang='lat' dir='ltr'><strong>vis</strong></span> <span class='ocrx_word' id='word_1_206' title='bbox 3522 1304 3590 1354; x_wconf 90' lang='lat' dir='ltr'><strong>ad</strong></span> <span class='ocrx_word' id='word_1_207' title='bbox 3624 1305 3805 1355; x_wconf 88' lang='lat' dir='ltr'><strong>fontem</strong></span> 
     </span>
    </p>
   </div>
   <div class='ocr_carea' id='block_1_30' title="bbox 2238 1386 3807 1456">
    <p class='ocr_par' dir='ltr' id='par_1_30' title="bbox 2238 1386 3807 1456">
     <span class='ocr_line' id='line_1_30' title="bbox 2238 1386 3807 1456; baseline 0.006 -18"><span class='ocrx_word' id='word_1_208' title='bbox 2238 1386 2417 1438; x_wconf 91' lang='lat' dir='ltr'><strong>vivum</strong></span> <span class='ocrx_word' id='word_1_209' title='bbox 2440 1387 2697 1439; x_wconf 86' lang='lat' dir='ltr'><strong>accedere</strong></span> <span class='ocrx_word' id='word_1_210' title='bbox 2720 1426 2735 1450; x_wconf 93' lang='lat'><strong>,</strong></span> <span class='ocrx_word' id='word_1_211' title='bbox 2770 1402 2867 1454; x_wconf 87' lang='lat' dir='ltr'><strong>ego</strong></span> <span class='ocrx_word' id='word_1_212' title='bbox 2890 1402 2983 1440; x_wconf 88' lang='lat' dir='ltr'><strong>ero</strong></span> <span class='ocrx_word' id='word_1_213' title='bbox 3010 1390 3238 1456; x_wconf 69' lang='lat' dir='ltr'><strong>prtevius</strong></span> <span class='ocrx_word' id='word_1_214' title='bbox 3268 1390 3475 1446; x_wconf 87' lang='lat' dir='ltr'><strong>itineris</strong></span> <span class='ocrx_word' id='word_1_215' title='bbox 3506 1393 3608 1448; x_wconf 88' lang='lat' dir='ltr'><strong>tui.</strong></span> <span class='ocrx_word' id='word_1_216' title='bbox 3634 1397 3701 1447; x_wconf 82' lang='lat' dir='ltr'><strong>At</strong></span> <span class='ocrx_word' id='word_1_217' title='bbox 3728 1396 3807 1448; x_wconf 79' lang='lat' dir='ltr'><strong>illa</strong></span> 
     </span>
    </p>
   </div>
   <div class='ocr_carea' id='block_1_31' title="bbox 2236 1477 3808 1548">
    <p class='ocr_par' dir='ltr' id='par_1_31' title="bbox 2236 1477 3808 1548">
     <span class='ocr_line' id='line_1_31' title="bbox 2236 1477 3808 1548; baseline 0.007 -23"><span class='ocrx_word' id='word_1_218' title='bbox 2236 1477 2430 1542; x_wconf 79' lang='lat' dir='ltr'><strong>gratius</strong></span> <span class='ocrx_word' id='word_1_219' title='bbox 2458 1490 2641 1546; x_wconf 80' lang='lat' dir='ltr'><strong>agens,</strong></span> <span class='ocrx_word' id='word_1_220' title='bbox 2671 1478 2989 1545; x_wconf 81' lang='lat' dir='ltr'><strong>sequebatur</strong></span> <span class='ocrx_word' id='word_1_221' title='bbox 3017 1480 3424 1546; x_wconf 62' lang='lat' dir='ltr'><strong>par-cedentem.</strong></span> <span class='ocrx_word' id='word_1_222' title='bbox 3470 1482 3681 1548; x_wconf 87' lang='lat' dir='ltr'><strong>Quibus</strong></span> <span class='ocrx_word' id='word_1_223' title='bbox 3705 1499 3808 1535; x_wconf 86' lang='lat' dir='ltr'><strong>am-</strong></span> 
     </span>
    </p>
   </div>
   <div class='ocr_carea' id='block_1_32' title="bbox 2236 1566 3807 1643">
    <p class='ocr_par' dir='ltr' id='par_1_32' title="bbox 2236 1566 3807 1643">
     <span class='ocr_line' id='line_1_32' title="bbox 2236 1566 3807 1643; baseline 0.004 -23"><span class='ocrx_word' id='word_1_224' title='bbox 2236 1566 2540 1620; x_wconf 88' lang='lat' dir='ltr'><strong>bulantibus</strong></span> <span class='ocrx_word' id='word_1_225' title='bbox 2574 1609 2588 1633; x_wconf 96' lang='lat'><strong>,</strong></span> <span class='ocrx_word' id='word_1_226' title='bbox 2623 1578 2980 1633; x_wconf 84' lang='lat' dir='ltr'><strong>pervenerunt</strong></span> <span class='ocrx_word' id='word_1_227' title='bbox 3018 1569 3080 1621; x_wconf 88' lang='lat' dir='ltr'><strong>ad</strong></span> <span class='ocrx_word' id='word_1_228' title='bbox 3115 1569 3310 1624; x_wconf 86' lang='lat' dir='ltr'><strong>fontem</strong></span> <span class='ocrx_word' id='word_1_229' title='bbox 3343 1588 3592 1641; x_wconf 88' lang='lat' dir='ltr'><strong>magnum</strong></span> <span class='ocrx_word' id='word_1_230' title='bbox 3622 1616 3637 1638; x_wconf 95' lang='lat'><strong>,</strong></span> <span class='ocrx_word' id='word_1_231' title='bbox 3669 1574 3807 1643; x_wconf 81' lang='lat' dir='ltr'><strong>cujus</strong></span> 
     </span>
    </p>
   </div>
   <div class='ocr_carea' id='block_1_33' title="bbox 566 1656 3807 1731">
    <p class='ocr_par' dir='ltr' id='par_1_33' title="bbox 566 1656 3807 1731">
     <span class='ocr_line' id='line_1_33' title="bbox 566 1656 3807 1731; baseline -0.002 -7"><span class='ocrx_word' id='word_1_232' title='bbox 566 1670 683 1725; x_wconf 89' lang='lat' dir='ltr'><strong>lore</strong></span> <span class='ocrx_word' id='word_1_233' title='bbox 704 1668 953 1722; x_wconf 89' lang='lat' dir='ltr'><strong>detentus</strong></span> <span class='ocrx_word' id='word_1_234' title='bbox 976 1703 991 1728; x_wconf 95' lang='lat'><strong>,</strong></span> <span class='ocrx_word' id='word_1_235' title='bbox 1043 1670 1201 1731; x_wconf 88' lang='lat' dir='ltr'><strong>caput</strong></span> <span class='ocrx_word' id='word_1_236' title='bbox 1245 1658 1511 1721; x_wconf 89' lang='lat' dir='ltr'><strong>totondit,</strong></span> <span class='ocrx_word' id='word_1_237' title='bbox 1561 1666 1717 1725; x_wconf 89' lang='lat' dir='ltr'><strong>atque</strong></span> <span class='ocrx_word' id='word_1_238' title='bbox 1768 1656 2130 1724; x_wconf 80' lang='lat' dir='ltr'><strong>ptenitentiam</strong></span> <span class='ocrx_word' id='word_1_239' title='bbox 2166 1672 2213 1730; x_wconf 78' lang='grc' dir='ltr'><strong>Β</strong></span> <span class='ocrx_word' id='word_1_240' title='bbox 2242 1674 2392 1727; x_wconf 72' lang='lat' dir='ltr'><strong>aqua:</strong></span> <span class='ocrx_word' id='word_1_241' title='bbox 2423 1666 2673 1727; x_wconf 89' lang='lat' dir='ltr'><strong>tanquam</strong></span> <span class='ocrx_word' id='word_1_242' title='bbox 2705 1674 2893 1712; x_wconf 90' lang='lat' dir='ltr'><strong>aurum</strong></span> <span class='ocrx_word' id='word_1_243' title='bbox 2925 1660 3276 1727; x_wconf 88' lang='lat' dir='ltr'><strong>splendebant</strong></span> <span class='ocrx_word' id='word_1_244' title='bbox 3305 1671 3327 1698; x_wconf 75' lang='grc' dir='ltr'><strong><em>ο</em></strong></span> <span class='ocrx_word' id='word_1_245' title='bbox 3355 1702 3368 1724; x_wconf 83' lang='grc'><em>,</em></span> <span class='ocrx_word' id='word_1_246' title='bbox 3404 1662 3587 1717; x_wconf 66' lang='lat' dir='ltr'><strong>herbae</strong></span> <span class='ocrx_word' id='word_1_247' title='bbox 3616 1680 3739 1719; x_wconf 90' lang='lat' dir='ltr'><strong>vero</strong></span> <span class='ocrx_word' id='word_1_248' title='bbox 3760 1665 3807 1718; x_wconf 90' lang='lat' dir='ltr'><strong>in</strong></span> 
     </span>
    </p>
   </div>
   <div class='ocr_carea' id='block_1_34' title="bbox 559 1750 2131 1833">
    <p class='ocr_par' dir='ltr' id='par_1_34' title="bbox 559 1750 2131 1833">
     <span class='ocr_line' id='line_1_34' title="bbox 559 1750 2131 1833; baseline -0.011 -14"><span class='ocrx_word' id='word_1_249' title='bbox 559 1764 826 1833; x_wconf 88' lang='lat' dir='ltr'><strong>accipiens</strong></span> <span class='ocrx_word' id='word_1_250' title='bbox 848 1768 873 1796; x_wconf 78' lang='grc' dir='ltr'>ι</span> <span class='ocrx_word' id='word_1_251' title='bbox 896 1758 1138 1827; x_wconf 90' lang='lat' dir='ltr'><strong>spiritum</strong></span> <span class='ocrx_word' id='word_1_252' title='bbox 1169 1752 1458 1817; x_wconf 82' lang='lat' dir='ltr'><strong>exhalavit,</strong></span> <span class='ocrx_word' id='word_1_253' title='bbox 1500 1765 1692 1819; x_wconf 88' lang='lat' dir='ltr'><strong>resque</strong></span> <span class='ocrx_word' id='word_1_254' title='bbox 1718 1750 1834 1817; x_wconf 86' lang='lat' dir='ltr'><strong>ejus</strong></span> <span class='ocrx_word' id='word_1_255' title='bbox 1868 1750 1995 1803; x_wconf 86' lang='lat' dir='ltr'><strong>fisco</strong></span> <span class='ocrx_word' id='word_1_256' title='bbox 2021 1753 2131 1803; x_wconf 90' lang='lat' dir='ltr'><strong>co&#39;—</strong></span> 
     </span>
    </p>
   </div>
   <div class='ocr_carea' id='block_1_35' title="bbox 561 1840 2131 1916">
    <p class='ocr_par' dir='ltr' id='par_1_35' title="bbox 561 1840 2131 1916">
     <span class='ocr_line' id='line_1_35' title="bbox 561 1840 2131 1916; baseline -0.012 -5"><span class='ocrx_word' id='word_1_257' title='bbox 561 1858 684 1912; x_wconf 69' lang='lat' dir='ltr'><strong>lata:</strong></span> <span class='ocrx_word' id='word_1_258' title='bbox 727 1860 887 1913; x_wconf 89' lang='lat' dir='ltr'><strong>sunt;</strong></span> <span class='ocrx_word' id='word_1_259' title='bbox 917 1864 1037 1904; x_wconf 89' lang='lat' dir='ltr'><strong>nam</strong></span> <span class='ocrx_word' id='word_1_260' title='bbox 1069 1844 1245 1916; x_wconf 89' lang='lat' dir='ltr'><strong>magni</strong></span> <span class='ocrx_word' id='word_1_261' title='bbox 1269 1843 1463 1898; x_wconf 89' lang='lat' dir='ltr'><strong>ibidem</strong></span> <span class='ocrx_word' id='word_1_262' title='bbox 1512 1840 1750 1896; x_wconf 86' lang='lat' dir='ltr'><strong>thesauri</strong></span> <span class='ocrx_word' id='word_1_263' title='bbox 1774 1856 1837 1894; x_wconf 82' lang='lat' dir='ltr'><strong>ex</strong></span> <span class='ocrx_word' id='word_1_264' title='bbox 1869 1855 1999 1894; x_wconf 86' lang='lat' dir='ltr'><strong>auro</strong></span> <span class='ocrx_word' id='word_1_265' title='bbox 2046 1855 2131 1893; x_wconf 85' lang='lat' dir='ltr'><strong>ar-</strong></span> 
     </span>
    </p>
   </div>
   <div class='ocr_carea' id='block_1_36' title="bbox 560 1931 2129 2016">
    <p class='ocr_par' dir='ltr' id='par_1_36' title="bbox 560 1931 2129 2016">
     <span class='ocr_line' id='line_1_36' title="bbox 560 1931 2129 2016; baseline -0.01 -17"><span class='ocrx_word' id='word_1_266' title='bbox 560 1956 844 2016; x_wconf 89' lang='lat' dir='ltr'><strong>gentoque,</strong></span> <span class='ocrx_word' id='word_1_267' title='bbox 868 1950 923 1997; x_wconf 92' lang='lat' dir='ltr'><strong>et</strong></span> <span class='ocrx_word' id='word_1_268' title='bbox 945 1938 1228 1994; x_wconf 88' lang='lat' dir='ltr'><strong>multarum</strong></span> <span class='ocrx_word' id='word_1_269' title='bbox 1260 1936 1558 2004; x_wconf 88' lang='lat' dir='ltr'><strong>specierum</strong></span> <span class='ocrx_word' id='word_1_270' title='bbox 1603 1931 1801 2002; x_wconf 88' lang='lat' dir='ltr'><strong>reperti</strong></span> <span class='ocrx_word' id='word_1_271' title='bbox 1829 1940 1973 1997; x_wconf 89' lang='lat' dir='ltr'><strong>sunt,</strong></span> <span class='ocrx_word' id='word_1_272' title='bbox 1999 1931 2129 1985; x_wconf 92' lang='lat' dir='ltr'><strong>nihil</strong></span> 
     </span>
    </p>
   </div>
   <div class='ocr_carea' id='block_1_37' title="bbox 557 2027 2125 2103">
    <p class='ocr_par' dir='ltr' id='par_1_37' title="bbox 557 2027 2125 2103">
     <span class='ocr_line' id='line_1_37' title="bbox 557 2027 2125 2103; baseline -0.013 -5"><span class='ocrx_word' id='word_1_273' title='bbox 557 2042 748 2100; x_wconf 82' lang='lat' dir='ltr'><strong>exinde</strong></span> <span class='ocrx_word' id='word_1_274' title='bbox 768 2053 948 2095; x_wconf 88' lang='lat' dir='ltr'><strong>secum</strong></span> <span class='ocrx_word' id='word_1_275' title='bbox 971 2035 1111 2091; x_wconf 89' lang='lat' dir='ltr'><strong>aliud</strong></span> <span class='ocrx_word' id='word_1_276' title='bbox 1137 2042 1373 2103; x_wconf 88' lang='lat' dir='ltr'><strong>portans,</strong></span> <span class='ocrx_word' id='word_1_277' title='bbox 1394 2030 1491 2084; x_wconf 90' lang='lat' dir='ltr'><strong>nisi</strong></span> <span class='ocrx_word' id='word_1_278' title='bbox 1521 2029 1711 2082; x_wconf 69' lang='lat' dir='ltr'><strong>animm</strong></span> <span class='ocrx_word' id='word_1_279' title='bbox 1729 2027 2125 2082; x_wconf 87' lang='lat' dir='ltr'><strong>detrimentum.</strong></span> 
     </span>
    </p>
   </div>
   <div class='ocr_carea' id='block_1_38' title="bbox 628 2117 2131 2198">
    <p class='ocr_par' dir='ltr' id='par_1_38' title="bbox 628 2117 2131 2198">
     <span class='ocr_line' id='line_1_38' title="bbox 628 2117 2131 2198; baseline -0.013 -10"><span class='ocrx_word' id='word_1_280' title='bbox 628 2130 822 2189; x_wconf 78' lang='lat' dir='ltr'><strong>XXIX.</strong></span> <span class='ocrx_word' id='word_1_281' title='bbox 860 2128 1046 2198; x_wconf 80' lang='lat' dir='ltr'><strong>Legati</strong></span> <span class='ocrx_word' id='word_1_282' title='bbox 1076 2127 1141 2180; x_wconf 93' lang='lat' dir='ltr'><strong>de</strong></span> <span class='ocrx_word' id='word_1_283' title='bbox 1171 2122 1438 2192; x_wconf 85' lang='lat' dir='ltr'><strong>Hispaniis</strong></span> <span class='ocrx_word' id='word_1_284' title='bbox 1468 2121 1668 2174; x_wconf 89' lang='lat' dir='ltr'><strong>reversi</strong></span> <span class='ocrx_word' id='word_1_285' title='bbox 1716 2117 1848 2172; x_wconf 91' lang='lat' dir='ltr'><strong>nihil</strong></span> <span class='ocrx_word' id='word_1_286' title='bbox 1889 2117 2018 2172; x_wconf 88' lang='lat' dir='ltr'><strong>certi</strong></span> <span class='ocrx_word' id='word_1_287' title='bbox 2046 2130 2131 2170; x_wconf 82' lang='lat' dir='ltr'><strong>rc-</strong></span> 
     </span>
    </p>
   </div>
   <div class='ocr_carea' id='block_1_39' title="bbox 558 2209 2125 2286">
    <p class='ocr_par' dir='ltr' id='par_1_39' title="bbox 558 2209 2125 2286">
     <span class='ocr_line' id='line_1_39' title="bbox 558 2209 2125 2286; baseline -0.014 -3"><span class='ocrx_word' id='word_1_288' title='bbox 558 2227 985 2286; x_wconf 71' lang='lat' dir='ltr'><strong>nuntiaverunt,</strong></span> <span class='ocrx_word' id='word_1_289' title='bbox 1026 2235 1090 2273; x_wconf 92' lang='lat' dir='ltr'><strong>eo</strong></span> <span class='ocrx_word' id='word_1_290' title='bbox 1122 2217 1260 2286; x_wconf 92' lang='lat' dir='ltr'><strong>quod</strong></span> <span class='ocrx_word' id='word_1_291' title='bbox 1314 2212 1690 2269; x_wconf 86' lang='lat' dir='ltr'><strong>Leuvichildus</strong></span> <span class='ocrx_word' id='word_1_292' title='bbox 1738 2219 1924 2265; x_wconf 85' lang='lat' dir='ltr'><strong>contra</strong></span> <span class='ocrx_word' id='word_1_293' title='bbox 1962 2209 2125 2264; x_wconf 84' lang='lat' dir='ltr'><strong>lilium</strong></span> 
     </span>
    </p>
   </div>
   <div class='ocr_carea' id='block_1_40' title="bbox 557 2305 2127 2373">
    <p class='ocr_par' dir='ltr' id='par_1_40' title="bbox 557 2305 2127 2373">
     <span class='ocr_line' id='line_1_40' title="bbox 557 2305 2127 2373; baseline -0.01 -1"><span class='ocrx_word' id='word_1_294' title='bbox 557 2334 713 2373; x_wconf 86' lang='lat' dir='ltr'><strong>suum</strong></span> <span class='ocrx_word' id='word_1_295' title='bbox 739 2316 1006 2370; x_wconf 87' lang='lat' dir='ltr'><strong>seniorem</strong></span> <span class='ocrx_word' id='word_1_296' title='bbox 1057 2312 1111 2365; x_wconf 91' lang='lat' dir='ltr'><strong>in</strong></span> <span class='ocrx_word' id='word_1_297' title='bbox 1150 2309 1382 2363; x_wconf 82' lang='lat' dir='ltr'><strong>exercitu</strong></span> <span class='ocrx_word' id='word_1_298' title='bbox 1427 2306 1707 2360; x_wconf 89' lang='lat' dir='ltr'><strong>resideret.</strong></span> <span class='ocrx_word' id='word_1_299' title='bbox 1754 2305 1811 2359; x_wconf 91' lang='lat' dir='ltr'><strong>In</strong></span> <span class='ocrx_word' id='word_1_300' title='bbox 1860 2313 2127 2358; x_wconf 87' lang='lat' dir='ltr'><strong>monaste-</strong></span> 
     </span>
    </p>
   </div>
   <div class='ocr_carea' id='block_1_41' title="bbox 555 2394 2126 2467">
    <p class='ocr_par' dir='ltr' id='par_1_41' title="bbox 555 2394 2126 2467">
     <span class='ocr_line' id='line_1_41' title="bbox 555 2394 2126 2467; baseline -0.011 -4"><span class='ocrx_word' id='word_1_301' title='bbox 555 2412 637 2463; x_wconf 86' lang='lat' dir='ltr'><strong>rio</strong></span> <span class='ocrx_word' id='word_1_302' title='bbox 663 2406 691 2445; x_wconf 66' lang='grc' dir='ltr'>δ</span> <span class='ocrx_word' id='word_1_303' title='bbox 722 2413 899 2460; x_wconf 90' lang='lat' dir='ltr'><strong>autem</strong></span> <span class='ocrx_word' id='word_1_304' title='bbox 928 2405 1097 2456; x_wconf 74' lang='lat' dir='ltr'><strong>beatae</strong></span> <span class='ocrx_word' id='word_1_305' title='bbox 1126 2398 1484 2467; x_wconf 79' lang='lat' dir='ltr'><strong>Radegundis,</strong></span> <span class='ocrx_word' id='word_1_306' title='bbox 1526 2396 1699 2465; x_wconf 91' lang='lat' dir='ltr'><strong>puella</strong></span> <span class='ocrx_word' id='word_1_307' title='bbox 1728 2394 2000 2464; x_wconf 82' lang='lat' dir='ltr'><strong>quaedam,</strong></span> <span class='ocrx_word' id='word_1_308' title='bbox 2030 2408 2126 2446; x_wconf 89' lang='lat' dir='ltr'><strong>no-</strong></span> 
     </span>
    </p>
   </div>
   <div class='ocr_carea' id='block_1_42' title="bbox 556 2483 2124 2563">
    <p class='ocr_par' dir='ltr' id='par_1_42' title="bbox 556 2483 2124 2563">
     <span class='ocr_line' id='line_1_42' title="bbox 556 2483 2124 2563; baseline -0.011 -8"><span class='ocrx_word' id='word_1_309' title='bbox 556 2501 702 2555; x_wconf 88' lang='lat' dir='ltr'><strong>mine</strong></span> <span class='ocrx_word' id='word_1_310' title='bbox 727 2496 956 2552; x_wconf 91' lang='lat' dir='ltr'><strong>Disciola</strong></span> <span class='ocrx_word' id='word_1_311' title='bbox 987 2505 1035 2560; x_wconf 75' lang='grc' dir='ltr'><strong>ο,</strong></span> <span class='ocrx_word' id='word_1_312' title='bbox 1063 2508 1181 2563; x_wconf 74' lang='lat' dir='ltr'><strong>quae</strong></span> <span class='ocrx_word' id='word_1_313' title='bbox 1205 2491 1342 2546; x_wconf 90' lang='lat' dir='ltr'><strong>beati</strong></span> <span class='ocrx_word' id='word_1_314' title='bbox 1372 2488 1534 2544; x_wconf 90' lang='lat' dir='ltr'><strong>Salvii</strong></span> <span class='ocrx_word' id='word_1_315' title='bbox 1562 2486 1864 2556; x_wconf 78' lang='lat' dir='ltr'><strong>Albigensis</strong></span> <span class='ocrx_word' id='word_1_316' title='bbox 1886 2483 2124 2553; x_wconf 89' lang='lat' dir='ltr'><strong>episcopi</strong></span> 
     </span>
    </p>
   </div>
   <div class='ocr_carea' id='block_1_43' title="bbox 552 2576 2121 2662">
    <p class='ocr_par' dir='ltr' id='par_1_43' title="bbox 552 2576 2121 2662">
     <span class='ocr_line' id='line_1_43' title="bbox 552 2576 2121 2662; baseline -0.013 -14"><span class='ocrx_word' id='word_1_317' title='bbox 552 2594 725 2662; x_wconf 90' lang='lat' dir='ltr'><strong>neptis</strong></span> <span class='ocrx_word' id='word_1_318' title='bbox 746 2596 881 2653; x_wconf 88' lang='lat' dir='ltr'><strong>erat,</strong></span> <span class='ocrx_word' id='word_1_319' title='bbox 909 2585 1041 2641; x_wconf 91' lang='lat' dir='ltr'><strong>obiit</strong></span> <span class='ocrx_word' id='word_1_320' title='bbox 1065 2585 1166 2639; x_wconf 91' lang='lat' dir='ltr'><strong>hoc</strong></span> <span class='ocrx_word' id='word_1_321' title='bbox 1191 2582 1369 2638; x_wconf 90' lang='lat' dir='ltr'><strong>modo.</strong></span> <span class='ocrx_word' id='word_1_322' title='bbox 1399 2579 1530 2635; x_wconf 92' lang='lat' dir='ltr'><strong>Cum</strong></span> <span class='ocrx_word' id='word_1_323' title='bbox 1572 2588 1830 2647; x_wconf 78' lang='lat' dir='ltr'><strong>aegrotare</strong></span> <span class='ocrx_word' id='word_1_324' title='bbox 1850 2576 2121 2643; x_wconf 66' lang='lat' dir='ltr'><strong>coepisset,</strong></span> 
     </span>
    </p>
   </div>
   <div class='ocr_carea' id='block_1_44' title="bbox 550 2667 2123 2742">
    <p class='ocr_par' dir='ltr' id='par_1_44' title="bbox 550 2667 2123 2742">
     <span class='ocr_line' id='line_1_44' title="bbox 550 2667 2123 2742; baseline -0.012 -1"><span class='ocrx_word' id='word_1_325' title='bbox 550 2696 605 2742; x_wconf 85' lang='lat' dir='ltr'><strong>et</strong></span> <span class='ocrx_word' id='word_1_326' title='bbox 631 2687 680 2740; x_wconf 91' lang='lat' dir='ltr'><strong>ei</strong></span> <span class='ocrx_word' id='word_1_327' title='bbox 700 2681 911 2738; x_wconf 85' lang='lat' dir='ltr'><strong>assidue</strong></span> <span class='ocrx_word' id='word_1_328' title='bbox 939 2692 1155 2733; x_wconf 84' lang='lat' dir='ltr'><strong>sorores</strong></span> <span class='ocrx_word' id='word_1_329' title='bbox 1181 2676 1300 2729; x_wconf 59' lang='lat' dir='ltr'><strong>alia:</strong></span> <span class='ocrx_word' id='word_1_330' title='bbox 1329 2674 1682 2736; x_wconf 89' lang='lat' dir='ltr'><strong>deservirent,</strong></span> <span class='ocrx_word' id='word_1_331' title='bbox 1716 2669 1863 2723; x_wconf 90' lang='lat' dir='ltr'><strong>venit</strong></span> <span class='ocrx_word' id='word_1_332' title='bbox 1884 2668 1998 2722; x_wconf 88' lang='lat' dir='ltr'><strong>dies</strong></span> <span class='ocrx_word' id='word_1_333' title='bbox 2032 2667 2123 2722; x_wconf 90' lang='lat' dir='ltr'><strong>ille</strong></span> 
     </span>
    </p>
   </div>
   <div class='ocr_carea' id='block_1_45' title="bbox 551 2759 2124 2847">
    <p class='ocr_par' dir='ltr' id='par_1_45' title="bbox 551 2759 2124 2847">
     <span class='ocr_line' id='line_1_45' title="bbox 551 2759 2124 2847; baseline -0.013 -14"><span class='ocrx_word' id='word_1_334' title='bbox 551 2792 657 2847; x_wconf 85' lang='lat' dir='ltr'><strong>quo</strong></span> <span class='ocrx_word' id='word_1_335' title='bbox 683 2774 936 2844; x_wconf 75' lang='lat' dir='ltr'><strong>migraret</strong></span> <span class='ocrx_word' id='word_1_336' title='bbox 968 2784 1000 2823; x_wconf 91' lang='lat' dir='ltr'><strong>a</strong></span> <span class='ocrx_word' id='word_1_337' title='bbox 1026 2781 1291 2835; x_wconf 85' lang='lat' dir='ltr'><strong>corpore;</strong></span> <span class='ocrx_word' id='word_1_338' title='bbox 1318 2774 1373 2819; x_wconf 94' lang='lat' dir='ltr'><strong>et</strong></span> <span class='ocrx_word' id='word_1_339' title='bbox 1422 2765 1567 2817; x_wconf 88' lang='lat' dir='ltr'><strong>circa</strong></span> <span class='ocrx_word' id='word_1_340' title='bbox 1612 2762 1794 2816; x_wconf 87' lang='lat' dir='ltr'><strong>horam</strong></span> <span class='ocrx_word' id='word_1_341' title='bbox 1828 2774 2021 2813; x_wconf 88' lang='lat' dir='ltr'><strong>nonam</strong></span> <span class='ocrx_word' id='word_1_342' title='bbox 2050 2759 2124 2812; x_wconf 88' lang='lat' dir='ltr'><strong>ait</strong></span> 
     </span>
    </p>
   </div>
   <div class='ocr_carea' id='block_1_46' title="bbox 552 2849 2120 2929">
    <p class='ocr_par' dir='ltr' id='par_1_46' title="bbox 552 2849 2120 2929">
     <span class='ocr_line' id='line_1_46' title="bbox 552 2849 2120 2929; baseline -0.014 -5"><span class='ocrx_word' id='word_1_343' title='bbox 552 2868 823 2924; x_wconf 86' lang='lat' dir='ltr'><strong>sororibus</strong></span> <span class='ocrx_word' id='word_1_344' title='bbox 849 2881 862 2916; x_wconf 92' lang='lat'><strong>:</strong></span> <span class='ocrx_word' id='word_1_345' title='bbox 891 2861 1031 2916; x_wconf 87' lang='lat' dir='ltr'><strong>Ecce</strong></span> <span class='ocrx_word' id='word_1_346' title='bbox 1055 2860 1167 2929; x_wconf 89' lang='lat' dir='ltr'><strong>jam</strong></span> <span class='ocrx_word' id='word_1_347' title='bbox 1196 2857 1446 2912; x_wconf 87' lang='lat' dir='ltr'><strong>leviorem</strong></span> <span class='ocrx_word' id='word_1_348' title='bbox 1478 2869 1564 2908; x_wconf 91' lang='lat' dir='ltr'><strong>me</strong></span> <span class='ocrx_word' id='word_1_349' title='bbox 1601 2853 1771 2907; x_wconf 91' lang='lat' dir='ltr'><strong>sentio</strong></span> <span class='ocrx_word' id='word_1_350' title='bbox 1797 2869 1811 2917; x_wconf 92' lang='lat'><strong>;</strong></span> <span class='ocrx_word' id='word_1_351' title='bbox 1840 2865 1968 2905; x_wconf 90' lang='lat' dir='ltr'><strong>ecce</strong></span> <span class='ocrx_word' id='word_1_352' title='bbox 1990 2849 2120 2903; x_wconf 90' lang='lat' dir='ltr'><strong>nihil</strong></span> 
     </span>
    </p>
   </div>
   <div class='ocr_carea' id='block_1_47' title="bbox 548 2945 2121 3015">
    <p class='ocr_par' dir='ltr' id='par_1_47' title="bbox 548 2945 2121 3015">
     <span class='ocr_line' id='line_1_47' title="bbox 548 2945 2121 3015; baseline -0.01 -2"><span class='ocrx_word' id='word_1_353' title='bbox 548 2960 723 3015; x_wconf 86' lang='lat' dir='ltr'><strong>doleo.</strong></span> <span class='ocrx_word' id='word_1_354' title='bbox 748 2956 897 3011; x_wconf 86' lang='lat' dir='ltr'><strong>Nunc</strong></span> <span class='ocrx_word' id='word_1_355' title='bbox 919 2964 1093 3007; x_wconf 91' lang='lat' dir='ltr'><strong>autem</strong></span> <span class='ocrx_word' id='word_1_356' title='bbox 1124 2966 1226 3004; x_wconf 93' lang='lat' dir='ltr'><strong>non</strong></span> <span class='ocrx_word' id='word_1_357' title='bbox 1265 2956 1347 3003; x_wconf 89' lang='lat' dir='ltr'><strong>est</strong></span> <span class='ocrx_word' id='word_1_358' title='bbox 1377 2961 1595 3001; x_wconf 88' lang='lat' dir='ltr'><strong>necesse</strong></span> <span class='ocrx_word' id='word_1_359' title='bbox 1640 2945 1980 2998; x_wconf 88' lang='lat' dir='ltr'><strong>sollicitudini</strong></span> <span class='ocrx_word' id='word_1_360' title='bbox 2030 2960 2121 2997; x_wconf 86' lang='lat' dir='ltr'><strong>ve-</strong></span> 
     </span>
    </p>
   </div>
   <div class='ocr_carea' id='block_1_48' title="bbox 2237 1750 3810 1819">
    <p class='ocr_par' dir='ltr' id='par_1_48' title="bbox 2237 1750 3810 1819">
     <span class='ocr_line' id='line_1_48' title="bbox 2237 1750 3810 1819; baseline 0.004 -16"><span class='ocrx_word' id='word_1_361' title='bbox 2237 1754 2451 1805; x_wconf 89' lang='lat' dir='ltr'><strong>tuodum</strong></span> <span class='ocrx_word' id='word_1_362' title='bbox 2482 1750 2812 1805; x_wconf 84' lang='lat' dir='ltr'><strong>diversarum</strong></span> <span class='ocrx_word' id='word_1_363' title='bbox 2837 1766 3163 1819; x_wconf 87' lang='lat' dir='ltr'><strong>gemmarum</strong></span> <span class='ocrx_word' id='word_1_364' title='bbox 3210 1766 3463 1809; x_wconf 88' lang='lat' dir='ltr'><strong>vernante</strong></span> <span class='ocrx_word' id='word_1_365' title='bbox 3494 1753 3613 1809; x_wconf 80' lang='lat' dir='ltr'><strong>lucé</strong></span> <span class='ocrx_word' id='word_1_366' title='bbox 3645 1758 3810 1810; x_wconf 84' lang='lat' dir='ltr'><strong>radia-</strong></span> 
     </span>
    </p>
   </div>
   <div class='ocr_carea' id='block_1_49' title="bbox 2235 1842 3806 1916">
    <p class='ocr_par' dir='ltr' id='par_1_49' title="bbox 2235 1842 3806 1916">
     <span class='ocr_line' id='line_1_49' title="bbox 2235 1842 3806 1916; baseline 0.004 -20"><span class='ocrx_word' id='word_1_367' title='bbox 2235 1842 2380 1896; x_wconf 86' lang='lat' dir='ltr'><strong>bant.</strong></span> <span class='ocrx_word' id='word_1_368' title='bbox 2419 1845 2482 1895; x_wconf 69' lang='lat' dir='ltr'><strong>lit</strong></span> <span class='ocrx_word' id='word_1_369' title='bbox 2510 1845 2584 1895; x_wconf 91' lang='lat' dir='ltr'><strong>ait</strong></span> <span class='ocrx_word' id='word_1_370' title='bbox 2614 1844 2694 1895; x_wconf 83' lang='lat' dir='ltr'><strong>vir</strong></span> <span class='ocrx_word' id='word_1_371' title='bbox 2725 1843 2790 1896; x_wconf 90' lang='lat' dir='ltr'><strong>ad</strong></span> <span class='ocrx_word' id='word_1_372' title='bbox 2820 1859 2935 1896; x_wconf 90' lang='lat' dir='ltr'><strong>eam</strong></span> <span class='ocrx_word' id='word_1_373' title='bbox 2970 1860 2981 1895; x_wconf 93' lang='lat'><strong>:</strong></span> <span class='ocrx_word' id='word_1_374' title='bbox 3012 1844 3145 1898; x_wconf 86' lang='lat' dir='ltr'><strong>Ecce</strong></span> <span class='ocrx_word' id='word_1_375' title='bbox 3175 1844 3369 1899; x_wconf 83' lang='lat' dir='ltr'><strong>fontem</strong></span> <span class='ocrx_word' id='word_1_376' title='bbox 3402 1848 3580 1900; x_wconf 85' lang='lat' dir='ltr'><strong>vivum</strong></span> <span class='ocrx_word' id='word_1_377' title='bbox 3608 1889 3621 1911; x_wconf 91' lang='lat'><strong>,</strong></span> <span class='ocrx_word' id='word_1_378' title='bbox 3656 1864 3806 1916; x_wconf 86' lang='lat' dir='ltr'><strong>quem</strong></span> 
     </span>
    </p>
   </div>
   <div class='ocr_carea' id='block_1_50' title="bbox 2235 1938 3803 2008">
    <p class='ocr_par' dir='ltr' id='par_1_50' title="bbox 2235 1938 3803 2008">
     <span class='ocr_line' id='line_1_50' title="bbox 2235 1938 3803 2008; baseline 0.003 -18"><span class='ocrx_word' id='word_1_379' title='bbox 2235 1938 2403 1990; x_wconf 87' lang='lat' dir='ltr'><strong>multo</strong></span> <span class='ocrx_word' id='word_1_380' title='bbox 2426 1938 2607 1991; x_wconf 87' lang='lat' dir='ltr'><strong>labore</strong></span> <span class='ocrx_word' id='word_1_381' title='bbox 2638 1938 2894 2005; x_wconf 69' lang='lat' dir='ltr'><strong>quaesisti.</strong></span> <span class='ocrx_word' id='word_1_382' title='bbox 2929 1938 3136 1992; x_wconf 78' lang='lat' dir='ltr'><strong>Saliare</strong></span> <span class='ocrx_word' id='word_1_383' title='bbox 3169 1955 3301 1991; x_wconf 78' lang='lat' dir='ltr'><strong>nunt</strong></span> <span class='ocrx_word' id='word_1_384' title='bbox 3334 1940 3400 1991; x_wconf 89' lang='lat' dir='ltr'><strong>ab</strong></span> <span class='ocrx_word' id='word_1_385' title='bbox 3428 1940 3549 2008; x_wconf 87' lang='lat' dir='ltr'><strong>ejus</strong></span> <span class='ocrx_word' id='word_1_386' title='bbox 3572 1941 3803 2007; x_wconf 83' lang='lat' dir='ltr'><strong>liuentis,</strong></span> 
     </span>
    </p>
   </div>
   <div class='ocr_carea' id='block_1_51' title="bbox 2231 2027 3807 2097">
    <p class='ocr_par' dir='ltr' id='par_1_51' title="bbox 2231 2027 3807 2097">
     <span class='ocr_line' id='line_1_51' title="bbox 2231 2027 3807 2097; baseline 0.003 -17"><span class='ocrx_word' id='word_1_387' title='bbox 2231 2035 2290 2080; x_wconf 91' lang='lat' dir='ltr'><strong>ut</strong></span> <span class='ocrx_word' id='word_1_388' title='bbox 2319 2027 2406 2080; x_wconf 86' lang='lat' dir='ltr'><strong>fiat</strong></span> <span class='ocrx_word' id='word_1_389' title='bbox 2438 2028 2526 2079; x_wconf 88' lang='lat' dir='ltr'><strong>tibi</strong></span> <span class='ocrx_word' id='word_1_390' title='bbox 2557 2029 2671 2081; x_wconf 82' lang='lat' dir='ltr'><strong>fons</strong></span> <span class='ocrx_word' id='word_1_391' title='bbox 2716 2043 2867 2097; x_wconf 69' lang='lat' dir='ltr'><strong>aqua:</strong></span> <span class='ocrx_word' id='word_1_392' title='bbox 2900 2028 3033 2082; x_wconf 67' lang='lat' dir='ltr'><strong>vivae</strong></span> <span class='ocrx_word' id='word_1_393' title='bbox 3074 2030 3313 2083; x_wconf 89' lang='lat' dir='ltr'><strong>salientis</strong></span> <span class='ocrx_word' id='word_1_394' title='bbox 3340 2032 3389 2083; x_wconf 93' lang='lat' dir='ltr'><strong>in</strong></span> <span class='ocrx_word' id='word_1_395' title='bbox 3448 2034 3615 2088; x_wconf 87' lang='lat' dir='ltr'><strong>vitam</strong></span> <span class='ocrx_word' id='word_1_396' title='bbox 3658 2044 3807 2089; x_wconf 66' lang='lat' dir='ltr'><strong>aeter-</strong></span> 
     </span>
    </p>
   </div>
   <div class='ocr_carea' id='block_1_52' title="bbox 2234 2118 3808 2190">
    <p class='ocr_par' dir='ltr' id='par_1_52' title="bbox 2234 2118 3808 2190">
     <span class='ocr_line' id='line_1_52' title="bbox 2234 2118 3808 2190; baseline 0.006 -20"><span class='ocrx_word' id='word_1_397' title='bbox 2234 2134 2377 2171; x_wconf 90' lang='lat' dir='ltr'><strong>nam.</strong></span> <span class='ocrx_word' id='word_1_398' title='bbox 2405 2119 2644 2188; x_wconf 85' lang='lat' dir='ltr'><strong>Cumque</strong></span> <span class='ocrx_word' id='word_1_399' title='bbox 2690 2118 2775 2172; x_wconf 91' lang='lat' dir='ltr'><strong>illa</strong></span> <span class='ocrx_word' id='word_1_400' title='bbox 2808 2120 2964 2173; x_wconf 89' lang='lat' dir='ltr'><strong>avide</strong></span> <span class='ocrx_word' id='word_1_401' title='bbox 2986 2134 3048 2174; x_wconf 87' lang='lat' dir='ltr'><strong>ex</strong></span> <span class='ocrx_word' id='word_1_402' title='bbox 3093 2120 3174 2174; x_wconf 92' lang='lat' dir='ltr'><strong>his</strong></span> <span class='ocrx_word' id='word_1_403' title='bbox 3209 2125 3359 2190; x_wconf 85' lang='lat' dir='ltr'><strong>aquis</strong></span> <span class='ocrx_word' id='word_1_404' title='bbox 3389 2122 3658 2189; x_wconf 85' lang='lat' dir='ltr'><strong>hauriret,</strong></span> <span class='ocrx_word' id='word_1_405' title='bbox 3688 2139 3808 2180; x_wconf 86' lang='lat' dir='ltr'><strong>ecce</strong></span> 
     </span>
    </p>
   </div>
   <div class='ocr_carea' id='block_1_53' title="bbox 2231 2209 3806 2284">
    <p class='ocr_par' dir='ltr' id='par_1_53' title="bbox 2231 2209 3806 2284">
     <span class='ocr_line' id='line_1_53' title="bbox 2231 2209 3806 2284; baseline 0.004 -22"><span class='ocrx_word' id='word_1_406' title='bbox 2231 2210 2299 2262; x_wconf 88' lang='lat' dir='ltr'><strong>ab</strong></span> <span class='ocrx_word' id='word_1_407' title='bbox 2327 2209 2429 2262; x_wconf 92' lang='lat' dir='ltr'><strong>alia</strong></span> <span class='ocrx_word' id='word_1_408' title='bbox 2455 2222 2603 2277; x_wconf 90' lang='lat' dir='ltr'><strong>parte</strong></span> <span class='ocrx_word' id='word_1_409' title='bbox 2637 2210 2879 2263; x_wconf 87' lang='lat' dir='ltr'><strong>veniebat</strong></span> <span class='ocrx_word' id='word_1_410' title='bbox 2899 2211 3189 2274; x_wconf 88' lang='lat' dir='ltr'><strong>abbatissa,</strong></span> <span class='ocrx_word' id='word_1_411' title='bbox 3219 2222 3275 2266; x_wconf 90' lang='lat' dir='ltr'><strong>et</strong></span> <span class='ocrx_word' id='word_1_412' title='bbox 3304 2213 3627 2268; x_wconf 86' lang='lat' dir='ltr'><strong>denudatam</strong></span> <span class='ocrx_word' id='word_1_413' title='bbox 3660 2223 3806 2284; x_wconf 86' lang='lat' dir='ltr'><strong>puel-</strong></span> 
     </span>
    </p>
   </div>
   <div class='ocr_carea' id='block_1_54' title="bbox 2232 2301 3805 2377">
    <p class='ocr_par' dir='ltr' id='par_1_54' title="bbox 2232 2301 3805 2377">
     <span class='ocr_line' id='line_1_54' title="bbox 2232 2301 3805 2377; baseline 0.004 -22"><span class='ocrx_word' id='word_1_414' title='bbox 2232 2302 2335 2355; x_wconf 88' lang='lat' dir='ltr'><strong>lam</strong></span> <span class='ocrx_word' id='word_1_415' title='bbox 2370 2301 2537 2353; x_wconf 88' lang='lat' dir='ltr'><strong>induit</strong></span> <span class='ocrx_word' id='word_1_416' title='bbox 2560 2317 2673 2354; x_wconf 82' lang='lat' dir='ltr'><strong>eam</strong></span> <span class='ocrx_word' id='word_1_417' title='bbox 2703 2310 2849 2355; x_wconf 87' lang='lat' dir='ltr'><strong>veste</strong></span> <span class='ocrx_word' id='word_1_418' title='bbox 2878 2301 3044 2371; x_wconf 80' lang='lat' dir='ltr'><strong>regia;</strong></span> <span class='ocrx_word' id='word_1_419' title='bbox 3076 2318 3193 2370; x_wconf 69' lang='lat' dir='ltr'><strong>qua:</strong></span> <span class='ocrx_word' id='word_1_420' title='bbox 3220 2312 3358 2355; x_wconf 90' lang='lat' dir='ltr'><strong>tanta</strong></span> <span class='ocrx_word' id='word_1_421' title='bbox 3385 2306 3521 2371; x_wconf 74' lang='lat' dir='ltr'><strong>lure,</strong></span> <span class='ocrx_word' id='word_1_422' title='bbox 3546 2321 3805 2377; x_wconf 86' lang='lat' dir='ltr'><strong>auroque.</strong></span> 
     </span>
    </p>
   </div>
   <div class='ocr_carea' id='block_1_55' title="bbox 2229 2393 3805 2463">
    <p class='ocr_par' dir='ltr' id='par_1_55' title="bbox 2229 2393 3805 2463">
     <span class='ocr_line' id='line_1_55' title="bbox 2229 2393 3805 2463; baseline 0.004 -15"><span class='ocrx_word' id='word_1_423' title='bbox 2229 2404 2282 2449; x_wconf 91' lang='lat' dir='ltr'><strong>et</strong></span> <span class='ocrx_word' id='word_1_424' title='bbox 2303 2394 2585 2447; x_wconf 81' lang='lat' dir='ltr'><strong>monilibus</strong></span> <span class='ocrx_word' id='word_1_425' title='bbox 2609 2393 2925 2461; x_wconf 74' lang='lat' dir='ltr'><strong>refulgebat,</strong></span> <span class='ocrx_word' id='word_1_426' title='bbox 2956 2403 3009 2446; x_wconf 93' lang='lat' dir='ltr'><strong>ut</strong></span> <span class='ocrx_word' id='word_1_427' title='bbox 3031 2395 3116 2447; x_wconf 82' lang='lat' dir='ltr'><strong>vix</strong></span> <span class='ocrx_word' id='word_1_428' title='bbox 3140 2405 3317 2463; x_wconf 85' lang='lat' dir='ltr'><strong>posset</strong></span> <span class='ocrx_word' id='word_1_429' title='bbox 3338 2396 3571 2463; x_wconf 86' lang='lat' dir='ltr'><strong>intendi,</strong></span> <span class='ocrx_word' id='word_1_430' title='bbox 3599 2398 3805 2454; x_wconf 87' lang='lat' dir='ltr'><strong>dicente</strong></span> 
     </span>
    </p>
   </div>
   <div class='ocr_carea' id='block_1_56' title="bbox 2227 2486 3804 2554">
    <p class='ocr_par' dir='ltr' id='par_1_56' title="bbox 2227 2486 3804 2554">
     <span class='ocr_line' id='line_1_56' title="bbox 2227 2486 3804 2554; baseline 0.005 -15"><span class='ocrx_word' id='word_1_431' title='bbox 2227 2487 2329 2540; x_wconf 90' lang='lat' dir='ltr'><strong>sibi</strong></span> <span class='ocrx_word' id='word_1_432' title='bbox 2372 2486 2687 2541; x_wconf 87' lang='lat' dir='ltr'><strong>abbatissa:</strong></span> <span class='ocrx_word' id='word_1_433' title='bbox 2731 2486 2969 2554; x_wconf 88' lang='lat' dir='ltr'><strong>Sponsus</strong></span> <span class='ocrx_word' id='word_1_434' title='bbox 2994 2487 3136 2541; x_wconf 91' lang='lat' dir='ltr'><strong>enim</strong></span> <span class='ocrx_word' id='word_1_435' title='bbox 3172 2495 3292 2541; x_wconf 92' lang='lat' dir='ltr'><strong>tuus</strong></span> <span class='ocrx_word' id='word_1_436' title='bbox 3336 2489 3501 2543; x_wconf 86' lang='lat' dir='ltr'><strong>mittit</strong></span> <span class='ocrx_word' id='word_1_437' title='bbox 3550 2492 3642 2545; x_wconf 92' lang='lat' dir='ltr'><strong>tibi</strong></span> <span class='ocrx_word' id='word_1_438' title='bbox 3696 2493 3804 2547; x_wconf 67' lang='lat' dir='ltr'><strong>hazc</strong></span> 
     </span>
    </p>
   </div>
   <div class='ocr_carea' id='block_1_57' title="bbox 2228 2578 3806 2651">
    <p class='ocr_par' dir='ltr' id='par_1_57' title="bbox 2228 2578 3806 2651">
     <span class='ocr_line' id='line_1_57' title="bbox 2228 2578 3806 2651; baseline 0.005 -20"><span class='ocrx_word' id='word_1_439' title='bbox 2228 2594 2467 2633; x_wconf 76' lang='lat' dir='ltr'><strong>munera.</strong></span> <span class='ocrx_word' id='word_1_440' title='bbox 2518 2578 2644 2631; x_wconf 63' lang='lat' dir='ltr'><strong>Haec</strong></span> <span class='ocrx_word' id='word_1_441' title='bbox 2687 2592 2805 2632; x_wconf 92' lang='lat' dir='ltr'><strong>cum</strong></span> <span class='ocrx_word' id='word_1_442' title='bbox 2851 2578 3029 2647; x_wconf 89' lang='lat' dir='ltr'><strong>puella</strong></span> <span class='ocrx_word' id='word_1_443' title='bbox 3070 2579 3329 2644; x_wconf 89' lang='lat' dir='ltr'><strong>vidisset,</strong></span> <span class='ocrx_word' id='word_1_444' title='bbox 3368 2593 3686 2651; x_wconf 87' lang='lat' dir='ltr'><strong>compuncta</strong></span> <span class='ocrx_word' id='word_1_445' title='bbox 3727 2596 3806 2639; x_wconf 89' lang='lat' dir='ltr'><strong>est</strong></span> 
     </span>
    </p>
   </div>
   <div class='ocr_carea' id='block_1_58' title="bbox 2227 2669 3799 2742">
    <p class='ocr_par' dir='ltr' id='par_1_58' title="bbox 2227 2669 3799 2742">
     <span class='ocr_line' id='line_1_58' title="bbox 2227 2669 3799 2742; baseline 0.004 -18"><span class='ocrx_word' id='word_1_446' title='bbox 2227 2670 2406 2735; x_wconf 91' lang='lat' dir='ltr'><strong>corde,</strong></span> <span class='ocrx_word' id='word_1_447' title='bbox 2442 2681 2495 2723; x_wconf 92' lang='lat' dir='ltr'><strong>et</strong></span> <span class='ocrx_word' id='word_1_448' title='bbox 2526 2669 2682 2740; x_wconf 83' lang='lat'><strong>303</strong></span> <span class='ocrx_word' id='word_1_449' title='bbox 2714 2679 2831 2736; x_wconf 91' lang='lat' dir='ltr'><strong>post</strong></span> <span class='ocrx_word' id='word_1_450' title='bbox 2854 2669 2969 2723; x_wconf 92' lang='lat' dir='ltr'><strong>dies</strong></span> <span class='ocrx_word' id='word_1_451' title='bbox 2994 2685 3188 2738; x_wconf 89' lang='lat' dir='ltr'><strong>paucos</strong></span> <span class='ocrx_word' id='word_1_452' title='bbox 3217 2672 3420 2740; x_wconf 83' lang='lat' dir='ltr'><strong>rogavit</strong></span> <span class='ocrx_word' id='word_1_453' title='bbox 3450 2675 3799 2742; x_wconf 88' lang='lat' dir='ltr'><strong>abbatissam,</strong></span> 
     </span>
    </p>
   </div>
   <div class='ocr_carea' id='block_1_59' title="bbox 2226 2760 3796 2831">
    <p class='ocr_par' dir='ltr' id='par_1_59' title="bbox 2226 2760 3796 2831">
     <span class='ocr_line' id='line_1_59' title="bbox 2226 2760 3796 2831; baseline 0.004 -17"><span class='ocrx_word' id='word_1_454' title='bbox 2226 2770 2283 2815; x_wconf 92' lang='lat' dir='ltr'><strong>ut</strong></span> <span class='ocrx_word' id='word_1_455' title='bbox 2309 2761 2408 2814; x_wconf 85' lang='lat' dir='ltr'><strong>sibi</strong></span> <span class='ocrx_word' id='word_1_456' title='bbox 2435 2761 2484 2814; x_wconf 94' lang='lat' dir='ltr'><strong>in</strong></span> <span class='ocrx_word' id='word_1_457' title='bbox 2515 2776 2615 2830; x_wconf 87' lang='lat' dir='ltr'><strong>qua</strong></span> <span class='ocrx_word' id='word_1_458' title='bbox 2646 2760 3005 2815; x_wconf 84' lang='lat' dir='ltr'><strong>includeretur</strong></span> <span class='ocrx_word' id='word_1_459' title='bbox 3034 2761 3277 2815; x_wconf 85' lang='lat' dir='ltr'><strong>cellulam</strong></span> <span class='ocrx_word' id='word_1_460' title='bbox 3302 2776 3649 2831; x_wconf 79' lang='lat' dir='ltr'><strong>prtepararet.</strong></span> <span class='ocrx_word' id='word_1_461' title='bbox 3681 2767 3750 2820; x_wconf 88' lang='lat' dir='ltr'><strong>At</strong></span> <span class='ocrx_word' id='word_1_462' title='bbox 3778 2764 3796 2803; x_wconf 72' lang='grc' dir='ltr'>ί</span> 
     </span>
    </p>
   </div>
   <div class='ocr_carea' id='block_1_60' title="bbox 2226 2851 3802 2922">
    <p class='ocr_par' dir='ltr' id='par_1_60' title="bbox 2226 2851 3802 2922">
     <span class='ocr_line' id='line_1_60' title="bbox 2226 2851 3802 2922; baseline 0.004 -16"><span class='ocrx_word' id='word_1_463' title='bbox 2226 2852 2314 2906; x_wconf 92' lang='lat' dir='ltr'><strong>illa</strong></span> <span class='ocrx_word' id='word_1_464' title='bbox 2349 2851 2597 2907; x_wconf 79' lang='lat' dir='ltr'><strong>velociter</strong></span> <span class='ocrx_word' id='word_1_465' title='bbox 2626 2852 2856 2920; x_wconf 86' lang='lat' dir='ltr'><strong>perfecta</strong></span> <span class='ocrx_word' id='word_1_466' title='bbox 2882 2893 2896 2917; x_wconf 92' lang='lat'><strong>,</strong></span> <span class='ocrx_word' id='word_1_467' title='bbox 2924 2853 2996 2906; x_wconf 91' lang='lat' dir='ltr'><strong>ait</strong></span> <span class='ocrx_word' id='word_1_468' title='bbox 3026 2869 3040 2905; x_wconf 92' lang='lat'><strong>:</strong></span> <span class='ocrx_word' id='word_1_469' title='bbox 3067 2854 3202 2907; x_wconf 85' lang='lat' dir='ltr'><strong>Ecce</strong></span> <span class='ocrx_word' id='word_1_470' title='bbox 3222 2895 3238 2920; x_wconf 93' lang='lat'><strong>,</strong></span> <span class='ocrx_word' id='word_1_471' title='bbox 3288 2855 3489 2922; x_wconf 92' lang='lat' dir='ltr'><strong>inquit,</strong></span> <span class='ocrx_word' id='word_1_472' title='bbox 3522 2857 3802 2922; x_wconf 88' lang='lat' dir='ltr'><strong>cellulam;</strong></span> 
     </span>
    </p>
   </div>
   <div class='ocr_carea' id='block_1_61' title="bbox 2227 2944 3804 3014">
    <p class='ocr_par' dir='ltr' id='par_1_61' title="bbox 2227 2944 3804 3014">
     <span class='ocr_line' id='line_1_61' title="bbox 2227 2944 3804 3014; baseline 0.004 -17"><span class='ocrx_word' id='word_1_473' title='bbox 2227 2944 2353 3014; x_wconf 89' lang='lat' dir='ltr'><strong>quid</strong></span> <span class='ocrx_word' id='word_1_474' title='bbox 2383 2960 2521 2999; x_wconf 92' lang='lat' dir='ltr'><strong>nunc</strong></span> <span class='ocrx_word' id='word_1_475' title='bbox 2548 2944 2864 2999; x_wconf 85' lang='lat' dir='ltr'><strong>desideras?</strong></span> <span class='ocrx_word' id='word_1_476' title='bbox 2891 2944 3071 2999; x_wconf 89' lang='lat' dir='ltr'><strong>Puella</strong></span> <span class='ocrx_word' id='word_1_477' title='bbox 3123 2960 3248 3000; x_wconf 84' lang='lat' dir='ltr'><strong>vero</strong></span> <span class='ocrx_word' id='word_1_478' title='bbox 3278 2945 3427 3012; x_wconf 90' lang='lat' dir='ltr'><strong>petiit</strong></span> <span class='ocrx_word' id='word_1_479' title='bbox 3461 2989 3474 3012; x_wconf 92' lang='lat'><strong>,</strong></span> <span class='ocrx_word' id='word_1_480' title='bbox 3518 2957 3575 2999; x_wconf 92' lang='lat' dir='ltr'><strong>ut</strong></span> <span class='ocrx_word' id='word_1_481' title='bbox 3599 2950 3804 3003; x_wconf 88' lang='lat' dir='ltr'><strong>recludi</strong></span> 
     </span>
    </p>
   </div>
   <div class='ocr_carea' id='block_1_62' title="bbox 548 3035 3807 3119">
    <p class='ocr_par' dir='ltr' id='par_1_62' title="bbox 548 3035 3807 3119">
     <span class='ocr_line' id='line_1_62' title="bbox 548 3035 3807 3119; baseline -0.003 -15"><span class='ocrx_word' id='word_1_482' title='bbox 548 3062 693 3119; x_wconf 73' lang='lat' dir='ltr'><strong>strte,</strong></span> <span class='ocrx_word' id='word_1_483' title='bbox 726 3059 783 3102; x_wconf 93' lang='lat' dir='ltr'><strong>ut</strong></span> <span class='ocrx_word' id='word_1_484' title='bbox 805 3045 931 3101; x_wconf 91' lang='lat' dir='ltr'><strong>mihi</strong></span> <span class='ocrx_word' id='word_1_485' title='bbox 980 3058 1121 3098; x_wconf 76' lang='lat' dir='ltr'><strong>curae</strong></span> <span class='ocrx_word' id='word_1_486' title='bbox 1169 3041 1361 3111; x_wconf 90' lang='lat' dir='ltr'><strong>aliquid</strong></span> <span class='ocrx_word' id='word_1_487' title='bbox 1416 3037 1731 3107; x_wconf 85' lang='lat' dir='ltr'><strong>impendatis</strong></span> <span class='ocrx_word' id='word_1_488' title='bbox 1753 3080 1768 3104; x_wconf 91' lang='lat'><strong>,</strong></span> <span class='ocrx_word' id='word_1_489' title='bbox 1819 3037 1909 3091; x_wconf 91' lang='lat' dir='ltr'><strong>sed</strong></span> <span class='ocrx_word' id='word_1_490' title='bbox 1944 3037 2118 3104; x_wconf 83' lang='lat' dir='ltr'><strong>potius</strong></span> <span class='ocrx_word' id='word_1_491' title='bbox 2144 3037 2193 3099; x_wconf 82' lang='lat' dir='ltr'><strong><em>C</em></strong></span> <span class='ocrx_word' id='word_1_492' title='bbox 2223 3036 2639 3103; x_wconf 89' lang='lat' dir='ltr'><strong>permitteretur.</strong></span> <span class='ocrx_word' id='word_1_493' title='bbox 2692 3035 2841 3101; x_wconf 83' lang='lat' dir='ltr'><strong>Quod</strong></span> <span class='ocrx_word' id='word_1_494' title='bbox 2873 3050 2993 3089; x_wconf 90' lang='lat' dir='ltr'><strong>cum</strong></span> <span class='ocrx_word' id='word_1_495' title='bbox 3030 3036 3078 3091; x_wconf 90' lang='lat' dir='ltr'><strong>ei</strong></span> <span class='ocrx_word' id='word_1_496' title='bbox 3113 3037 3407 3105; x_wconf 84' lang='lat' dir='ltr'><strong>praestitum</strong></span> <span class='ocrx_word' id='word_1_497' title='bbox 3451 3038 3656 3104; x_wconf 82' lang='lat' dir='ltr'><strong>fuisset,</strong></span> <span class='ocrx_word' id='word_1_498' title='bbox 3680 3056 3807 3094; x_wconf 62' lang='lat' dir='ltr'><strong>con.</strong></span> 
     </span>
    </p>
   </div>
   <div class='ocr_carea' id='block_1_63' title="bbox 548 3130 2113 3205">
    <p class='ocr_par' dir='ltr' id='par_1_63' title="bbox 548 3130 2113 3205">
     <span class='ocr_line' id='line_1_63' title="bbox 548 3130 2113 3205; baseline -0.01 -10"><span class='ocrx_word' id='word_1_499' title='bbox 548 3140 849 3197; x_wconf 87' lang='lat' dir='ltr'><strong>disceditea</strong></span> <span class='ocrx_word' id='word_1_500' title='bbox 884 3153 989 3204; x_wconf 89' lang='lat' dir='ltr'><strong>me,</strong></span> <span class='ocrx_word' id='word_1_501' title='bbox 1022 3150 1128 3205; x_wconf 92' lang='lat' dir='ltr'><strong>quo</strong></span> <span class='ocrx_word' id='word_1_502' title='bbox 1153 3132 1359 3187; x_wconf 79' lang='lat' dir='ltr'><strong>facilius</strong></span> <span class='ocrx_word' id='word_1_503' title='bbox 1386 3132 1564 3200; x_wconf 92' lang='lat' dir='ltr'><strong>sopori</strong></span> <span class='ocrx_word' id='word_1_504' title='bbox 1604 3130 1833 3185; x_wconf 83' lang='lat' dir='ltr'><strong>relaxer.</strong></span> <span class='ocrx_word' id='word_1_505' title='bbox 1868 3130 1989 3183; x_wconf 74' lang='lat' dir='ltr'><strong>llzcc</strong></span> <span class='ocrx_word' id='word_1_506' title='bbox 2016 3145 2113 3181; x_wconf 90' lang='lat' dir='ltr'><strong>au-</strong></span> 
     </span>
    </p>
   </div>
   <div class='ocr_carea' id='block_1_64' title="bbox 550 3220 2115 3294">
    <p class='ocr_par' dir='ltr' id='par_1_64' title="bbox 550 3220 2115 3294">
     <span class='ocr_line' id='line_1_64' title="bbox 550 3220 2115 3294; baseline -0.01 -7"><span class='ocrx_word' id='word_1_507' title='bbox 550 3233 761 3287; x_wconf 89' lang='lat' dir='ltr'><strong>dientes</strong></span> <span class='ocrx_word' id='word_1_508' title='bbox 801 3242 1013 3283; x_wconf 89' lang='lat' dir='ltr'><strong>sorores</strong></span> <span class='ocrx_word' id='word_1_509' title='bbox 1063 3225 1199 3294; x_wconf 89' lang='lat' dir='ltr'><strong>ejus,</strong></span> <span class='ocrx_word' id='word_1_510' title='bbox 1241 3232 1578 3277; x_wconf 89' lang='lat' dir='ltr'><strong>recesserunt</strong></span> <span class='ocrx_word' id='word_1_511' title='bbox 1628 3235 1909 3290; x_wconf 85' lang='lat' dir='ltr'><strong>parumper</strong></span> <span class='ocrx_word' id='word_1_512' title='bbox 1954 3234 1981 3272; x_wconf 90' lang='lat' dir='ltr'><strong>a</strong></span> <span class='ocrx_word' id='word_1_513' title='bbox 2010 3220 2115 3274; x_wconf 79' lang='lat' dir='ltr'><strong>cel-</strong></span> 
     </span>
    </p>
   </div>
   <div class='ocr_carea' id='block_1_65' title="bbox 549 3313 2111 3389">
    <p class='ocr_par' dir='ltr' id='par_1_65' title="bbox 549 3313 2111 3389">
     <span class='ocr_line' id='line_1_65' title="bbox 549 3313 2111 3389; baseline -0.01 -10"><span class='ocrx_word' id='word_1_514' title='bbox 549 3325 681 3386; x_wconf 92' lang='lat' dir='ltr'><strong>lula,</strong></span> <span class='ocrx_word' id='word_1_515' title='bbox 713 3331 764 3376; x_wconf 91' lang='lat' dir='ltr'><strong>et</strong></span> <span class='ocrx_word' id='word_1_516' title='bbox 792 3327 912 3389; x_wconf 89' lang='lat' dir='ltr'><strong>post</strong></span> <span class='ocrx_word' id='word_1_517' title='bbox 948 3317 1217 3386; x_wconf 88' lang='lat' dir='ltr'><strong>paululum</strong></span> <span class='ocrx_word' id='word_1_518' title='bbox 1245 3315 1595 3368; x_wconf 91' lang='lat' dir='ltr'><strong>advenerunt.</strong></span> <span class='ocrx_word' id='word_1_519' title='bbox 1643 3313 1877 3382; x_wconf 87' lang='lat' dir='ltr'><strong>Denique</strong></span> <span class='ocrx_word' id='word_1_520' title='bbox 1925 3313 2111 3365; x_wconf 90' lang='lat' dir='ltr'><strong>stanti-</strong></span> 
     </span>
    </p>
   </div>
   <div class='ocr_carea' id='block_1_66' title="bbox 546 3404 2116 3476">
    <p class='ocr_par' dir='ltr' id='par_1_66' title="bbox 546 3404 2116 3476">
     <span class='ocr_line' id='line_1_66' title="bbox 546 3404 2116 3476; baseline -0.01 -3"><span class='ocrx_word' id='word_1_521' title='bbox 546 3416 647 3473; x_wconf 88' lang='lat' dir='ltr'><strong>bus</strong></span> <span class='ocrx_word' id='word_1_522' title='bbox 676 3412 782 3468; x_wconf 89' lang='lat' dir='ltr'><strong>illis</strong></span> <span class='ocrx_word' id='word_1_523' title='bbox 802 3424 981 3465; x_wconf 88' lang='lat' dir='ltr'><strong>coram</strong></span> <span class='ocrx_word' id='word_1_524' title='bbox 1010 3422 1106 3473; x_wconf 87' lang='lat' dir='ltr'><strong>ea,</strong></span> <span class='ocrx_word' id='word_1_525' title='bbox 1132 3406 1513 3476; x_wconf 81' lang='lat' dir='ltr'><strong>exspectabant</strong></span> <span class='ocrx_word' id='word_1_526' title='bbox 1544 3405 1668 3473; x_wconf 93' lang='lat' dir='ltr'><strong>quid</strong></span> <span class='ocrx_word' id='word_1_527' title='bbox 1701 3405 1767 3458; x_wconf 89' lang='lat' dir='ltr'><strong>ab</strong></span> <span class='ocrx_word' id='word_1_528' title='bbox 1795 3405 1881 3457; x_wconf 91' lang='lat' dir='ltr'><strong>illa</strong></span> <span class='ocrx_word' id='word_1_529' title='bbox 1937 3404 2116 3458; x_wconf 82' lang='lat' dir='ltr'><strong>elocu-</strong></span> 
     </span>
    </p>
   </div>
   <div class='ocr_carea' id='block_1_67' title="bbox 546 3497 2119 3568">
    <p class='ocr_par' dir='ltr' id='par_1_67' title="bbox 546 3497 2119 3568">
     <span class='ocr_line' id='line_1_67' title="bbox 546 3497 2119 3568; baseline -0.01 -4"><span class='ocrx_word' id='word_1_530' title='bbox 546 3506 705 3564; x_wconf 86' lang='lat' dir='ltr'><strong>tionis</strong></span> <span class='ocrx_word' id='word_1_531' title='bbox 731 3504 990 3558; x_wconf 88' lang='lat' dir='ltr'><strong>audirent.</strong></span> <span class='ocrx_word' id='word_1_532' title='bbox 1023 3501 1137 3568; x_wconf 88' lang='lat' dir='ltr'><strong>Ipsa</strong></span> <span class='ocrx_word' id='word_1_533' title='bbox 1180 3507 1357 3552; x_wconf 90' lang='lat' dir='ltr'><strong>autem</strong></span> <span class='ocrx_word' id='word_1_534' title='bbox 1387 3498 1633 3567; x_wconf 82' lang='lat' dir='ltr'><strong>expansis</strong></span> <span class='ocrx_word' id='word_1_535' title='bbox 1669 3497 1909 3551; x_wconf 89' lang='lat' dir='ltr'><strong>manibus</strong></span> <span class='ocrx_word' id='word_1_536' title='bbox 1954 3497 2119 3551; x_wconf 57' lang='lat' dir='ltr'><strong>bene»</strong></span> 
     </span>
    </p>
   </div>
   <div class='ocr_carea' id='block_1_68' title="bbox 545 3588 2111 3660">
    <p class='ocr_par' dir='ltr' id='par_1_68' title="bbox 545 3588 2111 3660">
     <span class='ocr_line' id='line_1_68' title="bbox 545 3588 2111 3660; baseline -0.006 -9"><span class='ocrx_word' id='word_1_537' title='bbox 545 3595 830 3651; x_wconf 86' lang='lat' dir='ltr'><strong>dictionem</strong></span> <span class='ocrx_word' id='word_1_538' title='bbox 861 3609 891 3647; x_wconf 90' lang='lat' dir='ltr'><strong>a</strong></span> <span class='ocrx_word' id='word_1_539' title='bbox 914 3591 1094 3647; x_wconf 90' lang='lat' dir='ltr'><strong>nescio</strong></span> <span class='ocrx_word' id='word_1_540' title='bbox 1118 3605 1221 3660; x_wconf 92' lang='lat' dir='ltr'><strong>quo</strong></span> <span class='ocrx_word' id='word_1_541' title='bbox 1264 3588 1577 3658; x_wconf 84' lang='lat' dir='ltr'><strong>efﬂagitans,</strong></span> <span class='ocrx_word' id='word_1_542' title='bbox 1612 3590 1723 3643; x_wconf 89' lang='lat' dir='ltr'><strong>ait:</strong></span> <span class='ocrx_word' id='word_1_543' title='bbox 1751 3589 2000 3655; x_wconf 86' lang='lat' dir='ltr'><strong>Benedic,</strong></span> <span class='ocrx_word' id='word_1_544' title='bbox 2029 3589 2111 3642; x_wconf 92' lang='lat' dir='ltr'><strong>in-</strong></span> 
     </span>
    </p>
   </div>
   <div class='ocr_carea' id='block_1_69' title="bbox 547 3681 2111 3758">
    <p class='ocr_par' dir='ltr' id='par_1_69' title="bbox 547 3681 2111 3758">
     <span class='ocr_line' id='line_1_69' title="bbox 547 3681 2111 3758; baseline -0.005 -14"><span class='ocrx_word' id='word_1_545' title='bbox 547 3689 684 3758; x_wconf 90' lang='lat' dir='ltr'><strong>quit,</strong></span> <span class='ocrx_word' id='word_1_546' title='bbox 712 3686 862 3752; x_wconf 89' lang='lat' dir='ltr'><strong>mihi,</strong></span> <span class='ocrx_word' id='word_1_547' title='bbox 886 3694 1068 3739; x_wconf 85' lang='lat' dir='ltr'><strong>sancte</strong></span> <span class='ocrx_word' id='word_1_548' title='bbox 1092 3698 1153 3737; x_wconf 90' lang='lat' dir='ltr'><strong>ac</strong></span> <span class='ocrx_word' id='word_1_549' title='bbox 1186 3681 1382 3737; x_wconf 86' lang='lat' dir='ltr'><strong>famule</strong></span> <span class='ocrx_word' id='word_1_550' title='bbox 1424 3682 1516 3736; x_wconf 90' lang='lat' dir='ltr'><strong>Dei</strong></span> <span class='ocrx_word' id='word_1_551' title='bbox 1544 3683 1763 3736; x_wconf 80' lang='lat' dir='ltr'><strong>excelsi.</strong></span> <span class='ocrx_word' id='word_1_552' title='bbox 1801 3682 1937 3736; x_wconf 82' lang='lat' dir='ltr'><strong>Ecce</strong></span> <span class='ocrx_word' id='word_1_553' title='bbox 1970 3683 2111 3736; x_wconf 90' lang='lat' dir='ltr'><strong>enim</strong></span> 
     </span>
    </p>
   </div>
   <div class='ocr_carea' id='block_1_70' title="bbox 542 3774 2113 3852">
    <p class='ocr_par' dir='ltr' id='par_1_70' title="bbox 542 3774 2113 3852">
     <span class='ocr_line' id='line_1_70' title="bbox 542 3774 2113 3852; baseline -0.004 -16"><span class='ocrx_word' id='word_1_554' title='bbox 542 3782 652 3852; x_wconf 82' lang='lat' dir='ltr'><strong>jam</strong></span> <span class='ocrx_word' id='word_1_555' title='bbox 667 3779 822 3835; x_wconf 90' lang='lat' dir='ltr'><strong>tertio</strong></span> <span class='ocrx_word' id='word_1_556' title='bbox 838 3776 1071 3846; x_wconf 89' lang='lat' dir='ltr'><strong>fatigaris</strong></span> <span class='ocrx_word' id='word_1_557' title='bbox 1087 3775 1240 3829; x_wconf 90' lang='lat' dir='ltr'><strong>hodie</strong></span> <span class='ocrx_word' id='word_1_558' title='bbox 1256 3777 1357 3830; x_wconf 90' lang='lat' dir='ltr'><strong>mei</strong></span> <span class='ocrx_word' id='word_1_559' title='bbox 1376 3789 1553 3829; x_wconf 82' lang='lat' dir='ltr'><strong>causa.</strong></span> <span class='ocrx_word' id='word_1_560' title='bbox 1572 3774 1745 3846; x_wconf 68' lang='lat' dir='ltr'><strong>Etcur</strong></span> <span class='ocrx_word' id='word_1_561' title='bbox 1760 3818 1773 3840; x_wconf 91' lang='lat'><strong>,</strong></span> <span class='ocrx_word' id='word_1_562' title='bbox 1793 3784 1998 3839; x_wconf 86' lang='lat' dir='ltr'><strong>sancte,</strong></span> <span class='ocrx_word' id='word_1_563' title='bbox 2019 3791 2113 3843; x_wconf 90' lang='lat' dir='ltr'><strong>pro</strong></span> 
     </span>
    </p>
   </div>
   <div class='ocr_carea' id='block_1_71' title="bbox 544 3866 2113 3939">
    <p class='ocr_par' dir='ltr' id='par_1_71' title="bbox 544 3866 2113 3939">
     <span class='ocr_line' id='line_1_71' title="bbox 544 3866 2113 3939; baseline -0.005 -13"><span class='ocrx_word' id='word_1_564' title='bbox 544 3872 755 3927; x_wconf 78' lang='lat' dir='ltr'><strong>inﬁrma</strong></span> <span class='ocrx_word' id='word_1_565' title='bbox 811 3868 1119 3924; x_wconf 88' lang='lat' dir='ltr'><strong>muliercula</strong></span> <span class='ocrx_word' id='word_1_566' title='bbox 1163 3866 1378 3921; x_wconf 89' lang='lat' dir='ltr'><strong>crebras</strong></span> <span class='ocrx_word' id='word_1_567' title='bbox 1407 3866 1626 3935; x_wconf 89' lang='lat' dir='ltr'><strong>injurias</strong></span> <span class='ocrx_word' id='word_1_568' title='bbox 1656 3867 1930 3922; x_wconf 82' lang='lat' dir='ltr'><strong>sustines?</strong></span> <span class='ocrx_word' id='word_1_569' title='bbox 1951 3868 2113 3939; x_wconf 77' lang='lat'><strong>302</strong></span> 
     </span>
    </p>
   </div>
   <div class='ocr_carea' id='block_1_72' title="bbox 542 3956 2112 4033">
    <p class='ocr_par' dir='ltr' id='par_1_72' title="bbox 542 3956 2112 4033">
     <span class='ocr_line' id='line_1_72' title="bbox 542 3956 2112 4033; baseline -0.011 -15"><span class='ocrx_word' id='word_1_570' title='bbox 542 3960 993 4033; x_wconf 85' lang='lat' dir='ltr'><strong>lnterrogantibus</strong></span> <span class='ocrx_word' id='word_1_571' title='bbox 1031 3973 1158 4014; x_wconf 91' lang='lat' dir='ltr'><strong>vero</strong></span> <span class='ocrx_word' id='word_1_572' title='bbox 1185 3956 1289 4011; x_wconf 91' lang='lat' dir='ltr'><strong>illis</strong></span> <span class='ocrx_word' id='word_1_573' title='bbox 1320 3998 1336 4024; x_wconf 90' lang='lat'><strong>,</strong></span> <span class='ocrx_word' id='word_1_574' title='bbox 1365 3957 1429 4010; x_wconf 88' lang='lat' dir='ltr'><strong>ad</strong></span> <span class='ocrx_word' id='word_1_575' title='bbox 1458 3970 1613 4025; x_wconf 86' lang='lat' dir='ltr'><strong>quem</strong></span> <span class='ocrx_word' id='word_1_576' title='bbox 1661 3959 1775 4013; x_wconf 65' lang='lat' dir='ltr'><strong>haec</strong></span> <span class='ocrx_word' id='word_1_577' title='bbox 1800 3957 1962 4013; x_wconf 92' lang='lat' dir='ltr'><strong>verba</strong></span> <span class='ocrx_word' id='word_1_578' title='bbox 1992 3974 2112 4027; x_wconf 82' lang='lat' dir='ltr'><strong>pro.</strong></span> 
     </span>
    </p>
   </div>
   <div class='ocr_carea' id='block_1_73' title="bbox 540 4047 2113 4122">
    <p class='ocr_par' dir='ltr' id='par_1_73' title="bbox 540 4047 2113 4122">
     <span class='ocr_line' id='line_1_73' title="bbox 540 4047 2113 4122; baseline -0.006 -10"><span class='ocrx_word' id='word_1_579' title='bbox 540 4057 723 4119; x_wconf 85' lang='lat' dir='ltr'><strong>ferret,</strong></span> <span class='ocrx_word' id='word_1_580' title='bbox 758 4054 969 4122; x_wconf 81' lang='lat' dir='ltr'><strong>penitus</strong></span> <span class='ocrx_word' id='word_1_581' title='bbox 998 4066 1100 4105; x_wconf 92' lang='lat' dir='ltr'><strong>non</strong></span> <span class='ocrx_word' id='word_1_582' title='bbox 1131 4059 1217 4104; x_wconf 83' lang='lat' dir='ltr'><strong>est</strong></span> <span class='ocrx_word' id='word_1_583' title='bbox 1245 4047 1421 4103; x_wconf 56' lang='lat' dir='ltr'><strong>effata.</strong></span> <span class='ocrx_word' id='word_1_584' title='bbox 1452 4047 1601 4102; x_wconf 90' lang='lat' dir='ltr'><strong>Tunc</strong></span> <span class='ocrx_word' id='word_1_585' title='bbox 1631 4050 1768 4103; x_wconf 86' lang='lat' dir='ltr'><strong>facto</strong></span> <span class='ocrx_word' id='word_1_586' title='bbox 1795 4049 2004 4104; x_wconf 90' lang='lat' dir='ltr'><strong>modico</strong></span> <span class='ocrx_word' id='word_1_587' title='bbox 2033 4050 2113 4104; x_wconf 88' lang='lat' dir='ltr'><strong>in-</strong></span> 
     </span>
    </p>
   </div>
   <div class='ocr_carea' id='block_1_74' title="bbox 546 4141 2114 4213">
    <p class='ocr_par' dir='ltr' id='par_1_74' title="bbox 546 4141 2114 4213">
     <span class='ocr_line' id='line_1_74' title="bbox 546 4141 2114 4213; baseline -0.004 -11"><span class='ocrx_word' id='word_1_588' title='bbox 546 4147 796 4213; x_wconf 73' lang='lat' dir='ltr'><strong>tervallo,</strong></span> <span class='ocrx_word' id='word_1_589' title='bbox 824 4144 1001 4199; x_wconf 87' lang='lat' dir='ltr'><strong>emisit</strong></span> <span class='ocrx_word' id='word_1_590' title='bbox 1026 4157 1206 4196; x_wconf 89' lang='lat' dir='ltr'><strong>vocem</strong></span> <span class='ocrx_word' id='word_1_591' title='bbox 1232 4155 1475 4210; x_wconf 86' lang='lat' dir='ltr'><strong>magnam</strong></span> <span class='ocrx_word' id='word_1_592' title='bbox 1507 4154 1626 4194; x_wconf 91' lang='lat' dir='ltr'><strong>cum</strong></span> <span class='ocrx_word' id='word_1_593' title='bbox 1649 4141 1780 4205; x_wconf 83' lang='lat' dir='ltr'><strong>risu,</strong></span> <span class='ocrx_word' id='word_1_594' title='bbox 1808 4150 1862 4195; x_wconf 88' lang='lat' dir='ltr'><strong>et</strong></span> <span class='ocrx_word' id='word_1_595' title='bbox 1887 4142 1963 4195; x_wconf 88' lang='lat' dir='ltr'><strong>sic</strong></span> <span class='ocrx_word' id='word_1_596' title='bbox 2007 4151 2114 4195; x_wconf 90' lang='lat' dir='ltr'><strong>tra-</strong></span> 
     </span>
    </p>
   </div>
   <div class='ocr_carea' id='block_1_75' title="bbox 540 4233 2111 4308">
    <p class='ocr_par' dir='ltr' id='par_1_75' title="bbox 540 4233 2111 4308">
     <span class='ocr_line' id='line_1_75' title="bbox 540 4233 2111 4308; baseline -0.007 -12"><span class='ocrx_word' id='word_1_597' title='bbox 540 4242 677 4297; x_wconf 88' lang='lat' dir='ltr'><strong>didit</strong></span> <span class='ocrx_word' id='word_1_598' title='bbox 716 4238 981 4308; x_wconf 86' lang='lat' dir='ltr'><strong>spiritum.</strong></span> <span class='ocrx_word' id='word_1_599' title='bbox 1036 4234 1104 4288; x_wconf 91' lang='lat' dir='ltr'><strong>Et</strong></span> <span class='ocrx_word' id='word_1_600' title='bbox 1128 4248 1257 4288; x_wconf 85' lang='lat' dir='ltr'><strong>ecce</strong></span> <span class='ocrx_word' id='word_1_601' title='bbox 1302 4233 1515 4301; x_wconf 89' lang='lat' dir='ltr'><strong>quidam</strong></span> <span class='ocrx_word' id='word_1_602' title='bbox 1566 4248 1975 4301; x_wconf 88' lang='lat' dir='ltr'><strong>energumenus,</strong></span> <span class='ocrx_word' id='word_1_603' title='bbox 2022 4249 2111 4305; x_wconf 65' lang='lat' dir='ltr'><strong>qui</strong></span> 
     </span>
    </p>
   </div>
   <div class='ocr_carea' id='block_1_76' title="bbox 540 4325 2106 4396">
    <p class='ocr_par' dir='ltr' id='par_1_76' title="bbox 540 4325 2106 4396">
     <span class='ocr_line' id='line_1_76' title="bbox 540 4325 2106 4396; baseline -0.002 -13"><span class='ocrx_word' id='word_1_604' title='bbox 540 4342 665 4386; x_wconf 91' lang='lat' dir='ltr'><strong>tunc</strong></span> <span class='ocrx_word' id='word_1_605' title='bbox 688 4331 753 4385; x_wconf 87' lang='lat' dir='ltr'><strong>ad</strong></span> <span class='ocrx_word' id='word_1_606' title='bbox 784 4332 955 4385; x_wconf 66' lang='lat' dir='ltr'><strong>beatae</strong></span> <span class='ocrx_word' id='word_1_607' title='bbox 983 4327 1167 4383; x_wconf 87' lang='lat' dir='ltr'><strong>Crucis</strong></span> <span class='ocrx_word' id='word_1_608' title='bbox 1190 4326 1415 4396; x_wconf 80' lang='lat' dir='ltr'><strong>gloriam</strong></span> <span class='ocrx_word' id='word_1_609' title='bbox 1438 4325 1773 4380; x_wconf 90' lang='lat' dir='ltr'><strong>mundandus</strong></span> <span class='ocrx_word' id='word_1_610' title='bbox 1800 4326 2106 4391; x_wconf 89' lang='lat' dir='ltr'><strong>advenerat,</strong></span> 
     </span>
    </p>
   </div>
   <div class='ocr_carea' id='block_1_77' title="bbox 2216 3126 3798 3196">
    <p class='ocr_par' dir='ltr' id='par_1_77' title="bbox 2216 3126 3798 3196">
     <span class='ocr_line' id='line_1_77' title="bbox 2216 3126 3798 3196; baseline 0.005 -18"><span class='ocrx_word' id='word_1_611' title='bbox 2216 3128 2445 3195; x_wconf 86' lang='lat' dir='ltr'><strong>gregatis</strong></span> <span class='ocrx_word' id='word_1_612' title='bbox 2469 3126 2758 3196; x_wconf 80' lang='lat' dir='ltr'><strong>virginibus</strong></span> <span class='ocrx_word' id='word_1_613' title='bbox 2805 3141 2922 3181; x_wconf 91' lang='lat' dir='ltr'><strong>cum</strong></span> <span class='ocrx_word' id='word_1_614' title='bbox 2974 3142 3166 3196; x_wconf 92' lang='lat' dir='ltr'><strong>magno</strong></span> <span class='ocrx_word' id='word_1_615' title='bbox 3192 3128 3468 3195; x_wconf 83' lang='lat' dir='ltr'><strong>psallentio</strong></span> <span class='ocrx_word' id='word_1_616' title='bbox 3496 3174 3509 3194; x_wconf 92' lang='lat'><strong>,</strong></span> <span class='ocrx_word' id='word_1_617' title='bbox 3552 3135 3798 3186; x_wconf 89' lang='lat' dir='ltr'><strong>accensis</strong></span> 
     </span>
    </p>
   </div>
   <div class='ocr_carea' id='block_1_78' title="bbox 2216 3217 3803 3291">
    <p class='ocr_par' dir='ltr' id='par_1_78' title="bbox 2216 3217 3803 3291">
     <span class='ocr_line' id='line_1_78' title="bbox 2216 3217 3803 3291; baseline 0.004 -20"><span class='ocrx_word' id='word_1_618' title='bbox 2216 3218 2569 3285; x_wconf 87' lang='lat' dir='ltr'><strong>lampadibus,</strong></span> <span class='ocrx_word' id='word_1_619' title='bbox 2604 3228 2818 3273; x_wconf 90' lang='lat' dir='ltr'><strong>tenente</strong></span> <span class='ocrx_word' id='word_1_620' title='bbox 2847 3218 2945 3272; x_wconf 90' lang='lat' dir='ltr'><strong>sibi</strong></span> <span class='ocrx_word' id='word_1_621' title='bbox 2971 3227 3143 3287; x_wconf 83' lang='lat' dir='ltr'><strong>_Deata</strong></span> <span class='ocrx_word' id='word_1_622' title='bbox 3187 3217 3518 3288; x_wconf 81' lang='lat' dir='ltr'><strong>Radegunde</strong></span> <span class='ocrx_word' id='word_1_623' title='bbox 3563 3237 3803 3291; x_wconf 88' lang='lat' dir='ltr'><strong>manum,</strong></span> 
     </span>
    </p>
   </div>
   <div class='ocr_carea' id='block_1_79' title="bbox 2216 3310 3802 3379">
    <p class='ocr_par' dir='ltr' id='par_1_79' title="bbox 2216 3310 3802 3379">
     <span class='ocr_line' id='line_1_79' title="bbox 2216 3310 3802 3379; baseline 0.004 -16"><span class='ocrx_word' id='word_1_624' title='bbox 2216 3310 2283 3363; x_wconf 88' lang='lat' dir='ltr'><strong>ad</strong></span> <span class='ocrx_word' id='word_1_625' title='bbox 2314 3310 2486 3363; x_wconf 91' lang='lat' dir='ltr'><strong>locum</strong></span> <span class='ocrx_word' id='word_1_626' title='bbox 2520 3326 2689 3376; x_wconf 88' lang='lat' dir='ltr'><strong>usque</strong></span> <span class='ocrx_word' id='word_1_627' title='bbox 2731 3310 3053 3379; x_wconf 88' lang='lat' dir='ltr'><strong>perducitur.</strong></span> <span class='ocrx_word' id='word_1_628' title='bbox 3086 3310 3153 3364; x_wconf 91' lang='lat' dir='ltr'><strong>Et</strong></span> <span class='ocrx_word' id='word_1_629' title='bbox 3180 3312 3257 3364; x_wconf 92' lang='lat' dir='ltr'><strong>sic</strong></span> <span class='ocrx_word' id='word_1_630' title='bbox 3288 3313 3405 3365; x_wconf 82' lang='lat' dir='ltr'><strong>vale</strong></span> <span class='ocrx_word' id='word_1_631' title='bbox 3448 3312 3655 3368; x_wconf 86' lang='lat' dir='ltr'><strong>faciens</strong></span> <span class='ocrx_word' id='word_1_632' title='bbox 3687 3332 3802 3369; x_wconf 86' lang='lat' dir='ltr'><strong>om-</strong></span> 
     </span>
    </p>
   </div>
   <div class='ocr_carea' id='block_1_80' title="bbox 2216 3402 3803 3472">
    <p class='ocr_par' dir='ltr' id='par_1_80' title="bbox 2216 3402 3803 3472">
     <span class='ocr_line' id='line_1_80' title="bbox 2216 3402 3803 3472; baseline 0.003 -15"><span class='ocrx_word' id='word_1_633' title='bbox 2216 3402 2390 3464; x_wconf 84' lang='lat' dir='ltr'><strong>nibus,</strong></span> <span class='ocrx_word' id='word_1_634' title='bbox 2438 3414 2492 3458; x_wconf 91' lang='lat' dir='ltr'><strong>et</strong></span> <span class='ocrx_word' id='word_1_635' title='bbox 2535 3406 2785 3457; x_wconf 88' lang='lat' dir='ltr'><strong>osculans</strong></span> <span class='ocrx_word' id='word_1_636' title='bbox 2841 3402 3078 3472; x_wconf 87' lang='lat' dir='ltr'><strong>singulas</strong></span> <span class='ocrx_word' id='word_1_637' title='bbox 3125 3417 3390 3472; x_wconf 92' lang='lat' dir='ltr'><strong>quasque,</strong></span> <span class='ocrx_word' id='word_1_638' title='bbox 3438 3416 3652 3460; x_wconf 84' lang='lat' dir='ltr'><strong>reclusa</strong></span> <span class='ocrx_word' id='word_1_639' title='bbox 3702 3419 3803 3462; x_wconf 89' lang='lat' dir='ltr'><strong>est.</strong></span> 
     </span>
    </p>
   </div>
   <div class='ocr_carea' id='block_1_81' title="bbox 2214 3495 3803 3567">
    <p class='ocr_par' dir='ltr' id='par_1_81' title="bbox 2214 3495 3803 3567">
     <span class='ocr_line' id='line_1_81' title="bbox 2214 3495 3803 3567; baseline 0.005 -18"><span class='ocrx_word' id='word_1_640' title='bbox 2214 3495 2605 3565; x_wconf 89' lang='lat' dir='ltr'><strong>Obstructoque</strong></span> <span class='ocrx_word' id='word_1_641' title='bbox 2650 3495 2795 3550; x_wconf 90' lang='lat' dir='ltr'><strong>aditu</strong></span> <span class='ocrx_word' id='word_1_642' title='bbox 2844 3510 2940 3564; x_wconf 91' lang='lat' dir='ltr'><strong>per</strong></span> <span class='ocrx_word' id='word_1_643' title='bbox 2985 3509 3141 3565; x_wconf 89' lang='lat' dir='ltr'><strong>quem</strong></span> <span class='ocrx_word' id='word_1_644' title='bbox 3198 3496 3433 3567; x_wconf 85' lang='lat' dir='ltr'><strong>ingressa</strong></span> <span class='ocrx_word' id='word_1_645' title='bbox 3485 3500 3680 3567; x_wconf 86' lang='lat' dir='ltr'><strong>fuerat,</strong></span> <span class='ocrx_word' id='word_1_646' title='bbox 3735 3501 3803 3558; x_wconf 90' lang='lat' dir='ltr'><strong>ibi</strong></span> 
     </span>
    </p>
   </div>
   <div class='ocr_carea' id='block_1_82' title="bbox 2216 3586 3137 3642">
    <p class='ocr_par' dir='ltr' id='par_1_82' title="bbox 2216 3586 3137 3642">
     <span class='ocr_line' id='line_1_82' title="bbox 2216 3586 3137 3642; baseline -0.001 -1"><span class='ocrx_word' id='word_1_647' title='bbox 2216 3602 2357 3642; x_wconf 91' lang='lat' dir='ltr'><strong>nunc</strong></span> <span class='ocrx_word' id='word_1_648' title='bbox 2381 3587 2606 3641; x_wconf 90' lang='lat' dir='ltr'><strong>orationi</strong></span> <span class='ocrx_word' id='word_1_649' title='bbox 2635 3602 2697 3641; x_wconf 91' lang='lat' dir='ltr'><strong>ac</strong></span> <span class='ocrx_word' id='word_1_650' title='bbox 2726 3586 2937 3642; x_wconf 90' lang='lat' dir='ltr'><strong>lectioni</strong></span> <span class='ocrx_word' id='word_1_651' title='bbox 2966 3595 3137 3640; x_wconf 84' lang='lat' dir='ltr'><strong>vacat.</strong></span> 
     </span>
    </p>
   </div>
   <div class='ocr_carea' id='block_1_83' title="bbox 2290 3690 3801 3762">
    <p class='ocr_par' dir='ltr' id='par_1_83' title="bbox 2290 3690 3801 3762">
     <span class='ocr_line' id='line_1_83' title="bbox 2290 3690 3801 3762; baseline 0.003 -17"><span class='ocrx_word' id='word_1_652' title='bbox 2290 3690 2454 3745; x_wconf 80' lang='lat' dir='ltr'><strong>XXX.</strong></span> <span class='ocrx_word' id='word_1_653' title='bbox 2499 3691 2612 3746; x_wconf 87' lang='lat' dir='ltr'><strong>Hoc</strong></span> <span class='ocrx_word' id='word_1_654' title='bbox 2647 3706 2788 3745; x_wconf 88' lang='lat' dir='ltr'><strong>anno</strong></span> <span class='ocrx_word' id='word_1_655' title='bbox 2836 3690 3082 3746; x_wconf 89' lang='lat' dir='ltr'><strong>Tiberius</strong></span> <span class='ocrx_word' id='word_1_656' title='bbox 3129 3692 3419 3761; x_wconf 89' lang='lat' dir='ltr'><strong>imperator</strong></span> <span class='ocrx_word' id='word_1_657' title='bbox 3469 3692 3724 3762; x_wconf 82' lang='lat' dir='ltr'><strong>migravit</strong></span> <span class='ocrx_word' id='word_1_658' title='bbox 3772 3709 3801 3749; x_wconf 91' lang='lat' dir='ltr'><strong>a</strong></span> 
     </span>
    </p>
   </div>
   <div class='ocr_carea' id='block_1_84' title="bbox 2214 3782 3800 3851">
    <p class='ocr_par' dir='ltr' id='par_1_84' title="bbox 2214 3782 3800 3851">
     <span class='ocr_line' id='line_1_84' title="bbox 2214 3782 3800 3851; baseline 0.001 -14"><span class='ocrx_word' id='word_1_659' title='bbox 2214 3782 2431 3847; x_wconf 69' lang='lat' dir='ltr'><strong>saeculo,</strong></span> <span class='ocrx_word' id='word_1_660' title='bbox 2466 3798 2713 3851; x_wconf 86' lang='lat' dir='ltr'><strong>magnum</strong></span> <span class='ocrx_word' id='word_1_661' title='bbox 2739 3782 2937 3836; x_wconf 90' lang='lat' dir='ltr'><strong>luctum</strong></span> <span class='ocrx_word' id='word_1_662' title='bbox 2967 3782 3274 3851; x_wconf 87' lang='lat' dir='ltr'><strong>relinquens</strong></span> <span class='ocrx_word' id='word_1_663' title='bbox 3302 3782 3509 3851; x_wconf 90' lang='lat' dir='ltr'><strong>populis</strong></span> <span class='ocrx_word' id='word_1_664' title='bbox 3551 3788 3621 3838; x_wconf 87' lang='lat' dir='ltr'><strong>de</strong></span> <span class='ocrx_word' id='word_1_665' title='bbox 3650 3786 3800 3839; x_wconf 90' lang='lat' dir='ltr'><strong>obitu</strong></span> 
     </span>
    </p>
   </div>
   <div class='ocr_carea' id='block_1_85' title="bbox 2214 3872 3803 3947">
    <p class='ocr_par' dir='ltr' id='par_1_85' title="bbox 2214 3872 3803 3947">
     <span class='ocr_line' id='line_1_85' title="bbox 2214 3872 3803 3947; baseline 0.003 -20"><span class='ocrx_word' id='word_1_666' title='bbox 2214 3888 2330 3928; x_wconf 92' lang='lat' dir='ltr'><strong>suo.</strong></span> <span class='ocrx_word' id='word_1_667' title='bbox 2365 3873 2493 3927; x_wconf 87' lang='lat' dir='ltr'><strong>Erat</strong></span> <span class='ocrx_word' id='word_1_668' title='bbox 2530 3875 2675 3928; x_wconf 92' lang='lat' dir='ltr'><strong>enim</strong></span> <span class='ocrx_word' id='word_1_669' title='bbox 2731 3888 2952 3927; x_wconf 72' lang='lat' dir='ltr'><strong>summa:</strong></span> <span class='ocrx_word' id='word_1_670' title='bbox 3006 3872 3282 3938; x_wconf 87' lang='lat' dir='ltr'><strong>bonitatis,</strong></span> <span class='ocrx_word' id='word_1_671' title='bbox 3339 3873 3390 3926; x_wconf 91' lang='lat' dir='ltr'><strong>in</strong></span> <span class='ocrx_word' id='word_1_672' title='bbox 3438 3874 3803 3947; x_wconf 84' lang='lat' dir='ltr'><strong>eleemosynis</strong></span> 
     </span>
    </p>
   </div>
   <div class='ocr_carea' id='block_1_86' title="bbox 2214 3963 3802 4034">
    <p class='ocr_par' dir='ltr' id='par_1_86' title="bbox 2214 3963 3802 4034">
     <span class='ocr_line' id='line_1_86' title="bbox 2214 3963 3802 4034; baseline 0.003 -16"><span class='ocrx_word' id='word_1_673' title='bbox 2214 3974 2531 4034; x_wconf 90' lang='lat' dir='ltr'><strong>promptus,</strong></span> <span class='ocrx_word' id='word_1_674' title='bbox 2559 3965 2610 4018; x_wconf 92' lang='lat' dir='ltr'><strong>in</strong></span> <span class='ocrx_word' id='word_1_675' title='bbox 2654 3963 2868 4033; x_wconf 85' lang='lat' dir='ltr'><strong>judiciis</strong></span> <span class='ocrx_word' id='word_1_676' title='bbox 2892 3966 3091 4034; x_wconf 90' lang='lat' dir='ltr'><strong>justus,</strong></span> <span class='ocrx_word' id='word_1_677' title='bbox 3122 3966 3173 4019; x_wconf 91' lang='lat' dir='ltr'><strong>in</strong></span> <span class='ocrx_word' id='word_1_678' title='bbox 3213 3964 3505 4034; x_wconf 86' lang='lat' dir='ltr'><strong>judicando</strong></span> <span class='ocrx_word' id='word_1_679' title='bbox 3544 3969 3802 4024; x_wconf 87' lang='lat' dir='ltr'><strong>cautissi-</strong></span> 
     </span>
    </p>
   </div>
   <div class='ocr_carea' id='block_1_87' title="bbox 2214 4056 3800 4124">
    <p class='ocr_par' dir='ltr' id='par_1_87' title="bbox 2214 4056 3800 4124">
     <span class='ocr_line' id='line_1_87' title="bbox 2214 4056 3800 4124; baseline 0.003 -13"><span class='ocrx_word' id='word_1_680' title='bbox 2214 4071 2333 4111; x_wconf 91' lang='lat' dir='ltr'><strong>mus</strong></span> <span class='ocrx_word' id='word_1_681' title='bbox 2358 4098 2374 4123; x_wconf 94' lang='lat'><strong>,</strong></span> <span class='ocrx_word' id='word_1_682' title='bbox 2399 4056 2597 4110; x_wconf 90' lang='lat' dir='ltr'><strong>nullum</strong></span> <span class='ocrx_word' id='word_1_683' title='bbox 2621 4056 2942 4124; x_wconf 83' lang='lat' dir='ltr'><strong>despiciens,</strong></span> <span class='ocrx_word' id='word_1_684' title='bbox 2990 4056 3085 4111; x_wconf 89' lang='lat' dir='ltr'><strong>sed</strong></span> <span class='ocrx_word' id='word_1_685' title='bbox 3111 4071 3297 4111; x_wconf 91' lang='lat' dir='ltr'><strong>omnes</strong></span> <span class='ocrx_word' id='word_1_686' title='bbox 3324 4060 3378 4111; x_wconf 91' lang='lat' dir='ltr'><strong>in</strong></span> <span class='ocrx_word' id='word_1_687' title='bbox 3410 4058 3548 4112; x_wconf 89' lang='lat' dir='ltr'><strong>bona</strong></span> <span class='ocrx_word' id='word_1_688' title='bbox 3600 4061 3800 4115; x_wconf 86' lang='lat' dir='ltr'><strong>volun-</strong></span> 
     </span>
    </p>
   </div>
   <div class='ocr_carea' id='block_1_88' title="bbox 2214 4147 3802 4219">
    <p class='ocr_par' dir='ltr' id='par_1_88' title="bbox 2214 4147 3802 4219">
     <span class='ocr_line' id='line_1_88' title="bbox 2214 4147 3802 4219; baseline 0.004 -19"><span class='ocrx_word' id='word_1_689' title='bbox 2214 4154 2323 4201; x_wconf 90' lang='lat' dir='ltr'><strong>tate</strong></span> <span class='ocrx_word' id='word_1_690' title='bbox 2350 4147 2745 4215; x_wconf 90' lang='lat' dir='ltr'><strong>complectens;</strong></span> <span class='ocrx_word' id='word_1_691' title='bbox 2777 4162 2964 4201; x_wconf 90' lang='lat' dir='ltr'><strong>omnes</strong></span> <span class='ocrx_word' id='word_1_692' title='bbox 2994 4148 3237 4217; x_wconf 89' lang='lat' dir='ltr'><strong>diligens,</strong></span> <span class='ocrx_word' id='word_1_693' title='bbox 3269 4151 3381 4217; x_wconf 93' lang='lat' dir='ltr'><strong>ipse</strong></span> <span class='ocrx_word' id='word_1_694' title='bbox 3422 4165 3642 4219; x_wconf 83' lang='lat' dir='ltr'><strong>qunque</strong></span> <span class='ocrx_word' id='word_1_695' title='bbox 3678 4153 3802 4206; x_wconf 88' lang='lat' dir='ltr'><strong>dili-</strong></span> 
     </span>
    </p>
   </div>
   <div class='ocr_carea' id='block_1_89' title="bbox 2214 4236 3803 4308">
    <p class='ocr_par' dir='ltr' id='par_1_89' title="bbox 2214 4236 3803 4308">
     <span class='ocr_line' id='line_1_89' title="bbox 2214 4236 3803 4308; baseline 0.003 -17"><span class='ocrx_word' id='word_1_696' title='bbox 2214 4237 2436 4307; x_wconf 88' lang='lat' dir='ltr'><strong>gebatur</strong></span> <span class='ocrx_word' id='word_1_697' title='bbox 2462 4238 2526 4290; x_wconf 89' lang='lat' dir='ltr'><strong>ab</strong></span> <span class='ocrx_word' id='word_1_698' title='bbox 2550 4237 2815 4291; x_wconf 91' lang='lat' dir='ltr'><strong>omnibus.</strong></span> <span class='ocrx_word' id='word_1_699' title='bbox 2850 4236 2947 4291; x_wconf 85' lang='lat' dir='ltr'><strong>Hic</strong></span> <span class='ocrx_word' id='word_1_700' title='bbox 2974 4253 3093 4291; x_wconf 88' lang='lat' dir='ltr'><strong>cum</strong></span> <span class='ocrx_word' id='word_1_701' title='bbox 3132 4250 3392 4308; x_wconf 70' lang='lat' dir='ltr'><strong>aegrotare</strong></span> <span class='ocrx_word' id='word_1_702' title='bbox 3433 4242 3715 4308; x_wconf 76' lang='lat' dir='ltr'><strong>coepisset,</strong></span> <span class='ocrx_word' id='word_1_703' title='bbox 3747 4254 3803 4297; x_wconf 86' lang='lat' dir='ltr'><strong>et</strong></span> 
     </span>
    </p>
   </div>
   <div class='ocr_carea' id='block_1_90' title="bbox 2213 4329 3800 4402">
    <p class='ocr_par' dir='ltr' id='par_1_90' title="bbox 2213 4329 3800 4402">
     <span class='ocr_line' id='line_1_90' title="bbox 2213 4329 3800 4402; baseline 0.003 -19"><span class='ocrx_word' id='word_1_704' title='bbox 2213 4344 2273 4383; x_wconf 90' lang='lat' dir='ltr'><strong>se</strong></span> <span class='ocrx_word' id='word_1_705' title='bbox 2290 4329 2397 4398; x_wconf 90' lang='lat' dir='ltr'><strong>jam</strong></span> <span class='ocrx_word' id='word_1_706' title='bbox 2428 4330 2606 4384; x_wconf 91' lang='lat' dir='ltr'><strong>vivere</strong></span> <span class='ocrx_word' id='word_1_707' title='bbox 2627 4329 2960 4398; x_wconf 89' lang='lat' dir='ltr'><strong>desperaret,</strong></span> <span class='ocrx_word' id='word_1_708' title='bbox 2984 4332 3192 4384; x_wconf 89' lang='lat' dir='ltr'><strong>vocavit</strong></span> <span class='ocrx_word' id='word_1_709' title='bbox 3210 4332 3462 4399; x_wconf 85' lang='lat' dir='ltr'><strong>SOphiam</strong></span> <span class='ocrx_word' id='word_1_710' title='bbox 3486 4344 3800 4402; x_wconf 80' lang='lat' dir='ltr'><strong>augustam,</strong></span> 
     </span>
    </p>
   </div>
   <div class='ocr_carea' id='block_1_91' title="bbox 540 4417 3801 4493">
    <p class='ocr_par' dir='ltr' id='par_1_91' title="bbox 540 4417 3801 4493">
     <span class='ocr_line' id='line_1_91' title="bbox 540 4417 3801 4493; baseline -0.001 -15"><span class='ocrx_word' id='word_1_711' title='bbox 540 4433 748 4493; x_wconf 86' lang='lat' dir='ltr'><strong>arrepta</strong></span> <span class='ocrx_word' id='word_1_712' title='bbox 778 4423 1021 4476; x_wconf 85' lang='lat' dir='ltr'><strong>manibus</strong></span> <span class='ocrx_word' id='word_1_713' title='bbox 1053 4421 1273 4476; x_wconf 66' lang='lat' dir='ltr'><strong>caasarie</strong></span> <span class='ocrx_word' id='word_1_714' title='bbox 1299 4460 1314 4485; x_wconf 91' lang='lat'><strong>,</strong></span> <span class='ocrx_word' id='word_1_715' title='bbox 1339 4419 1535 4474; x_wconf 90' lang='lat' dir='ltr'><strong>collisit</strong></span> <span class='ocrx_word' id='word_1_716' title='bbox 1573 4435 1634 4474; x_wconf 90' lang='lat' dir='ltr'><strong>se</strong></span> <span class='ocrx_word' id='word_1_717' title='bbox 1663 4419 1714 4473; x_wconf 94' lang='lat' dir='ltr'><strong>in</strong></span> <span class='ocrx_word' id='word_1_718' title='bbox 1760 4428 1979 4485; x_wconf 87' lang='lat' dir='ltr'><strong>terram,</strong></span> <span class='ocrx_word' id='word_1_719' title='bbox 2026 4420 2107 4475; x_wconf 87' lang='lat' dir='ltr'><strong>di-</strong></span> <span class='ocrx_word' id='word_1_720' title='bbox 2138 4420 2186 4479; x_wconf 93' lang='lat' dir='ltr'><strong>D</strong></span> <span class='ocrx_word' id='word_1_721' title='bbox 2212 4419 2393 4473; x_wconf 91' lang='lat' dir='ltr'><strong>dicens</strong></span> <span class='ocrx_word' id='word_1_722' title='bbox 2419 4436 2431 4472; x_wconf 92' lang='lat'><strong>:</strong></span> <span class='ocrx_word' id='word_1_723' title='bbox 2459 4417 2598 4472; x_wconf 86' lang='lat' dir='ltr'><strong>Ecce</strong></span> <span class='ocrx_word' id='word_1_724' title='bbox 2620 4418 2730 4487; x_wconf 90' lang='lat' dir='ltr'><strong>jam</strong></span> <span class='ocrx_word' id='word_1_725' title='bbox 2760 4419 3034 4488; x_wconf 86' lang='lat' dir='ltr'><strong>impletum</strong></span> <span class='ocrx_word' id='word_1_726' title='bbox 3056 4420 3229 4473; x_wconf 90' lang='lat' dir='ltr'><strong>sentio</strong></span> <span class='ocrx_word' id='word_1_727' title='bbox 3251 4428 3461 4488; x_wconf 87' lang='lat' dir='ltr'><strong>tempus</strong></span> <span class='ocrx_word' id='word_1_728' title='bbox 3491 4422 3615 4475; x_wconf 60' lang='lat' dir='ltr'><strong>vitae</strong></span> <span class='ocrx_word' id='word_1_729' title='bbox 3640 4438 3801 4487; x_wconf 37' lang='lat' dir='ltr'><strong>mea);</strong></span> 
     </span>
    </p>
   </div>
   <div class='ocr_carea' id='block_1_92' title="bbox 537 4510 2109 4580">
    <p class='ocr_par' dir='ltr' id='par_1_92' title="bbox 537 4510 2109 4580">
     <span class='ocr_line' id='line_1_92' title="bbox 537 4510 2109 4580; baseline -0.003 -11"><span class='ocrx_word' id='word_1_730' title='bbox 537 4530 707 4569; x_wconf 88' lang='lat' dir='ltr'><strong>cens:</strong></span> <span class='ocrx_word' id='word_1_731' title='bbox 745 4512 892 4567; x_wconf 84' lang='lat' dir='ltr'><strong>Heu!</strong></span> <span class='ocrx_word' id='word_1_732' title='bbox 918 4511 1060 4567; x_wconf 85' lang='lat' dir='ltr'><strong>heu!</strong></span> <span class='ocrx_word' id='word_1_733' title='bbox 1104 4513 1205 4566; x_wconf 93' lang='lat' dir='ltr'><strong>heu</strong></span> <span class='ocrx_word' id='word_1_734' title='bbox 1234 4512 1405 4575; x_wconf 90' lang='lat' dir='ltr'><strong>nobis,</strong></span> <span class='ocrx_word' id='word_1_735' title='bbox 1439 4511 1527 4579; x_wconf 92' lang='lat' dir='ltr'><strong>qui</strong></span> <span class='ocrx_word' id='word_1_736' title='bbox 1567 4510 1672 4567; x_wconf 89' lang='lat' dir='ltr'><strong>tale</strong></span> <span class='ocrx_word' id='word_1_737' title='bbox 1713 4510 1964 4565; x_wconf 89' lang='lat' dir='ltr'><strong>damnum</strong></span> <span class='ocrx_word' id='word_1_738' title='bbox 1990 4526 2109 4580; x_wconf 88' lang='lat' dir='ltr'><strong>per-</strong></span> 
     </span>
    </p>
   </div>
   <div class='ocr_carea' id='block_1_93' title="bbox 536 4602 2109 4678">
    <p class='ocr_par' dir='ltr' id='par_1_93' title="bbox 536 4602 2109 4678">
     <span class='ocr_line' id='line_1_93' title="bbox 536 4602 2109 4678; baseline -0.001 -17"><span class='ocrx_word' id='word_1_739' title='bbox 536 4608 679 4678; x_wconf 89' lang='lat' dir='ltr'><strong>pessi</strong></span> <span class='ocrx_word' id='word_1_740' title='bbox 702 4606 917 4661; x_wconf 81' lang='lat' dir='ltr'><strong>sumus!</strong></span> <span class='ocrx_word' id='word_1_741' title='bbox 951 4606 1035 4659; x_wconf 86' lang='lat' dir='ltr'><strong>vel</strong></span> <span class='ocrx_word' id='word_1_742' title='bbox 1075 4604 1308 4658; x_wconf 90' lang='lat' dir='ltr'><strong>licuisset</strong></span> <span class='ocrx_word' id='word_1_743' title='bbox 1338 4602 1484 4671; x_wconf 91' lang='lat' dir='ltr'><strong>prius</strong></span> <span class='ocrx_word' id='word_1_744' title='bbox 1514 4617 1701 4658; x_wconf 87' lang='lat' dir='ltr'><strong>causas</strong></span> <span class='ocrx_word' id='word_1_745' title='bbox 1732 4603 2023 4674; x_wconf 87' lang='lat' dir='ltr'><strong>inquirere,</strong></span> <span class='ocrx_word' id='word_1_746' title='bbox 2056 4615 2109 4659; x_wconf 92' lang='lat' dir='ltr'><strong>et</strong></span> 
     </span>
    </p>
   </div>
   <div class='ocr_carea' id='block_1_94' title="bbox 537 4692 2102 4767">
    <p class='ocr_par' dir='ltr' id='par_1_94' title="bbox 537 4692 2102 4767">
     <span class='ocr_line' id='line_1_94' title="bbox 537 4692 2102 4767; baseline -0.003 -13"><span class='ocrx_word' id='word_1_747' title='bbox 537 4700 615 4754; x_wconf 90' lang='lat' dir='ltr'><strong>sic</strong></span> <span class='ocrx_word' id='word_1_748' title='bbox 646 4697 714 4752; x_wconf 92' lang='lat' dir='ltr'><strong>de</strong></span> <span class='ocrx_word' id='word_1_749' title='bbox 743 4706 1005 4767; x_wconf 83' lang='lat' dir='ltr'><strong>potestate</strong></span> <span class='ocrx_word' id='word_1_750' title='bbox 1054 4704 1233 4750; x_wconf 89' lang='lat' dir='ltr'><strong>nostra</strong></span> <span class='ocrx_word' id='word_1_751' title='bbox 1278 4694 1463 4747; x_wconf 83' lang='lat' dir='ltr'><strong>luisset</strong></span> <span class='ocrx_word' id='word_1_752' title='bbox 1514 4692 1686 4748; x_wconf 91' lang='lat' dir='ltr'><strong>ablata</strong></span> <span class='ocrx_word' id='word_1_753' title='bbox 1730 4695 1843 4749; x_wconf 71' lang='lat' dir='ltr'><strong>h&#39;cc</strong></span> <span class='ocrx_word' id='word_1_754' title='bbox 1891 4696 2102 4750; x_wconf 90' lang='lat' dir='ltr'><strong>anima!</strong></span> 
     </span>
    </p>
   </div>
   <div class='ocr_carea' id='block_1_95' title="bbox 540 4785 2107 4861">
    <p class='ocr_par' dir='ltr' id='par_1_95' title="bbox 540 4785 2107 4861">
     <span class='ocr_line' id='line_1_95' title="bbox 540 4785 2107 4861; baseline -0.002 -14"><span class='ocrx_word' id='word_1_755' title='bbox 540 4788 931 4861; x_wconf 87' lang='lat' dir='ltr'><strong>Inquirentibus</strong></span> <span class='ocrx_word' id='word_1_756' title='bbox 961 4802 1087 4841; x_wconf 89' lang='lat' dir='ltr'><strong>vero</strong></span> <span class='ocrx_word' id='word_1_757' title='bbox 1116 4785 1199 4840; x_wconf 92' lang='lat' dir='ltr'><strong>his</strong></span> <span class='ocrx_word' id='word_1_758' title='bbox 1228 4788 1317 4860; x_wconf 88' lang='lat' dir='ltr'><strong>qui</strong></span> <span class='ocrx_word' id='word_1_759' title='bbox 1362 4786 1597 4851; x_wconf 89' lang='lat' dir='ltr'><strong>aderant,</strong></span> <span class='ocrx_word' id='word_1_760' title='bbox 1630 4787 1770 4856; x_wconf 90' lang='lat' dir='ltr'><strong>quod</strong></span> <span class='ocrx_word' id='word_1_761' title='bbox 1821 4800 1963 4844; x_wconf 89' lang='lat' dir='ltr'><strong>esset</strong></span> <span class='ocrx_word' id='word_1_762' title='bbox 2006 4789 2107 4844; x_wconf 90' lang='lat' dir='ltr'><strong>hoc</strong></span> 
     </span>
    </p>
   </div>
   <div class='ocr_carea' id='block_1_96' title="bbox 536 4876 2103 4949">
    <p class='ocr_par' dir='ltr' id='par_1_96' title="bbox 536 4876 2103 4949">
     <span class='ocr_line' id='line_1_96' title="bbox 536 4876 2103 4949; baseline -0.002 -11"><span class='ocrx_word' id='word_1_763' title='bbox 536 4881 757 4938; x_wconf 76' lang='lat' dir='ltr'><strong>verbum</strong></span> <span class='ocrx_word' id='word_1_764' title='bbox 786 4877 927 4949; x_wconf 90' lang='lat' dir='ltr'><strong>quod</strong></span> <span class='ocrx_word' id='word_1_765' title='bbox 954 4876 1266 4945; x_wconf 87' lang='lat' dir='ltr'><strong>loquebatur</strong></span> <span class='ocrx_word' id='word_1_766' title='bbox 1292 4918 1308 4941; x_wconf 96' lang='lat'><strong>,</strong></span> <span class='ocrx_word' id='word_1_767' title='bbox 1339 4876 1609 4943; x_wconf 88' lang='lat' dir='ltr'><strong>respondit</strong></span> <span class='ocrx_word' id='word_1_768' title='bbox 1641 4892 1655 4931; x_wconf 90' lang='lat'><strong>:</strong></span> <span class='ocrx_word' id='word_1_769' title='bbox 1687 4877 1823 4933; x_wconf 89' lang='lat' dir='ltr'><strong>Ecce</strong></span> <span class='ocrx_word' id='word_1_770' title='bbox 1870 4879 2103 4935; x_wconf 89' lang='lat' dir='ltr'><strong>animam</strong></span> 
     </span>
    </p>
   </div>
   <div class='ocr_carea' id='block_1_97' title="bbox 609 5009 2103 5081">
    <p class='ocr_par' dir='ltr' id='par_1_97' title="bbox 609 5009 2103 5081">
     <span class='ocr_line' id='line_1_97' title="bbox 609 5009 2103 5081; baseline -0.003 -9"><span class='ocrx_word' id='word_1_771' title='bbox 609 5026 636 5056; x_wconf 77' lang='grc' dir='ltr'>ι</span> <span class='ocrx_word' id='word_1_772' title='bbox 660 5015 725 5073; x_wconf 80' lang='lat' dir='ltr'><strong>Hi</strong></span> <span class='ocrx_word' id='word_1_773' title='bbox 765 5012 1057 5071; x_wconf 88' lang='lat' dir='ltr'><strong>monastica</strong></span> <span class='ocrx_word' id='word_1_774' title='bbox 1088 5019 1235 5065; x_wconf 87' lang='lat' dir='ltr'><strong>veste</strong></span> <span class='ocrx_word' id='word_1_775' title='bbox 1279 5009 1457 5063; x_wconf 82' lang='lat' dir='ltr'><strong>donati</strong></span> <span class='ocrx_word' id='word_1_776' title='bbox 1509 5011 1561 5065; x_wconf 94' lang='lat' dir='ltr'><strong>in</strong></span> <span class='ocrx_word' id='word_1_777' title='bbox 1588 5012 1841 5067; x_wconf 79' lang='lat' dir='ltr'><strong>extremis</strong></span> <span class='ocrx_word' id='word_1_778' title='bbox 1881 5015 2103 5081; x_wconf 80' lang='lat' dir='ltr'><strong>appella-</strong></span> 
     </span>
    </p>
   </div>
   <div class='ocr_carea' id='block_1_98' title="bbox 537 5082 2100 5141">
    <p class='ocr_par' dir='ltr' id='par_1_98' title="bbox 537 5082 2100 5141">
     <span class='ocr_line' id='line_1_98' title="bbox 537 5082 2100 5141; baseline -0.001 0"><span class='ocrx_word' id='word_1_779' title='bbox 537 5089 728 5141; x_wconf 88' lang='lat' dir='ltr'><strong>bantur</strong></span> <span class='ocrx_word' id='word_1_780' title='bbox 752 5085 997 5141; x_wconf 86' lang='lat' dir='ltr'><strong>monachi</strong></span> <span class='ocrx_word' id='word_1_781' title='bbox 1042 5083 1105 5136; x_wconf 90' lang='lat' dir='ltr'><strong>ad</strong></span> <span class='ocrx_word' id='word_1_782' title='bbox 1128 5082 1563 5135; x_wconf 88' lang='lat' dir='ltr'><strong>succurrendum.</strong></span> <span class='ocrx_word' id='word_1_783' title='bbox 1599 5083 1922 5139; x_wconf 77' lang='lat' dir='ltr'><strong>Pmnitentes</strong></span> <span class='ocrx_word' id='word_1_784' title='bbox 1974 5090 2100 5139; x_wconf 90' lang='lat' dir='ltr'><strong>olim</strong></span> 
     </span>
    </p>
   </div>
   <div class='ocr_carea' id='block_1_99' title="bbox 539 5154 2103 5222">
    <p class='ocr_par' dir='ltr' id='par_1_99' title="bbox 539 5154 2103 5222">
     <span class='ocr_line' id='line_1_99' title="bbox 539 5154 2103 5222; baseline 0.001 -13"><span class='ocrx_word' id='word_1_785' title='bbox 539 5161 591 5209; x_wconf 90' lang='lat' dir='ltr'><strong>in</strong></span> <span class='ocrx_word' id='word_1_786' title='bbox 623 5158 790 5213; x_wconf 82' lang='lat' dir='ltr'><strong>Gallia</strong></span> <span class='ocrx_word' id='word_1_787' title='bbox 822 5166 1006 5211; x_wconf 90' lang='lat' dir='ltr'><strong>tonsos</strong></span> <span class='ocrx_word' id='word_1_788' title='bbox 1052 5156 1213 5207; x_wconf 85' lang='lat' dir='ltr'><strong>fuisse</strong></span> <span class='ocrx_word' id='word_1_789' title='bbox 1241 5161 1384 5222; x_wconf 87' lang='lat' dir='ltr'><strong>patet</strong></span> <span class='ocrx_word' id='word_1_790' title='bbox 1403 5167 1466 5205; x_wconf 82' lang='lat' dir='ltr'><strong>ex</strong></span> <span class='ocrx_word' id='word_1_791' title='bbox 1495 5167 1616 5207; x_wconf 87' lang='lat' dir='ltr'><strong>can.</strong></span> <span class='ocrx_word' id='word_1_792' title='bbox 1651 5154 1716 5206; x_wconf 74' lang='grc'><strong>12</strong></span> <span class='ocrx_word' id='word_1_793' title='bbox 1757 5156 1949 5210; x_wconf 85' lang='lat' dir='ltr'><strong>concil.</strong></span> <span class='ocrx_word' id='word_1_794' title='bbox 1975 5160 2103 5222; x_wconf 80' lang='lat' dir='ltr'><strong>Aga-</strong></span> 
     </span>
    </p>
   </div>
   <div class='ocr_carea' id='block_1_100' title="bbox 537 5223 2096 5307">
    <p class='ocr_par' dir='ltr' id='par_1_100' title="bbox 537 5223 2096 5307">
     <span class='ocr_line' id='line_1_100' title="bbox 537 5223 2096 5307; baseline 0.001 -27"><span class='ocrx_word' id='word_1_795' title='bbox 537 5228 885 5307; x_wconf 76' lang='lat' dir='ltr'><strong>tltensis_,_etc.</strong></span> <span class='ocrx_word' id='word_1_796' title='bbox 931 5226 1061 5281; x_wconf 85' lang='lat' dir='ltr'><strong>Vide</strong></span> <span class='ocrx_word' id='word_1_797' title='bbox 1110 5223 1377 5279; x_wconf 84' lang='lat' dir='ltr'><strong>Sirmond.</strong></span> <span class='ocrx_word' id='word_1_798' title='bbox 1414 5224 1466 5276; x_wconf 90' lang='lat' dir='ltr'><strong>in</strong></span> <span class='ocrx_word' id='word_1_799' title='bbox 1512 5223 1608 5278; x_wconf 89' lang='lat' dir='ltr'><strong>lib.</strong></span> <span class='ocrx_word' id='word_1_800' title='bbox 1660 5239 1709 5278; x_wconf 87' lang='lat' dir='ltr'><strong>tv</strong></span> <span class='ocrx_word' id='word_1_801' title='bbox 1753 5226 2096 5294; x_wconf 79' lang='lat' dir='ltr'><strong>Apollinaris,</strong></span> 
     </span>
    </p>
   </div>
   <div class='ocr_carea' id='block_1_101' title="bbox 536 5297 2100 5437">
    <p class='ocr_par' dir='ltr' id='par_1_101' title="bbox 536 5297 2100 5437">
     <span class='ocr_line' id='line_1_101' title="bbox 536 5297 2100 5437; baseline 0.022 -37"><span class='ocrx_word' id='word_1_802' title='bbox 536 5297 831 5432; x_wconf 48' lang='lat' dir='ltr'><strong>“mepte</strong></span> <span class='ocrx_word' id='word_1_803' title='bbox 875 5366 1121 5422; x_wconf 84' lang='lat' dir='ltr'><strong>Pictavos</strong></span> <span class='ocrx_word' id='word_1_804' title='bbox 1165 5378 1360 5437; x_wconf 61' lang='lat' dir='ltr'><strong>sanctae</strong></span> <span class='ocrx_word' id='word_1_805' title='bbox 1412 5366 1571 5421; x_wconf 80' lang='lat' dir='ltr'><strong>Cruci</strong></span> <span class='ocrx_word' id='word_1_806' title='bbox 1620 5375 1907 5432; x_wconf 87' lang='lat' dir='ltr'><strong>sacratum,</strong></span> <span class='ocrx_word' id='word_1_807' title='bbox 1960 5370 2100 5437; x_wconf 78' lang='lat' dir='ltr'><strong>quod</strong></span> 
     </span>
    </p>
   </div>
   <div class='ocr_carea' id='block_1_102' title="bbox 528 5436 2101 5519">
    <p class='ocr_par' dir='ltr' id='par_1_102' title="bbox 528 5436 2101 5519">
     <span class='ocr_line' id='line_1_102' title="bbox 528 5436 2101 5519; baseline 0.002 -30"><span class='ocrx_word' id='word_1_808' title='bbox 528 5436 851 5519; x_wconf 68' lang='lat' dir='ltr'><strong>truncetiam</strong></span> <span class='ocrx_word' id='word_1_809' title='bbox 879 5447 1075 5504; x_wconf 86' lang='lat' dir='ltr'><strong>perstat</strong></span> <span class='ocrx_word' id='word_1_810' title='bbox 1124 5437 1224 5490; x_wconf 89' lang='lat' dir='ltr'><strong>sub</strong></span> <span class='ocrx_word' id='word_1_811' title='bbox 1253 5436 1453 5505; x_wconf 79' lang='lat' dir='ltr'><strong>Regula</strong></span> <span class='ocrx_word' id='word_1_812' title='bbox 1475 5438 1530 5491; x_wconf 87' lang='lat' dir='ltr'><strong>S.</strong></span> <span class='ocrx_word' id='word_1_813' title='bbox 1571 5438 1865 5500; x_wconf 89' lang='lat' dir='ltr'><strong>Benedicti,</strong></span> <span class='ocrx_word' id='word_1_814' title='bbox 1900 5438 1966 5492; x_wconf 91' lang='lat' dir='ltr'><strong>de</strong></span> <span class='ocrx_word' id='word_1_815' title='bbox 1995 5455 2101 5507; x_wconf 90' lang='lat' dir='ltr'><strong>quo</strong></span> 
     </span>
    </p>
   </div>
   <div class='ocr_carea' id='block_1_103' title="bbox 530 5506 2101 5647">
    <p class='ocr_par' dir='ltr' id='par_1_103' title="bbox 530 5506 2101 5647">
     <span class='ocr_line' id='line_1_103' title="bbox 530 5506 2021 5573; baseline -0.004 -12"><span class='ocrx_word' id='word_1_816' title='bbox 530 5506 747 5561; x_wconf 72' lang='lat' dir='ltr'><strong>inferius</strong></span> <span class='ocrx_word' id='word_1_817' title='bbox 776 5510 940 5573; x_wconf 83' lang='lat' dir='ltr'><strong>plura.</strong></span> <span class='ocrx_word' id='word_1_818' title='bbox 2014 5506 2021 5507; x_wconf 16' lang='lat'><em>7</em></span> 
     </span>
     <span class='ocr_line' id='line_1_104' title="bbox 603 5575 2101 5647; baseline 0.003 -17"><span class='ocrx_word' id='word_1_819' title='bbox 603 5587 625 5616; x_wconf 72' lang='grc' dir='ltr'><strong><em>ο</em></strong></span> <span class='ocrx_word' id='word_1_820' title='bbox 658 5576 845 5639; x_wconf 83' lang='lat' dir='ltr'><strong>Colh.,</strong></span> <span class='ocrx_word' id='word_1_821' title='bbox 893 5575 1220 5647; x_wconf 37' lang='lat' dir='ltr'><strong>Discilaguti</strong></span> <span class='ocrx_word' id='word_1_822' title='bbox 1263 5583 1443 5647; x_wconf 75' lang='lat' dir='ltr'><strong>sancta</strong></span> <span class='ocrx_word' id='word_1_823' title='bbox 1496 5577 1689 5647; x_wconf 77' lang='lat' dir='ltr'><strong>colitur</strong></span> <span class='ocrx_word' id='word_1_824' title='bbox 1734 5592 1854 5631; x_wconf 90' lang='lat' dir='ltr'><strong>cum</strong></span> <span class='ocrx_word' id='word_1_825' title='bbox 1899 5581 2101 5647; x_wconf 87' lang='lat' dir='ltr'><strong>Agnete</strong></span> 
     </span>
    </p>
   </div>
   <div class='ocr_carea' id='block_1_104' title="bbox 528 5644 2106 5705">
    <p class='ocr_par' dir='ltr' id='par_1_104' title="bbox 528 5644 2106 5705">
     <span class='ocr_line' id='line_1_105' title="bbox 528 5644 2106 5705; baseline 0.002 -4"><span class='ocrx_word' id='word_1_826' title='bbox 528 5647 791 5704; x_wconf 56' lang='lat' dir='ltr'><strong>abbatis“</strong></span> <span class='ocrx_word' id='word_1_827' title='bbox 836 5660 894 5701; x_wconf 89' lang='lat' dir='ltr'><strong>tu</strong></span> <span class='ocrx_word' id='word_1_828' title='bbox 924 5646 1043 5702; x_wconf 89' lang='lat' dir='ltr'><strong>Idus</strong></span> <span class='ocrx_word' id='word_1_829' title='bbox 1092 5645 1277 5700; x_wconf 78' lang='lat' dir='ltr'><strong>Maias.</strong></span> <span class='ocrx_word' id='word_1_830' title='bbox 1324 5644 1558 5700; x_wconf 72' lang='lat' dir='ltr'><strong>[labetur</strong></span> <span class='ocrx_word' id='word_1_831' title='bbox 1588 5646 1639 5700; x_wconf 86' lang='lat' dir='ltr'><strong>in</strong></span> <span class='ocrx_word' id='word_1_832' title='bbox 1671 5646 1892 5702; x_wconf 83' lang='lat' dir='ltr'><strong>Latiuiis</strong></span> <span class='ocrx_word' id='word_1_833' title='bbox 1941 5644 2106 5705; x_wconf 80' lang='lat' dir='ltr'><strong>Picto-</strong></span> 
     </span>
    </p>
   </div>
   <div class='ocr_carea' id='block_1_105' title="bbox 2217 4511 3799 4583">
    <p class='ocr_par' dir='ltr' id='par_1_105' title="bbox 2217 4511 3799 4583">
     <span class='ocr_line' id='line_1_106' title="bbox 2217 4511 3799 4583; baseline 0.004 -18"><span class='ocrx_word' id='word_1_834' title='bbox 2217 4526 2356 4565; x_wconf 91' lang='lat' dir='ltr'><strong>nunc</strong></span> <span class='ocrx_word' id='word_1_835' title='bbox 2385 4525 2505 4565; x_wconf 92' lang='lat' dir='ltr'><strong>cum</strong></span> <span class='ocrx_word' id='word_1_836' title='bbox 2529 4511 2752 4565; x_wconf 87' lang='lat' dir='ltr'><strong>consilio</strong></span> <span class='ocrx_word' id='word_1_837' title='bbox 2775 4520 2863 4565; x_wconf 90' lang='lat' dir='ltr'><strong>tuo</strong></span> <span class='ocrx_word' id='word_1_838' title='bbox 2892 4512 3102 4582; x_wconf 84' lang='lat' dir='ltr'><strong>eligam,</strong></span> <span class='ocrx_word' id='word_1_839' title='bbox 3131 4512 3221 4582; x_wconf 91' lang='lat' dir='ltr'><strong>qui</strong></span> <span class='ocrx_word' id='word_1_840' title='bbox 3249 4512 3559 4580; x_wconf 67' lang='lat' dir='ltr'><strong>reipublicae</strong></span> <span class='ocrx_word' id='word_1_841' title='bbox 3589 4528 3799 4583; x_wconf 59' lang='lat' dir='ltr'><strong>praes-</strong></span> 
     </span>
    </p>
   </div>
   <div class='ocr_carea' id='block_1_106' title="bbox 2215 4604 3802 4678">
    <p class='ocr_par' dir='ltr' id='par_1_106' title="bbox 2215 4604 3802 4678">
     <span class='ocr_line' id='line_1_107' title="bbox 2215 4604 3802 4678; baseline 0.004 -20"><span class='ocrx_word' id='word_1_842' title='bbox 2215 4620 2273 4658; x_wconf 91' lang='lat' dir='ltr'><strong>se</strong></span> <span class='ocrx_word' id='word_1_843' title='bbox 2312 4604 2519 4660; x_wconf 90' lang='lat' dir='ltr'><strong>debeat.</strong></span> <span class='ocrx_word' id='word_1_844' title='bbox 2552 4604 2777 4673; x_wconf 86' lang='lat' dir='ltr'><strong>Oportet</strong></span> <span class='ocrx_word' id='word_1_845' title='bbox 2802 4606 2943 4660; x_wconf 89' lang='lat' dir='ltr'><strong>enim</strong></span> <span class='ocrx_word' id='word_1_846' title='bbox 2983 4616 3258 4660; x_wconf 90' lang='lat' dir='ltr'><strong>strenuum</strong></span> <span class='ocrx_word' id='word_1_847' title='bbox 3283 4606 3432 4678; x_wconf 89' lang='lat' dir='ltr'><strong>eligi,</strong></span> <span class='ocrx_word' id='word_1_848' title='bbox 3464 4608 3555 4676; x_wconf 92' lang='lat' dir='ltr'><strong>qui</strong></span> <span class='ocrx_word' id='word_1_849' title='bbox 3586 4623 3689 4675; x_wconf 87' lang='lat' dir='ltr'><strong>pro</strong></span> <span class='ocrx_word' id='word_1_850' title='bbox 3716 4626 3802 4664; x_wconf 88' lang='lat' dir='ltr'><strong>me</strong></span> 
     </span>
    </p>
   </div>
   <div class='ocr_carea' id='block_1_107' title="bbox 2213 4694 3803 4766">
    <p class='ocr_par' dir='ltr' id='par_1_107' title="bbox 2213 4694 3803 4766">
     <span class='ocr_line' id='line_1_108' title="bbox 2213 4694 3803 4766; baseline 0.006 -18"><span class='ocrx_word' id='word_1_851' title='bbox 2213 4695 2283 4750; x_wconf 90' lang='lat' dir='ltr'><strong>sit</strong></span> <span class='ocrx_word' id='word_1_852' title='bbox 2306 4694 2427 4749; x_wconf 92' lang='lat' dir='ltr'><strong>huic</strong></span> <span class='ocrx_word' id='word_1_853' title='bbox 2450 4695 2696 4762; x_wconf 86' lang='lat' dir='ltr'><strong>potestati</strong></span> <span class='ocrx_word' id='word_1_854' title='bbox 2731 4704 2781 4749; x_wconf 74' lang='grc' dir='ltr'><strong>ε.</strong></span> <span class='ocrx_word' id='word_1_855' title='bbox 2808 4698 2878 4749; x_wconf 83' lang='lat' dir='ltr'><strong>At</strong></span> <span class='ocrx_word' id='word_1_856' title='bbox 2910 4696 2997 4750; x_wconf 91' lang='lat' dir='ltr'><strong>illa</strong></span> <span class='ocrx_word' id='word_1_857' title='bbox 3036 4697 3341 4751; x_wconf 83' lang='lat' dir='ltr'><strong>Mauricium</strong></span> <span class='ocrx_word' id='word_1_858' title='bbox 3366 4698 3656 4766; x_wconf 90' lang='lat' dir='ltr'><strong>quemdam</strong></span> <span class='ocrx_word' id='word_1_859' title='bbox 3689 4701 3803 4758; x_wconf 85' lang='lat' dir='ltr'><strong>ele-</strong></span> 
     </span>
    </p>
   </div>
   <div class='ocr_carea' id='block_1_108' title="bbox 2212 4787 3797 4858">
    <p class='ocr_par' dir='ltr' id='par_1_108' title="bbox 2212 4787 3797 4858">
     <span class='ocr_line' id='line_1_109' title="bbox 2212 4787 3797 4858; baseline 0.003 -16"><span class='ocrx_word' id='word_1_860' title='bbox 2212 4790 2304 4858; x_wconf 87' lang='lat' dir='ltr'><strong>git,</strong></span> <span class='ocrx_word' id='word_1_861' title='bbox 2336 4788 2559 4843; x_wconf 89' lang='lat' dir='ltr'><strong>dicens:</strong></span> <span class='ocrx_word' id='word_1_862' title='bbox 2595 4787 2764 4844; x_wconf 83' lang='lat' dir='ltr'><strong>Valde</strong></span> <span class='ocrx_word' id='word_1_863' title='bbox 2816 4799 3064 4844; x_wconf 76' lang='lat' dir='ltr'><strong>Strenuus</strong></span> <span class='ocrx_word' id='word_1_864' title='bbox 3091 4799 3145 4844; x_wconf 93' lang='lat' dir='ltr'><strong>et</strong></span> <span class='ocrx_word' id='word_1_865' title='bbox 3195 4805 3355 4857; x_wconf 87' lang='lat' dir='ltr'><strong>sagax</strong></span> <span class='ocrx_word' id='word_1_866' title='bbox 3401 4799 3485 4844; x_wconf 84' lang='lat' dir='ltr'><strong>est</strong></span> <span class='ocrx_word' id='word_1_867' title='bbox 3524 4791 3604 4844; x_wconf 89' lang='lat' dir='ltr'><strong>vir</strong></span> <span class='ocrx_word' id='word_1_868' title='bbox 3652 4792 3797 4858; x_wconf 81' lang='lat' dir='ltr'><strong>iste;</strong></span> 
     </span>
    </p>
   </div>
   <div class='ocr_carea' id='block_1_109' title="bbox 2212 4881 3796 4951">
    <p class='ocr_par' dir='ltr' id='par_1_109' title="bbox 2212 4881 3796 4951">
     <span class='ocr_line' id='line_1_110' title="bbox 2212 4881 3796 4951; baseline 0.003 -17"><span class='ocrx_word' id='word_1_869' title='bbox 2212 4898 2333 4935; x_wconf 90' lang='lat' dir='ltr'><strong>nam</strong></span> <span class='ocrx_word' id='word_1_870' title='bbox 2361 4891 2414 4935; x_wconf 90' lang='lat' dir='ltr'><strong>et</strong></span> <span class='ocrx_word' id='word_1_871' title='bbox 2438 4882 2631 4951; x_wconf 79' lang='lat' dir='ltr'><strong>saepius</strong></span> <span class='ocrx_word' id='word_1_872' title='bbox 2660 4889 2846 4937; x_wconf 89' lang='lat' dir='ltr'><strong>contra</strong></span> <span class='ocrx_word' id='word_1_873' title='bbox 2876 4882 3117 4937; x_wconf 87' lang='lat' dir='ltr'><strong>inimicos</strong></span> <span class='ocrx_word' id='word_1_874' title='bbox 3146 4883 3451 4951; x_wconf 79' lang='lat' dir='ltr'><strong>reipublicae</strong></span> <span class='ocrx_word' id='word_1_875' title='bbox 3482 4881 3755 4938; x_wconf 83' lang='lat' dir='ltr'><strong>dimicans</strong></span> <span class='ocrx_word' id='word_1_876' title='bbox 3781 4924 3796 4951; x_wconf 82' lang='lat'><strong>,</strong></span> 
     </span>
    </p>
   </div>
   <div class='ocr_carea' id='block_1_110' title="bbox 2209 5013 3803 5081">
    <p class='ocr_par' dir='ltr' id='par_1_110' title="bbox 2209 5013 3803 5081">
     <span class='ocr_line' id='line_1_111' title="bbox 2209 5013 3803 5081; baseline -0.001 -12"><span class='ocrx_word' id='word_1_877' title='bbox 2209 5016 2369 5079; x_wconf 70' lang='lat' dir='ltr'><strong>nisis,</strong></span> <span class='ocrx_word' id='word_1_878' title='bbox 2402 5030 2521 5081; x_wconf 78' lang='lat' dir='ltr'><strong>qute</strong></span> <span class='ocrx_word' id='word_1_879' title='bbox 2551 5015 2619 5068; x_wconf 88' lang='lat' dir='ltr'><strong>ab</strong></span> <span class='ocrx_word' id='word_1_880' title='bbox 2646 5014 2877 5069; x_wconf 85' lang='lat' dir='ltr'><strong>Henrico</strong></span> <span class='ocrx_word' id='word_1_881' title='bbox 2910 5014 3186 5068; x_wconf 86' lang='lat' dir='ltr'><strong>Ludovico</strong></span> <span class='ocrx_word' id='word_1_882' title='bbox 3209 5013 3475 5067; x_wconf 84' lang='lat' dir='ltr'><strong>Castaueo</strong></span> <span class='ocrx_word' id='word_1_883' title='bbox 3503 5013 3678 5081; x_wconf 85' lang='lat' dir='ltr'><strong>episc.</strong></span> <span class='ocrx_word' id='word_1_884' title='bbox 3714 5014 3803 5068; x_wconf 84' lang='lat' dir='ltr'><strong>Pi-</strong></span> 
     </span>
    </p>
   </div>
   <div class='ocr_carea' id='block_1_111' title="bbox 2205 5087 2859 5153">
    <p class='ocr_par' dir='ltr' id='par_1_111' title="bbox 2205 5087 2859 5153">
     <span class='ocr_line' id='line_1_112' title="bbox 2205 5087 2859 5153; baseline -0.003 -12"><span class='ocrx_word' id='word_1_885' title='bbox 2205 5088 2439 5141; x_wconf 86' lang='lat' dir='ltr'><strong>ctavensi</strong></span> <span class='ocrx_word' id='word_1_886' title='bbox 2472 5096 2595 5139; x_wconf 92' lang='lat' dir='ltr'><strong>sunt</strong></span> <span class='ocrx_word' id='word_1_887' title='bbox 2615 5087 2859 5153; x_wconf 77' lang='lat' dir='ltr'><strong>vulgattc.</strong></span> 
     </span>
    </p>
   </div>
   <div class='ocr_carea' id='block_1_112' title="bbox 2275 5153 3801 5225">
    <p class='ocr_par' dir='ltr' id='par_1_112' title="bbox 2275 5153 3801 5225">
     <span class='ocr_line' id='line_1_113' title="bbox 2275 5153 3801 5225; baseline -0.002 -14"><span class='ocrx_word' id='word_1_888' title='bbox 2275 5155 2302 5194; x_wconf 71' lang='grc' dir='ltr'><em>ἀ</em></span> <span class='ocrx_word' id='word_1_889' title='bbox 2330 5156 2515 5220; x_wconf 87' lang='lat' dir='ltr'><strong>Corh.,</strong></span> <span class='ocrx_word' id='word_1_890' title='bbox 2561 5172 2744 5224; x_wconf 82' lang='lat' dir='ltr'><strong>corpus</strong></span> <span class='ocrx_word' id='word_1_891' title='bbox 2772 5172 2804 5207; x_wconf 90' lang='lat' dir='ltr'><strong>a</strong></span> <span class='ocrx_word' id='word_1_892' title='bbox 2841 5155 3022 5225; x_wconf 78' lang='lat' dir='ltr'><strong>quibus</strong></span> <span class='ocrx_word' id='word_1_893' title='bbox 3047 5155 3276 5207; x_wconf 85' lang='lat' dir='ltr'><strong>ablutum</strong></span> <span class='ocrx_word' id='word_1_894' title='bbox 3328 5164 3422 5216; x_wconf 78' lang='lat' dir='ltr'><strong>est,</strong></span> <span class='ocrx_word' id='word_1_895' title='bbox 3455 5153 3687 5217; x_wconf 74' lang='lat' dir='ltr'><strong>aiebant,</strong></span> <span class='ocrx_word' id='word_1_896' title='bbox 3731 5158 3801 5209; x_wconf 86' lang='lat' dir='ltr'><strong>ita</strong></span> 
     </span>
    </p>
   </div>
   <div class='ocr_carea' id='block_1_113' title="bbox 2205 5228 2579 5290">
    <p class='ocr_par' dir='ltr' id='par_1_113' title="bbox 2205 5228 2579 5290">
     <span class='ocr_line' id='line_1_114' title="bbox 2205 5228 2579 5290; baseline -0.008 -7"><span class='ocrx_word' id='word_1_897' title='bbox 2205 5228 2445 5290; x_wconf 82' lang='lat' dir='ltr'><strong>candore,</strong></span> <span class='ocrx_word' id='word_1_898' title='bbox 2475 5238 2579 5280; x_wconf 89' lang='lat' dir='ltr'><strong>etc.</strong></span> 
     </span>
    </p>
   </div>
   <div class='ocr_carea' id='block_1_114' title="bbox 2280 5295 3097 5366">
    <p class='ocr_par' dir='ltr' id='par_1_114' title="bbox 2280 5295 3097 5366">
     <span class='ocr_line' id='line_1_115' title="bbox 2280 5295 3097 5366; baseline -0.009 -15"><span class='ocrx_word' id='word_1_899' title='bbox 2280 5309 2302 5334; x_wconf 74' lang='grc' dir='ltr'>θ</span> <span class='ocrx_word' id='word_1_900' title='bbox 2329 5298 2518 5363; x_wconf 86' lang='lat' dir='ltr'><strong>Idem.,</strong></span> <span class='ocrx_word' id='word_1_901' title='bbox 2544 5313 2741 5366; x_wconf 85' lang='lat' dir='ltr'><strong>aqua...</strong></span> <span class='ocrx_word' id='word_1_902' title='bbox 2784 5295 3097 5363; x_wconf 74' lang='lat' dir='ltr'><strong>splendebat.</strong></span> 
     </span>
    </p>
   </div>
   <div class='ocr_carea' id='block_1_115' title="bbox 2283 5365 3799 5435">
    <p class='ocr_par' dir='ltr' id='par_1_115' title="bbox 2283 5365 3799 5435">
     <span class='ocr_line' id='line_1_116' title="bbox 2283 5365 3799 5435; baseline -0.001 -14"><span class='ocrx_word' id='word_1_903' title='bbox 2283 5367 2303 5407; x_wconf 72' lang='grc' dir='ltr'><strong><em>ἲ</em></strong></span> <span class='ocrx_word' id='word_1_904' title='bbox 2338 5369 2545 5435; x_wconf 81' lang='lat' dir='ltr'><strong>Regtn.,</strong></span> <span class='ocrx_word' id='word_1_905' title='bbox 2579 5365 2643 5419; x_wconf 77' lang='lat' dir='ltr'><strong>At</strong></span> <span class='ocrx_word' id='word_1_906' title='bbox 2672 5366 2765 5418; x_wconf 87' lang='lat' dir='ltr'><strong>illa</strong></span> <span class='ocrx_word' id='word_1_907' title='bbox 2794 5376 2849 5418; x_wconf 84' lang='lat' dir='ltr'><strong>ut</strong></span> <span class='ocrx_word' id='word_1_908' title='bbox 2870 5376 3156 5433; x_wconf 84' lang='lat' dir='ltr'><strong>rogaverat,</strong></span> <span class='ocrx_word' id='word_1_909' title='bbox 3189 5365 3426 5419; x_wconf 82' lang='lat' dir='ltr'><strong>cellulam</strong></span> <span class='ocrx_word' id='word_1_910' title='bbox 3448 5368 3799 5434; x_wconf 70' lang='lat' dir='ltr'><strong>prwparut‘il,</strong></span> 
     </span>
    </p>
   </div>
   <div class='ocr_carea' id='block_1_116' title="bbox 2208 5437 2979 5507">
    <p class='ocr_par' dir='ltr' id='par_1_116' title="bbox 2208 5437 2979 5507">
     <span class='ocr_line' id='line_1_117' title="bbox 2208 5437 2979 5507; baseline -0.009 -13"><span class='ocrx_word' id='word_1_911' title='bbox 2208 5441 2347 5507; x_wconf 84' lang='lat' dir='ltr'><strong>eique</strong></span> <span class='ocrx_word' id='word_1_912' title='bbox 2368 5454 2485 5492; x_wconf 86' lang='lat' dir='ltr'><strong>tunc</strong></span> <span class='ocrx_word' id='word_1_913' title='bbox 2509 5438 2636 5491; x_wconf 65' lang='lat' dir='ltr'><strong>dixit</strong></span> <span class='ocrx_word' id='word_1_914' title='bbox 2660 5453 2673 5489; x_wconf 91' lang='lat'><strong>:</strong></span> <span class='ocrx_word' id='word_1_915' title='bbox 2704 5437 2851 5507; x_wconf 74' lang='lat' dir='ltr'><strong>Ecce,</strong></span> <span class='ocrx_word' id='word_1_916' title='bbox 2877 5445 2979 5490; x_wconf 89' lang='lat' dir='ltr'><strong>etc.</strong></span> 
     </span>
    </p>
   </div>
   <div class='ocr_carea' id='block_1_117' title="bbox 2274 5506 3796 5577">
    <p class='ocr_par' dir='ltr' id='par_1_117' title="bbox 2274 5506 3796 5577">
     <span class='ocr_line' id='line_1_118' title="bbox 2274 5506 3796 5577; baseline -0.001 -16"><span class='ocrx_word' id='word_1_917' title='bbox 2274 5519 2299 5556; x_wconf 76' lang='grc' dir='ltr'><strong>Β</strong></span> <span class='ocrx_word' id='word_1_918' title='bbox 2323 5512 2410 5564; x_wconf 86' lang='lat' dir='ltr'><strong>Sic</strong></span> <span class='ocrx_word' id='word_1_919' title='bbox 2431 5509 2587 5561; x_wconf 85' lang='lat' dir='ltr'><strong>Corb.</strong></span> <span class='ocrx_word' id='word_1_920' title='bbox 2619 5520 2672 5563; x_wconf 91' lang='lat' dir='ltr'><strong>et</strong></span> <span class='ocrx_word' id='word_1_921' title='bbox 2698 5506 2850 5560; x_wconf 75' lang='lat' dir='ltr'><strong>Golb.</strong></span> <span class='ocrx_word' id='word_1_922' title='bbox 2884 5523 2979 5569; x_wconf 87' lang='lat' dir='ltr'><strong>lll.;</strong></span> <span class='ocrx_word' id='word_1_923' title='bbox 3008 5517 3059 5559; x_wconf 82' lang='lat' dir='ltr'><strong>at</strong></span> <span class='ocrx_word' id='word_1_924' title='bbox 3102 5507 3309 5577; x_wconf 76' lang='lat' dir='ltr'><strong>Bcgm..</strong></span> <span class='ocrx_word' id='word_1_925' title='bbox 3344 5506 3450 5558; x_wconf 66' lang='lat' dir='ltr'><strong>Nos</strong></span> <span class='ocrx_word' id='word_1_926' title='bbox 3467 5507 3601 5558; x_wconf 74' lang='lat' dir='ltr'><strong>enim</strong></span> <span class='ocrx_word' id='word_1_927' title='bbox 3627 5526 3796 5573; x_wconf 66' lang='lat' dir='ltr'><strong>opor-</strong></span> 
     </span>
    </p>
   </div>
   <div class='ocr_carea' id='block_1_118' title="bbox 2206 5578 3790 5648">
    <p class='ocr_par' dir='ltr' id='par_1_118' title="bbox 2206 5578 3790 5648">
     <span class='ocr_line' id='line_1_119' title="bbox 2206 5578 3790 5648; baseline 0 -16"><span class='ocrx_word' id='word_1_928' title='bbox 2206 5591 2271 5632; x_wconf 83' lang='lat' dir='ltr'><strong>tet</strong></span> <span class='ocrx_word' id='word_1_929' title='bbox 2301 5579 2579 5648; x_wconf 77' lang='lat' dir='ltr'><strong>providere,</strong></span> <span class='ocrx_word' id='word_1_930' title='bbox 2604 5580 2687 5645; x_wconf 86' lang='lat' dir='ltr'><strong>qui</strong></span> <span class='ocrx_word' id='word_1_931' title='bbox 2732 5587 2888 5630; x_wconf 70' lang='lat' dir='ltr'><strong>tanta!</strong></span> <span class='ocrx_word' id='word_1_932' title='bbox 2910 5579 3205 5630; x_wconf 80' lang='lat' dir='ltr'><strong>sublimitati</strong></span> <span class='ocrx_word' id='word_1_933' title='bbox 3233 5580 3449 5647; x_wconf 80' lang='lat' dir='ltr'><strong>adjungt&#39;</strong></span> <span class='ocrx_word' id='word_1_934' title='bbox 3482 5578 3681 5647; x_wconf 80' lang='lat' dir='ltr'><strong>dignus</strong></span> <span class='ocrx_word' id='word_1_935' title='bbox 3704 5586 3790 5632; x_wconf 73' lang='lat' dir='ltr'><strong>sit.</strong></span> 
     </span>
    </p>
   </div>
   <div class='ocr_carea' id='block_1_119' title="bbox 2206 5649 3098 5704">
    <p class='ocr_par' dir='ltr' id='par_1_119' title="bbox 2206 5649 3098 5704">
     <span class='ocr_line' id='line_1_120' title="bbox 2206 5649 3098 5704; baseline -0.004 0"><span class='ocrx_word' id='word_1_936' title='bbox 2206 5650 2396 5704; x_wconf 72' lang='lat' dir='ltr'><strong>Caeteri</strong></span> <span class='ocrx_word' id='word_1_937' title='bbox 2424 5650 2672 5703; x_wconf 87' lang='lat' dir='ltr'><strong>omittunt</strong></span> <span class='ocrx_word' id='word_1_938' title='bbox 2701 5649 2839 5703; x_wconf 84' lang='lat' dir='ltr'><strong>hunc</strong></span> <span class='ocrx_word' id='word_1_939' title='bbox 2866 5663 3098 5702; x_wconf 75' lang='lat' dir='ltr'><strong>Versum.</strong></span> 
     </span>
    </p>
   </div>
  </div>
