3942 6190
153 191 259 244 597
1091 188 1405 242 HISTORIA
1450 186 1885 239 FiMNCOiiUM.
1931 187 2130 239 LIBER
2172 188 2457 243 SEXTUS.
3293 194 3396 249 3'8

153 305 404 358 victorias
456 292 701 355 obtinuit.
734 300 857 353 llmc
887 299 1029 352 enim
1060 298 1288 362 dicebat,
1323 309 1379 352 ut
1424 300 1526 353 isto
1556 309 1726 350 traus-
1757 305 1801 357 Α
1832 300 1987 351 risios
2017 302 2261 354 transire.
2318 301 2433 367 Quo
2468 313 2770 358 transeunte
2799 314 2853 360 et
2895 306 3008 375 ipse
3039 308 3267 372 transiit,
3312 324 3395 363 at-

152 406 331 459 euntc,
384 395 546 459 huius
580 393 823 463 conjugio
849 401 1167 446 necteretur.
1200 390 1304 446 Sed
1326 391 1568 444 Tiberius
1587 399 1730 457 post-
1830 407 1930 457 que
1960 394 2023 444 ad
2075 393 2456 462 Migliduuense
2503 403 2525 431 ε
2566 395 2724 465 305
2754 407 2983 452 castrum
3022 398 3170 462 abiit,
3201 412 3392 455 cuncta

149 502 307 557 quam
337 499 661 541 consensum
682 482 933 551 cognovit
955 480 1205 551 Augusta:
1230 482 1297 534 de
1327 479 1482 548 hujus
1507 480 1725 533 electio-
1828 482 2072 535 incendio
2098 482 2308 537 tradens
2337 492 2494 549 atque
2538 484 2835 539 devastaus.
2881 486 2948 541 Et
2970 487 3094 542 licet
3120 491 3394 545 exercitus

145 592 233 642 ne,
255 575 427 647 jussit
456 575 702 630 exornari
728 572 889 625 ﬁliam
940 586 1088 624 suam
1113 570 1445 625 ornamentis
1476 571 1728 639 imperia-

141 669 281 723 libus
313 709 332 735 ,
361 676 418 721 et
454 675 642 721 vocato
673 663 948 727 Mauricio,
977 664 1050 714 ait
1081 677 1097 715 :
1133 663 1267 715 Ecce
1313 676 1430 715 cum
1461 652 1724 716 consensu

138 759 635 828 Suphize‘augustxz
674 755 740 809 ad
785 754 1065 819 imperium
1118 753 1330 823 eligeris
1374 772 1386 804 :
1422 754 1474 805 in
1522 768 1626 821 quo
1669 760 1726 806 ut

134 854 347 907 ﬁrmior
388 850 485 913 sis,
511 849 673 902 ﬁliam
725 860 898 901 meam
936 846 1138 897 tradam
1184 845 1298 898 tibi.
1331 845 1397 898 Et
1439 845 1725 899 accedente

134 945 342 1014 puella,
367 943 590 997 tradidit
612 955 729 996 eam
754 946 904 1006 pater
928 937 1200 1003 Mauricio,
1248 936 1429 990 dicens
1467 953 1479 988 :
1510 936 1592 990 Sit
1630 935 1723 989 tibi

133 1036 426 1107 imperium
459 1048 639 1089 meum
679 1046 799 1086 cum
829 1029 928 1084 hac
975 1028 1147 1097 puella
1191 1042 1523 1082 concessum.
1558 1026 1722 1082 Utere

130 1146 199 1185 eo
222 1129 337 1201 [AL
364 1126 453 1200 ea]
509 1126 664 1192 felix,
704 1138 1014 1192 memorque
1045 1137 1257 1191 semper
1304 1130 1421 1177 esto
1451 1130 1508 1175 ut
1554 1122 1716 1189 ωιμιὶο

138 1231 248 1274 tate
269 1228 327 1274 et
344 1217 553 1287 justitia
570 1217 873 1271 delecteris.
905 1213 1067 1285 30h.
1083 1214 1151 1269 At
1172 1213 1261 1267 ille
1284 1221 1497 1281 accepta
1522 1213 1718 1281 puella,

134 1310 288 1363 duxit
317 1322 440 1363 eam
463 1308 531 1360 ad
559 1306 772 1359 domum
803 1320 975 1368 suam,
998 1315 1051 1359 et
1093 1311 1356 1356 transacta
1386 1302 1720 1355 solemnitate

136 1400 474 1467 nuptiarum,
500 1396 743 1451 Tiberius
769 1395 919 1449 obiit.
944 1394 1109 1465 Igitur
1133 1393 1402 1448 celebrato
1424 1392 1628 1462 justitio
1651 1403 1675 1430 ι
1702 1435 1716 1457 ,

134 1489 430 1546 Mauricius
458 1488 675 1542 indutus
718 1486 1018 1540 diademate
1046 1494 1101 1539 et
1140 1500 1391 1552 purpura.
1422 1484 1486 1537 ad
1516 1484 1715 1538 circum

131 1581 441 1649 processit;
469 1578 886 1646 acclamatisque
934 1576 1035 1630 sibi
1076 1576 1339 1641 laudibus,
1377 1576 1579 1645 largitis
1624 1592 1717 1645 po-

132 1674 265 1743 pulo
293 1671 620 1735 muneribus,
646 1672 699 1724 in
733 1670 955 1738 imperio
986 1670 1355 1723 conﬁrmatur.

207 1760 397 1818 XXXI.
434 1762 672 1831 Denique
722 1759 1053 1829 Chilpericus
1110 1776 1203 1813 rex
1252 1760 1454 1830 legatos
1504 1762 1708 1824 nepotis

135 1857 216 1909 sui
275 1855 607 1909 Childeberti
678 1852 928 1921 suscepit,
990 1853 1126 1904 inter
1175 1866 1308 1921 quos
1360 1852 1560 1919 primus
1598 1862 1711 1906 erat

136 1946 360 2018 Egidius
418 1946 738 2001 ilhemensis
785 1947 1103 2015 episcopus;
1154 1945 1342 2013 quibus
1388 1943 1711 1998 intromissis

132 2038 196 2091 ad
228 2053 433 2106 regem,
462 2038 582 2091 data
609 2037 948 2105 suggestione
973 2078 987 2101 ,
1015 2038 1262 2090 dixerunt
1293 2052 1308 2089 :
1345 2036 1531 2089 Pacem
1554 2051 1709 2104 quam

132 2145 254 2184 cum
282 2130 506 2183 domino
534 2138 716 2184 nostro
739 2136 927 2197 nepote
958 2139 1046 2182 tuo
1073 2128 1241 2183 fecisti
1264 2169 1276 2191 ,
1301 2128 1431 2196 petit
1461 2143 1488 2181 a
1520 2137 1570 2183 te
1598 2144 1711 2181 om-

129 2221 364 2275 nimodis
410 2221 753 2283 conservari;
783 2235 900 2274 cum
932 2219 1095 2274 fratre
1120 2234 1247 2273 vero
1280 2229 1372 2274 tuo
1404 2234 1586 2289 pacem
1617 2220 1709 2271 ha-

130 2316 255 2367 bere
280 2327 389 2366 non
413 2321 610 2381 potest,
637 2312 755 2379 quia
779 2320 981 2379 partem
1010 2310 1251 2364 Massiliae
1272 2310 1320 2365 ei
1346 2320 1462 2379 post
1484 2320 1705 2363 mortem

130 2403 348 2456 abstulit
374 2403 565 2471 patris,
602 2404 916 2470 lugacesque
945 2416 1071 2456 suos
1100 2402 1313 2466 retinet,
1346 2417 1444 2456 nec
1471 2416 1565 2456 eos
1594 2404 1709 2456 vult

133 2497 175 2549 ei
204 2497 507 2560 remittere;
563 2495 685 2550 ideo
710 2494 1081 2550 Childebertus
1108 2496 1285 2565 nepos
1316 2507 1435 2549 tuus
1477 2496 1708 2551 charita-

133 2597 262 2650 tem,
294 2600 458 2655 quam
490 2600 632 2639 nunc
660 2594 832 2640 tecum
857 2586 1072 2651 retinet,
1105 2585 1307 2655 integre
1337 2587 1448 2640 vult
1468 2602 1703 2641 servare.

136 2676 200 2729 Et
234 2677 324 2731 ille
357 2695 370 2728 :
416 2675 470 2729 ln
503 2675 702 2741 multis,
736 2675 946 2742 inquit,
976 2676 1139 2729 frater
1167 2690 1315 2730 meus
1341 2675 1564 2729 accessit
1594 2676 1707 2729 cul-

134 2769 343 2835 pabilis.
374 2768 503 2821 Nam
533 2768 578 2821 si
608 2766 847 2820 ordinem
889 2768 1107 2820 rationis
1138 2768 1273 2820 ﬁlius
1304 2782 1453 2820 meus
1482 2766 1703 2820 Cbilde-

144 2860 322 2914 bertus
350 2859 607 2927 inquirat,
648 2866 927 2928 cognoscet
950 2858 1210 2927 protinus,
1243 2857 1382 2927 quod
1416 2857 1570 2927 hujus
1594 2859 1704 2912 col-

139 2950 281 3003 ludio
312 2960 459 3019 pater
503 2950 621 3019 ejus
678 2959 761 3003 est
809 2949 1134 3003 interfectus.
1180 2950 1304 3003 llam
1348 2964 1412 3001 eo
1467 2950 1699 3017 dicente,

1829 573 2035 639 nepotis
2057 578 2136 626 sui
2169 573 2232 625 ad
2267 588 2385 627 cum
2418 588 2521 627 non
2570 577 2819 640 venisset,
2850 586 3020 631 tamen
3052 578 3213 635 duces
3238 588 3293 635 et
3318 581 3391 635 leo

1825 662 1931 729 gati
1958 662 2073 729 ejus
2097 678 2216 716 cum
2262 663 2377 732 ipso
2405 673 2575 717 erant.
2606 664 2754 719 Tunc
2804 668 2947 721 misit
2972 669 3182 725 nuntios
3207 671 3272 724 ad
3300 687 3391 725 su-

1827 752 2090 820 pradictos
2118 754 2278 807 duces
2300 794 2315 819 ,
2359 753 2541 808 dicens
2569 770 2583 807 :
2632 755 2967 823 lngredimini
3002 758 3306 824 Bituricum,
3336 770 3390 813 et

1824 844 2142 897 accedentes
2164 858 2331 912 usque
2355 844 2418 896 ad
2446 844 2733 907 civitatem,
2765 857 3094 900 sacramenta
3124 848 3388 904 ﬁdelitatis

1824 936 2019 1005 exigite
2048 938 2114 990 de
2147 940 2361 992 nomine
2416 947 2615 994 nostro.
2652 941 2865 996 Biturici
2918 959 3046 998 vero
3081 959 3197 998 cum
3230 947 3388 1015 quin-

1824 1025 1993 1080 decim
2025 1026 2257 1081 millibus
2286 1028 2348 1081 ad
2375 1029 2763 1085 Mediolancnse
2789 1026 2813 1068 δ
2840 1042 3068 1086 castrum
3091 1035 3384 1101 conﬂuunt,

1823 1116 1999 1185 ibique
2019 1132 2200 1173 contra
2234 1120 2559 1175 Desiderium
2584 1124 2767 1175 ducem
2791 1126 3081 1194 confligunt
3104 1144 3119 1192 ;
3143 1125 3386 1199 factaque

1822 1220 1903 1266 est
1927 1213 1997 1266 ibi
2027 1226 2232 1286 strages
2286 1232 2496 1287 magna,
2543 1218 2612 1271 ita
2664 1228 2718 1272 ut
2764 1220 2830 1273 de
2877 1228 3103 1291 utroque
3151 1223 3387 1280 exercitu

1820 1303 2044 1372 amplius
2073 1322 2229 1374 quam
2271 1317 2474 1376 septem
2507 1309 2665 1361 millia
2697 1311 3028 1365 cecidissent.
3064 1312 3231 1369 Duces
3253 1329 3385 1381 quo-

1819 1408 1922 1460 que
1951 1408 2069 1448 cum
2099 1396 2297 1466 reliqua
2325 1408 2472 1464 parte
2512 1399 2713 1468 populi,
2744 1398 2809 1453 ad
2837 1400 3099 1455 civitatem
3132 1419 3389 1471 pervene-

1819 1492 1978 1551 runt,
2020 1499 2205 1540 cuncta
2259 1488 2566 1557 diripientes
2619 1492 2698 1545 vel
2744 1490 3112 1561 devastantes;
3162 1496 3388 1568 talisque

1818 1575 2157 1644 dvpo,ulatio
2188 1580 2314 1633 inibi
2341 1591 2456 1634 acta
2489 1592 2588 1647 est,
2621 1587 2789 1652 qualis
2832 1604 2929 1643 nec
2971 1592 3256 1661 antiquitus
3299 1603 3386 1650 est

1747 1668 1791 1723 Β
1823 1670 1996 1723 audita
2027 1671 2187 1726 fuisse
2219 1713 2235 1736 ,
2260 1681 2316 1725 ut
2345 1688 2441 1728 nec
2490 1674 2677 1730 domus
2707 1692 3040 1745 remaneret,
3074 1699 3168 1738 nec
3204 1684 3378 1750 vinea,

1816 1775 1911 1812 nec
1952 1761 2169 1815 arbores
2193 1804 2207 1827 ,
2260 1764 2350 1817 sed
2383 1774 2571 1819 cuncta
2618 1766 2972 1834 succidereut,
3009 1774 3374 1841 incenderent,

1812 1850 2170 1907 debellarent.
2215 1855 2341 1906 Nam
2399 1854 2543 1909 etab
2593 1857 2836 1913 ecclesiis
2886 1862 3185 1919 auferentes
3232 1882 3381 1923 sacra

1814 1943 2124 2009 ministeria,
2150 1945 2290 2012 ipsas
2314 1944 2556 2001 incendio
2576 1952 3005 2008 concremabant.
3029 1952 3380 2012 Guntchram-

1813 2048 1914 2087 nus
1935 2050 2060 2088 vero
2091 2051 2181 2090 rex
2230 2052 2347 2090 cum
2377 2039 2612 2093 exercitu
2644 2051 2825 2096 contra
2856 2044 3070 2100 fratrem
3100 2063 3252 2102 suum
3284 2052 3382 2104 ad-

1814 2126 1957 2179 venit
1981 2135 2029 2189 ο,
2073 2136 2231 2180 totam
2265 2140 2410 2197 spem
2457 2129 2510 2181 in
2567 2130 2658 2185 Dei
2706 2132 2905 2201 judicio
2960 2138 3249 2194 collocans.
3277 2141 3378 2208 Qui

1813 2214 1900 2268 die
1931 2230 2028 2268 una
2051 2215 2158 2283 jam
2186 2232 2424 2282 vespere,
2453 2220 2615 2272 misso
2644 2223 2897 2286 exercitu,
2947 2227 3229 2281 maximam
3259 2245 3378 2297 par-

1814 2318 1917 2361 tam
1939 2307 2005 2361 de
2028 2311 2259 2376 germani
2300 2310 2379 2362 sui
2420 2311 2656 2365 exercitu
2702 2312 2985 2369 interfecit.
3012 2317 3159 2372 Mane
3199 2331 3376 2376 autem

1810 2400 2251 2453 concurrentibus
2281 2399 2465 2468 legatis
2488 2440 2503 2463 ,
2537 2416 2717 2468 pacem
2752 2404 3012 2470 fecerunt,
3061 2410 3373 2475 pollicentes

1810 2488 1943 2541 alter
1968 2490 2243 2554 alterutro,
2295 2500 2351 2546 ut
2379 2493 2633 2563 quidquid
2679 2498 2981 2552 sacerdotes
3010 2500 3093 2553 vel
3132 2502 3372 2557 seniores

1811 2580 1986 2647 populi
2010 2581 2326 2648 iudicarent,
2361 2598 2481 2650 pars
2508 2586 2642 2653 parti
2690 2598 3054 2655 componeret,
3113 2608 3232 2660 qua:
3263 2604 3372 2649 ter.

1809 2670 2010 2722 minum
2040 2670 2168 2739 legis
2208 2682 2549 2727 excesserat:
2576 2684 2629 2726 et
2652 2675 2726 2727 sic
2760 2690 2853 2740 pac
2879 2676 2960 2731 ﬁci
2992 2679 3372 2738 discesserunt.

1809 2761 2138 2829 Chilpericus
2181 2778 2303 2816 vero
2334 2779 2422 2817 rex
2454 2779 2573 2817 cum
2610 2767 2897 2819 exercitum
2944 2782 3093 2821 suum
3122 2786 3150 2823 a
3184 2775 3374 2839 praedis

1807 2868 1991 2908 arcere
2014 2872 2116 2908 non
2146 2866 2343 2923 posset,
2370 2856 2848 2926 Rhotomagensem
2877 2856 2897 2896 ΐ
2923 2861 3167 2915 comitem
3190 2864 3370 2932 gladio

1810 2946 2093 3001 trucidavit
2120 2964 2135 3011 ;
2173 2957 2227 3000 et
2254 2949 2330 2999 sic
2363 2948 2590 3001 Parisios
2624 2948 2797 3007 rediit.
2826 2964 3036 3004 omnem
3067 2953 3372 3021 relinquens

145 3042 355 3111 Egidius
376 3044 656 3111 episcopus
683 3040 756 3096 ait
791 3059 806 3097 :
844 3042 896 3097 Si
927 3058 1047 3097 cum
1078 3054 1268 3111 nepote
1305 3052 1392 3097 tuo
1418 3044 1703 3116 conjunge-
1733 3029 1779 3092 C
1812 3038 2064 3105 praedam,
2097 3038 2433 3103 captivosque
2474 3040 2740 3094 relaxans.
2771 3041 2839 3092 At
2867 3040 2951 3094 isti
2995 3043 3081 3109 qui
3113 3043 3370 3114 Biturigas

146 3134 238 3195 ris,
266 3143 317 3187 et
344 3134 456 3203 ipse
484 3132 823 3202 conjungitur
846 3133 939 3188 tibi
960 3150 973 3198 ;
998 3144 1263 3188 commoto
1286 3136 1548 3201 exercitu,
1576 3136 1704 3191 ultio

153 3239 259 3291 quae
279 3224 498 3280 debetur
521 3238 681 3293 super
705 3239 825 3279 eum
849 3225 1082 3279 velocius
1111 3225 1380 3279 inferetur.
1406 3226 1553 3292 Quod
1582 3242 1701 3281 cum

156 3315 435 3386 juramento
498 3316 818 3371 ﬁrmassent.
896 3317 1212 3385 obsidesque
1272 3320 1407 3371 inter
1478 3333 1538 3373 se
1611 3320 1703 3373 de-

157 3408 360 3475 dissent,
426 3410 806 3465 discesserunt.
884 3409 1043 3477 lgitur
1102 3411 1266 3463 ﬁdens
1315 3411 1368 3463 in
1429 3411 1702 3480 promissis

158 3513 320 3554 eorum
346 3499 699 3567 Chilpericus,
729 3507 1001 3553 commoto
1030 3500 1174 3568 regni
1206 3500 1283 3552 sui
1314 3502 1571 3568 exercitu,
1606 3502 1703 3555 Pa-

161 3591 299 3646 risios
323 3592 511 3646 venit:
560 3590 646 3645 ubi
670 3605 787 3643 cum
830 3590 1134 3653 resedisset,
1191 3606 1437 3660 magnum
1491 3592 1702 3660 dispen-

161 3677 286 3733 dium
326 3697 502 3735 rerum
561 3679 747 3734 incolis
784 3680 980 3733 intulit.
1022 3679 1261 3733 Berulfus
1291 3696 1417 3735 vero
1446 3681 1549 3735 dux
1578 3698 1698 3736 cum

159 3770 446 3838 Turunicis,
494 3773 741 3835 Pictavis,
774 3772 1195 3839 Andegavisque,
1227 3783 1381 3841 atque
1434 3773 1702 3826 Namneti-

158 3865 238 3927 cis,
266 3865 327 3919 ad
359 3866 642 3920 terminum
696 3865 983 3917 Bituricum
1012 3864 1176 3917 venit.
1224 3863 1524 3918 Desiderius
1573 3881 1701 3920 vero

158 3964 203 4008 et
228 3956 505 4023 Bladastes,
532 3971 650 4011 cum
682 3956 826 4009 omni
847 3956 1085 4009 exercitu
1113 3955 1402 4009 Provincia:
1429 3956 1528 4009 sibi
1552 3970 1701 4009 com—

157 4048 313 4103 missae
340 4046 389 4114 δ,
420 4049 486 4101 ab
534 4047 633 4101 alia
684 4058 829 4115 parte
877 4047 1162 4100 Bituricum
1196 4047 1422 4110 vallant,
1478 4048 1700 4100 multum

158 4150 399 4195 vastantes
453 4156 545 4209 per
574 4155 706 4208 quas
758 4122 1018 4194 venerunt
1061 4139 1323 4208 regiones.
1367 4139 1701 4207 Chilpericus

157 4244 264 4287 vero
285 4235 440 4301 jussit
469 4234 781 4294 exercitum,
825 4232 914 4301 qui
942 4234 1004 4285 ad
1040 4246 1158 4286 eum
1190 4233 1449 4298 accessit,
1483 4248 1574 4298 per
1604 4232 1699 4285 Pa-

1807 3126 2141 3187 obsidebant,
2194 3138 2412 3194 accepto
2463 3127 2708 3181 mandato
2765 3136 2821 3181 ut
2872 3140 3262 3187 reverterentur
3301 3136 3370 3190 ad

1810 3217 2017 3285 propria
2046 3226 2213 3269 tantas
2239 3217 2650 3283 praedas'secmn
2698 3219 3051 3284 sustulerunt.
3100 3232 3156 3276 ut
3193 3226 3369 3279 omnis

1808 3313 1951 3377 regio
1981 3310 2089 3375 illa,
2111 3312 2248 3364 unde
2273 3309 2469 3375 egressi
2511 3321 2650 3375 sunt,
2679 3312 2831 3367 valde
2863 3323 3134 3378 putaretur
3153 3332 3370 3372 evacua-

1809 3415 1879 3463 ta,
1910 3404 1990 3456 vel
2022 3402 2094 3474 [Ι.
2128 3402 2204 3473 et]
2254 3403 2319 3456 de
2352 3404 2673 3469 hominibus,
2704 3405 2783 3459 vel
2813 3406 2877 3459 de
2906 3407 3033 3475 ipsis
3063 3410 3364 3478 pecoribus.

1809 3496 2081 3562 Ingressus
2109 3511 2320 3563 quoque
2350 3496 2614 3549 exercitus
2644 3495 2899 3550 Desiderii
2928 3508 3085 3567 atque
3109 3500 3367 3557 Bladastis

1808 3600 1899 3653 per
1923 3585 2262 3649 'l‘uronicum,
2298 3586 2558 3649 incendia,
2592 3588 2797 3654 praedas
2821 3598 2873 3641 et
2920 3589 3198 3645 homicidia
3224 3602 3368 3648 tanta

1805 3680 2061 3740 fecerunt,
2095 3678 2232 3731 sicut
2278 3679 2416 3731 solet
2436 3689 2618 3731 contra
2678 3678 2916 3731 inimicos
2962 3681 3114 3745 ﬁeri;
3146 3697 3268 3736 nam
3314 3695 3369 3738 et

1802 3767 2046 3834 captivos
2076 3766 2436 3827 abduxerunt,
2467 3768 2533 3820 de
2568 3768 2757 3835 quibus
2785 3769 2945 3838 306
2966 3771 3220 3837 spoliatos
3248 3773 3368 3842 plu-

1804 3858 1967 3911 rimos
1998 3868 2177 3922 postea
2203 3858 2534 3912 dimiserunt.
2560 3860 2884 3914 Subsecutus
2910 3871 2992 3917 est
3020 3866 3233 3918 morbus
3274 3882 3369 3936 pe-

1802 3962 1983 4000 corum
2018 3946 2153 3999 hanc
2191 3948 2416 4010 cladem,
2452 3950 2518 4000 ita
2553 3956 2609 4000 ut
2633 3949 2715 4001 vix
2770 3951 2979 4004 unicum
3027 3966 3366 4024 remaneret;

1804 4054 2100 4107 novumque
2124 4047 2266 4093 esset
2294 4040 2338 4091 si
2365 4040 2556 4107 aliquis
2601 4048 2691 4093 aut
2727 4040 3023 4106 jumentum
3052 4054 3078 4091 Β
3118 4045 3324 4101 videret
3349 4090 3365 4113 ,

1804 4148 1895 4192 aut
1936 4150 2179 4193 cerneret
2232 4139 2496 4192 buculam.
2546 4139 2648 4193 Sed
2703 4141 2825 4193 dum
2876 4140 2989 4195 hinc
3034 4153 3365 4213 agerentur,

1803 4237 2176 4292 Childebertus
2200 4251 2289 4291 rex
2320 4250 2437 4290 cum
2467 4238 2707 4291 exercitu
2762 4252 2862 4292 suo
2892 4253 2995 4293 uno
3038 4240 3089 4293 in
3134 4240 3251 4296 loco
3275 4259 3364 4297 re-

214 4438 235 4464 ι
263 4429 530 4484 Justitiam
554 4429 621 4482 ad
648 4430 843 4506 lucrum
891 4427 1289 4506 designandum
1321 4428 1575 4506 adhibent
1604 4430 1692 4483 alii
1724 4402 1773 4459 ι)
1798 4431 1949 4506 cujus
1978 4433 2121 4485 urbis
2151 4433 2423 4506 dioecesim
2449 4432 2596 4506 locus
2622 4433 2708 4506 ille
2736 4436 2895 4489 etiam
2924 4437 3082 4491 hodie
3117 4442 3363 4506 pertinet.

156 4514 342 4568 quoque
362 4512 629 4563 auctores,
651 4501 789 4567 quod
822 4500 872 4552 in
906 4500 1125 4565 publicis
1149 4498 1374 4552 luctibus
1400 4498 1689 4567 justitium,

160 4570 200 4620 id
235 4581 310 4624 est
359 4572 495 4637 juris
537 4571 744 4621 dicendi
785 4569 1139 4631 intermissio,
1182 4572 1328 4635 quasi
1375 4571 1505 4636 juris
1536 4572 1692 4624 statio

154 4638 470 4695 indiceretur.
504 4640 665 4693 Addit
690 4640 878 4693 Paulus
912 4640 1053 4692 Diae.
1087 4640 1178 4711 li_b.
1222 4654 1279 4690 ιιι
1327 4641 1458 4693 llist.
1502 4640 1691 4711 Lang.,

151 4723 249 4777 cap.
283 4715 365 4776 t7,
399 4712 707 4764 Mani-icium
748 4712 969 4777 primum
999 4724 1064 4762 ex
1092 4708 1397 4763 Grmcorum
1424 4708 1691 4780 generein

151 4780 351 4848 imperio
377 4783 750 4836 conﬁrmatum
782 4780 964 4833 fuisse.

207 4853 229 4888 δ
252 4851 379 4906 Cod.
410 4852 563 4905 Colh.
594 4868 691 4908 ιιι..
723 4851 1039 4903 commissum
1072 4865 1166 4918 pro
1194 4850 1477 4902 commisso.
1526 4849 1685 4905 Cbrb.

149 4936 275 4985 vero,
305 4923 559 4976 communi
580 4922 798 4974 exercitu
825 4919 1106 4973 Prouincia:
1126 4920 1219 4972 sibi
1257 4921 1543 4974 commisso.

208 5003 229 5032 ο
258 4995 345 5049 Sic
395 4992 557 5047 Corb.
587 4992 673 5043 hic
705 5000 759 5044 et
796 5005 915 5059 cap.
948 4992 1210 5058 sequenti.
1265 4990 1477 5043 Variant
1524 4991 1688 5045 etiam

144 5064 217 5116 alii
243 5065 454 5118 codices
493 5063 698 5128 scripti.
760 5058 970 5129 Aliquot
1014 5062 1154 5114 enim
1209 5061 1402 5113 habent
1433 5058 1688 5114 Mecledo-

142 5151 278 5187 neme
323 5149 443 5188 cum
494 5133 759 5199 plerisque
788 5133 962 5194 editis,
994 5145 1090 5199 pro
1128 5146 1232 5197 quo
1272 5132 1325 5182 in
1353 5131 1506 5183 Colb.
1535 5145 1610 5194 a.,
1634 5140 1688 5185 et

138 5206 333 5270 quidem
381 5204 599 5272 antiqua
631 5217 829 5272 imanu,
882 5202 1107 5269 positum
1153 5214 1256 5264 est,
1308 5199 1685 5272 Medolonense.

138 5276 248 5329 Bec.
279 5285 331 5329 et
373 5270 588 5342 Regni.,
620 5270 1007 5324 Mededonense.
1031 5272 1133 5327 Sed
1167 5273 1228 5324 iis
1260 5271 1503 5342 omnibus
1546 5272 1687 5325 desi-

134 5358 311 5412 gnatur
359 5341 700 5399 Melodunum
751 5342 1025 5412 Senonum
1066 5342 1315 5410 oppidum
1347 5381 1361 5402 ,
1414 5341 1466 5393 in
1511 5342 1684 5412 insula

136 5410 382 5483 Sequana
405 5417 657 5483 positum,
692 5414 848 5481 vulgo
893 5410 1067 5464 Melan
1092 5453 1105 5475 ,
1136 5413 1541 5483 quodgtempore
1562 5411 1684 5465 Julii

133 5481 344 5540 Cesaris
364 5481 475 5555 jam
529 5486 744 5539 celebre
772 5492 913 5547 erat;
947 5484 1124 5548 ibique
1149 5481 1521 5555 tlhildebertus
1544 5498 1681 5555 fex,

131 5550 407 5611 Cblodovéi
438 5555 612 5624 Magni
646 5554 805 5616 ﬁlius,
829 5555 1179 5624 episcopalem
1207 5555 1412 5624 sedcm_
1437 5550 1686 5624 instituis-

132 5638 226 5694 set,
254 5628 304 5681 ni
326 5621 621 5683 obstitisset
649 5628 755 5682 Leo
777 5622 1098 5680 Seuoneusis
1140 5621 1594 5689 metropolitanus,
1621 5623 1685 5673 ad

1802 4503 2071 4579 [iubemus
2095 4518 2154 4579 ea
2184 4504 2249 4555 de
2280 4518 2339 4555 re
2379 4502 2567 4579 Leonis
2596 4504 2906 4579 epistolam,
2933 4508 3022 4561 ubi
3047 4502 3186 4564 istud
3216 4515 3366 4579 oppi-

1799 4572 1922 4626 dum
1953 4571 2332 4626 Medeclonense
2361 4584 2414 4627 et
2441 4574 2730 4626 Medeclone
2754 4576 2803 4627 in
2826 4587 2976 4631 sexto
3003 4594 3129 4633 casu
3150 4571 3362 4637 dicitur.

1873 4643 2203 4718 fl_|ta_(_:od_d._
2230 4643 2572 4718 Corb.,_Bec.
2605 4656 2657 4698 et
2702 4643 2854 4718 Golgb.
2897 4662 2993 4714 m.,
3025 4654 3264 4718 quamvis
3312 4656 3364 4707 in

1803 4712 1957 4792 editis
1980 4711 2389 4792 _Mecledonen_se_
2435 4713 2720 4792 habeatur._
2748 4716 2843 4770 llic
2889 4711 3028 4773 enim
3044 4711 3365 4792 'designatur

1802 4782 2177 4853 Mediolanum,
2206 4784 2345 4853 quod
2379 4785 2536 4837 hodie
2575 4785 2886 4853 Magdunum
2918 4792 2983 4842 ad
3013 4782 3239 4845 Avera‘m
3267 4795 3364 4845 ﬁu-

1800 4851 1959 4926 vium_
1978 4855 2029 4906 in
2073 4851 2263 4905 ﬁnibus
2292 4852 2603 4926 Biturigum
2629 4897 2643 4921 ,
2662 4851 2831 4926 Vulgo
2877 4858 3363 4916 Melmn-sur-Yévre

1790 4924 2115 4990 appellatur,
2158 4932 2214 4975 ut
2253 4924 2603 4978 observarunt
2651 4928 2747 4979 viri
2772 4924 2984 4981 “eruditi
3040 4930 3276 4984 Valesius
3304 4944 3361 4986 et

1790 4993 2048 5066 cointius.
2106 4992 2220 5066 lam
2272 5004 2554 5066 utrumque
2605 5011 2795 5049 nomen
2846 4996 3071 5051 habebat
3119 5010 3357 5066 tempore

1792 5063 2042 5124 Aimoini,
2077 5075 2131 5115 ut
2163 5063 2273 5130 ipSe
2305 5075 2482 5116 monet
2512 5065 2607 5117 lib.
2638 5080 2716 5127 nt,
2745 5080 2861 5129 cap.
2895 5066 2980 5119 5t).

1845 5142 1868 5169 ε
1886 5133 2099 5187 Scilicet
2114 5147 2275 5201 prope
2298 5133 2653 5196 Melodunum,
2678 5135 2762 5185 ubi
2783 5134 3359 5191 GuntchramnuantL

1790 5202 1952 5264 periei
1981 5205 2268 5257 exercitum
2298 5204 2615 5273 proﬂigavit.
2650 5206 2815 5256 Duces
2846 5219 2970 5257 vero
2995 5220 3178 5258 eorum
3212 5210 3352 5271 apud

1788 5274 2052 5348 Bituriges
2080 5274 2440 5348 decertabant,
2484 5288 2644 5348 prope
2663 5273 3020 5348 Mediolanum
3044 5314 3059 5339 ,
3091 5291 3183 5329 seu
3221 5277 3356 5348 Mag-

1788 5342 2009 5419 dunu‘m,
2041 5344 2185 5419 quod
2208 5342 2525 5419 a_Magdu_tto
2551 5344 2615 5394 ad
2649 5345 2910 5411 Angerem
2956 5355 3009 5400 et
3030 5360 3058 5400 a
3089 5342 3353 5419 Magdun'o

1788 5415 1853 5468 ad
1882 5412 2111 5482 Ligerim
2137 5412 2561 5479 distinguendum
2589 5423 2689 5466 est.

1864 5482 1883 5520 τ
1918 5484 2056 5555 Editi
2086 5484 2304 5552 aliquot,
2345 5483 2762 5553 Ilhotongensem.

1860 5562 1886 5601 8
1908 5555 2058 5609 Colb.
2091 5570 2167 5622 a.,
2191 5556 2481 5625 juvencum.
