  <div class='ocr_page' id='page_1' title='image "/cluster/home/n/w/nwhite01/storage/ocr_20150623/71/uva.x000827083/207.png"; bbox 0 0 3942 6190; ppageno 0'>
   <div class='ocr_carea' id='block_1_1' title="bbox 514 236 617 292">
    <p class='ocr_par' dir='ltr' id='par_1_1' title="bbox 514 236 617 292">
     <span class='ocr_line' id='line_1_1' title="bbox 514 236 617 292; baseline -0.019 -1"><span class='ocrx_word' id='word_1_1' title='bbox 514 236 617 292; x_wconf 69' lang='grc'><strong>599</strong></span> 
     </span>
    </p>
   </div>
   <div class='ocr_carea' id='block_1_2' title="bbox 1510 215 2760 283">
    <p class='ocr_par' dir='ltr' id='par_1_2' title="bbox 1510 215 2760 283">
     <span class='ocr_line' id='line_1_2' title="bbox 1510 215 2760 283; baseline -0.008 0"><span class='ocrx_word' id='word_1_2' title='bbox 1510 226 1570 283; x_wconf 87' lang='lat' dir='ltr'><strong>S.</strong></span> <span class='ocrx_word' id='word_1_3' title='bbox 1612 224 1941 283; x_wconf 78' lang='lat' dir='ltr'><strong>GREGORII</strong></span> <span class='ocrx_word' id='word_1_4' title='bbox 1982 220 2289 278; x_wconf 84' lang='lat' dir='ltr'><strong>EPISCOPI</strong></span> <span class='ocrx_word' id='word_1_5' title='bbox 2328 215 2760 274; x_wconf 76' lang='lat' dir='ltr'><strong>TURONENSIS</strong></span> 
     </span>
    </p>
   </div>
   <div class='ocr_carea' id='block_1_3' title="bbox 3667 216 3801 269">
    <p class='ocr_par' dir='ltr' id='par_1_3' title="bbox 3667 216 3801 269">
     <span class='ocr_line' id='line_1_3' title="bbox 3667 216 3801 269; baseline 0.007 -2"><span class='ocrx_word' id='word_1_6' title='bbox 3667 216 3801 269; x_wconf 64' lang='lat' dir='ltr'><strong>4C0</strong></span> 
     </span>
    </p>
   </div>
   <div class='ocr_carea' id='block_1_4' title="bbox 506 325 3802 413">
    <p class='ocr_par' dir='ltr' id='par_1_4' title="bbox 506 325 3802 413">
     <span class='ocr_line' id='line_1_4' title="bbox 506 325 3802 413; baseline -0.008 -7"><span class='ocrx_word' id='word_1_7' title='bbox 506 349 715 406; x_wconf 86' lang='lat' dir='ltr'><strong>sidehat</strong></span> <span class='ocrx_word' id='word_1_8' title='bbox 743 354 792 399; x_wconf 72' lang='grc' dir='ltr'><strong>ιι.</strong></span> <span class='ocrx_word' id='word_1_9' title='bbox 834 344 1003 402; x_wconf 85' lang='lat' dir='ltr'><strong>Nocte</strong></span> <span class='ocrx_word' id='word_1_10' title='bbox 1026 352 1201 401; x_wconf 91' lang='lat' dir='ltr'><strong>autem</strong></span> <span class='ocrx_word' id='word_1_11' title='bbox 1244 344 1471 413; x_wconf 89' lang='lat' dir='ltr'><strong>quadam</strong></span> <span class='ocrx_word' id='word_1_12' title='bbox 1499 350 1769 398; x_wconf 90' lang='lat' dir='ltr'><strong>commoto</strong></span> <span class='ocrx_word' id='word_1_13' title='bbox 1808 340 2046 395; x_wconf 82' lang='lat' dir='ltr'><strong>cxcrcitu</strong></span> <span class='ocrx_word' id='word_1_14' title='bbox 2073 376 2089 400; x_wconf 91' lang='lat'><strong>,</strong></span> <span class='ocrx_word' id='word_1_15' title='bbox 2125 345 2165 395; x_wconf 83' lang='lat' dir='ltr'><strong>A</strong></span> <span class='ocrx_word' id='word_1_16' title='bbox 2197 344 2385 403; x_wconf 78' lang='lat' dir='ltr'><strong>Iusque</strong></span> <span class='ocrx_word' id='word_1_17' title='bbox 2415 332 2634 400; x_wconf 84' lang='lat' dir='ltr'><strong>pedibus</strong></span> <span class='ocrx_word' id='word_1_18' title='bbox 2665 344 2782 399; x_wconf 79' lang='lat' dir='ltr'><strong>ejus</strong></span> <span class='ocrx_word' id='word_1_19' title='bbox 2824 327 3032 384; x_wconf 92' lang='lat' dir='ltr'><strong>veniam</strong></span> <span class='ocrx_word' id='word_1_20' title='bbox 3068 325 3343 397; x_wconf 83' lang='lat' dir='ltr'><strong>ﬂagitavit,</strong></span> <span class='ocrx_word' id='word_1_21' title='bbox 3372 326 3457 382; x_wconf 91' lang='lat' dir='ltr'><strong>cui</strong></span> <span class='ocrx_word' id='word_1_22' title='bbox 3485 340 3575 382; x_wconf 77' lang='lat' dir='ltr'><strong>rex</strong></span> <span class='ocrx_word' id='word_1_23' title='bbox 3600 344 3613 381; x_wconf 89' lang='lat'><strong>:</strong></span> <span class='ocrx_word' id='word_1_24' title='bbox 3634 328 3802 383; x_wconf 82' lang='lat' dir='ltr'><strong>Cau-</strong></span> 
     </span>
    </p>
   </div>
   <div class='ocr_carea' id='block_1_5' title="bbox 508 433 2098 511">
    <p class='ocr_par' dir='ltr' id='par_1_5' title="bbox 508 433 2098 511">
     <span class='ocr_line' id='line_1_5' title="bbox 508 433 2098 511; baseline -0.006 -16"><span class='ocrx_word' id='word_1_25' title='bbox 508 455 758 511; x_wconf 85' lang='lat' dir='ltr'><strong>magnum</strong></span> <span class='ocrx_word' id='word_1_26' title='bbox 825 453 1067 492; x_wconf 89' lang='lat' dir='ltr'><strong>murmur</strong></span> <span class='ocrx_word' id='word_1_27' title='bbox 1135 446 1320 490; x_wconf 86' lang='lat' dir='ltr'><strong>contra</strong></span> <span class='ocrx_word' id='word_1_28' title='bbox 1381 434 1624 506; x_wconf 84' lang='lat' dir='ltr'><strong>Egidium</strong></span> <span class='ocrx_word' id='word_1_29' title='bbox 1673 433 1990 502; x_wconf 81' lang='lat' dir='ltr'><strong>episcopum</strong></span> <span class='ocrx_word' id='word_1_30' title='bbox 2043 440 2098 485; x_wconf 91' lang='lat' dir='ltr'><strong>et</strong></span> 
     </span>
    </p>
   </div>
   <div class='ocr_carea' id='block_1_6' title="bbox 505 523 2098 601">
    <p class='ocr_par' dir='ltr' id='par_1_6' title="bbox 505 523 2098 601">
     <span class='ocr_line' id='line_1_6' title="bbox 505 523 2098 601; baseline -0.006 -14"><span class='ocrx_word' id='word_1_31' title='bbox 505 534 667 587; x_wconf 91' lang='lat' dir='ltr'><strong>duces</strong></span> <span class='ocrx_word' id='word_1_32' title='bbox 692 531 828 601; x_wconf 84' lang='lat' dir='ltr'><strong>regis</strong></span> <span class='ocrx_word' id='word_1_33' title='bbox 854 532 1028 584; x_wconf 85' lang='lat' dir='ltr'><strong>minor</strong></span> <span class='ocrx_word' id='word_1_34' title='bbox 1054 530 1279 600; x_wconf 89' lang='lat' dir='ltr'><strong>populus</strong></span> <span class='ocrx_word' id='word_1_35' title='bbox 1320 528 1567 594; x_wconf 82' lang='lat' dir='ltr'><strong>elevavit,</strong></span> <span class='ocrx_word' id='word_1_36' title='bbox 1594 544 1655 582; x_wconf 90' lang='lat' dir='ltr'><strong>ac</strong></span> <span class='ocrx_word' id='word_1_37' title='bbox 1677 523 1960 581; x_wconf 82' lang='lat' dir='ltr'><strong>vociferari</strong></span> <span class='ocrx_word' id='word_1_38' title='bbox 1990 538 2098 577; x_wconf 71' lang='lat' dir='ltr'><strong>cu:-</strong></span> 
     </span>
    </p>
   </div>
   <div class='ocr_carea' id='block_1_7' title="bbox 507 613 2100 691">
    <p class='ocr_par' dir='ltr' id='par_1_7' title="bbox 507 613 2100 691">
     <span class='ocr_line' id='line_1_7' title="bbox 507 613 2100 691; baseline -0.004 -16"><span class='ocrx_word' id='word_1_39' title='bbox 507 626 612 691; x_wconf 88' lang='lat' dir='ltr'><strong>pit,</strong></span> <span class='ocrx_word' id='word_1_40' title='bbox 647 632 702 677; x_wconf 85' lang='lat' dir='ltr'><strong>et</strong></span> <span class='ocrx_word' id='word_1_41' title='bbox 746 622 957 691; x_wconf 82' lang='lat' dir='ltr'><strong>publice</strong></span> <span class='ocrx_word' id='word_1_42' title='bbox 1001 620 1370 690; x_wconf 81' lang='lat' dir='ltr'><strong>proclamare:</strong></span> <span class='ocrx_word' id='word_1_43' title='bbox 1403 618 1680 672; x_wconf 86' lang='lat' dir='ltr'><strong>Tollantur</strong></span> <span class='ocrx_word' id='word_1_44' title='bbox 1727 632 1756 669; x_wconf 90' lang='lat' dir='ltr'><strong>a</strong></span> <span class='ocrx_word' id='word_1_45' title='bbox 1794 617 1927 669; x_wconf 90' lang='lat' dir='ltr'><strong>facie</strong></span> <span class='ocrx_word' id='word_1_46' title='bbox 1956 613 2100 684; x_wconf 88' lang='lat' dir='ltr'><strong>regis</strong></span> 
     </span>
    </p>
   </div>
   <div class='ocr_carea' id='block_1_8' title="bbox 508 707 2101 787">
    <p class='ocr_par' dir='ltr' id='par_1_8' title="bbox 508 707 2101 787">
     <span class='ocr_line' id='line_1_8' title="bbox 508 707 2101 787; baseline -0.009 -16"><span class='ocrx_word' id='word_1_47' title='bbox 508 719 597 787; x_wconf 88' lang='lat' dir='ltr'><strong>qui</strong></span> <span class='ocrx_word' id='word_1_48' title='bbox 631 731 850 785; x_wconf 83' lang='lat' dir='ltr'><strong>regnum</strong></span> <span class='ocrx_word' id='word_1_49' title='bbox 872 715 989 785; x_wconf 87' lang='lat' dir='ltr'><strong>ejus</strong></span> <span class='ocrx_word' id='word_1_50' title='bbox 1021 712 1347 769; x_wconf 86' lang='lat' dir='ltr'><strong>venumdant</strong></span> <span class='ocrx_word' id='word_1_51' title='bbox 1369 753 1382 774; x_wconf 95' lang='lat'><strong>,</strong></span> <span class='ocrx_word' id='word_1_52' title='bbox 1408 711 1654 763; x_wconf 82' lang='lat' dir='ltr'><strong>civitates</strong></span> <span class='ocrx_word' id='word_1_53' title='bbox 1686 708 1830 763; x_wconf 90' lang='lat' dir='ltr'><strong>illius</strong></span> <span class='ocrx_word' id='word_1_54' title='bbox 1857 707 2101 762; x_wconf 85' lang='lat' dir='ltr'><strong>domina-</strong></span> 
     </span>
    </p>
   </div>
   <div class='ocr_carea' id='block_1_9' title="bbox 510 798 2101 873">
    <p class='ocr_par' dir='ltr' id='par_1_9' title="bbox 510 798 2101 873">
     <span class='ocr_line' id='line_1_9' title="bbox 510 798 2101 873; baseline -0.008 -10"><span class='ocrx_word' id='word_1_55' title='bbox 510 811 641 865; x_wconf 90' lang='lat' dir='ltr'><strong>tioni</strong></span> <span class='ocrx_word' id='word_1_56' title='bbox 685 808 907 863; x_wconf 79' lang='lat' dir='ltr'><strong>alterius</strong></span> <span class='ocrx_word' id='word_1_57' title='bbox 936 808 1191 867; x_wconf 86' lang='lat' dir='ltr'><strong>subdunt,</strong></span> <span class='ocrx_word' id='word_1_58' title='bbox 1228 803 1479 873; x_wconf 79' lang='lat' dir='ltr'><strong>populum</strong></span> <span class='ocrx_word' id='word_1_59' title='bbox 1535 802 1701 870; x_wconf 85' lang='lat' dir='ltr'><strong>ipsius</strong></span> <span class='ocrx_word' id='word_1_60' title='bbox 1732 800 1992 869; x_wconf 83' lang='lat' dir='ltr'><strong>principis</strong></span> <span class='ocrx_word' id='word_1_61' title='bbox 2022 798 2101 851; x_wconf 90' lang='lat' dir='ltr'><strong>al-</strong></span> 
     </span>
    </p>
   </div>
   <div class='ocr_carea' id='block_1_10' title="bbox 511 892 2101 958">
    <p class='ocr_par' dir='ltr' id='par_1_10' title="bbox 511 892 2101 958">
     <span class='ocr_line' id='line_1_10' title="bbox 511 892 2101 958; baseline -0.008 -2"><span class='ocrx_word' id='word_1_62' title='bbox 511 903 681 958; x_wconf 88' lang='lat' dir='ltr'><strong>terius</strong></span> <span class='ocrx_word' id='word_1_63' title='bbox 706 901 998 957; x_wconf 91' lang='lat' dir='ltr'><strong>ditionibus</strong></span> <span class='ocrx_word' id='word_1_64' title='bbox 1031 899 1267 955; x_wconf 90' lang='lat' dir='ltr'><strong>tradunt.</strong></span> <span class='ocrx_word' id='word_1_65' title='bbox 1328 897 1461 950; x_wconf 91' lang='lat' dir='ltr'><strong>Dum</strong></span> <span class='ocrx_word' id='word_1_66' title='bbox 1512 894 1628 949; x_wconf 66' lang='lat' dir='ltr'><strong>haec</strong></span> <span class='ocrx_word' id='word_1_67' title='bbox 1651 904 1707 949; x_wconf 92' lang='lat' dir='ltr'><strong>et</strong></span> <span class='ocrx_word' id='word_1_68' title='bbox 1763 894 1846 947; x_wconf 91' lang='lat' dir='ltr'><strong>his</strong></span> <span class='ocrx_word' id='word_1_69' title='bbox 1902 892 2101 946; x_wconf 85' lang='lat' dir='ltr'><strong>similia</strong></span> 
     </span>
    </p>
   </div>
   <div class='ocr_carea' id='block_1_11' title="bbox 511 982 2102 1060">
    <p class='ocr_par' dir='ltr' id='par_1_11' title="bbox 511 982 2102 1060">
     <span class='ocr_line' id='line_1_11' title="bbox 511 982 2102 1060; baseline -0.009 -12"><span class='ocrx_word' id='word_1_70' title='bbox 511 993 861 1048; x_wconf 80' lang='lat' dir='ltr'><strong>vociferando</strong></span> <span class='ocrx_word' id='word_1_71' title='bbox 916 989 1236 1060; x_wconf 85' lang='lat' dir='ltr'><strong>proferrent,</strong></span> <span class='ocrx_word' id='word_1_72' title='bbox 1265 985 1409 1041; x_wconf 86' lang='lat' dir='ltr'><strong>facto</strong></span> <span class='ocrx_word' id='word_1_73' title='bbox 1443 1000 1623 1051; x_wconf 89' lang='lat' dir='ltr'><strong>mane,</strong></span> <span class='ocrx_word' id='word_1_74' title='bbox 1651 982 1990 1052; x_wconf 85' lang='lat' dir='ltr'><strong>apprehenso</strong></span> <span class='ocrx_word' id='word_1_75' title='bbox 2015 996 2102 1034; x_wconf 89' lang='lat' dir='ltr'><strong>ar-</strong></span> 
     </span>
    </p>
   </div>
   <div class='ocr_carea' id='block_1_12' title="bbox 513 1075 2099 1154">
    <p class='ocr_par' dir='ltr' id='par_1_12' title="bbox 513 1075 2099 1154">
     <span class='ocr_line' id='line_1_12' title="bbox 513 1075 2099 1154; baseline -0.01 -12"><span class='ocrx_word' id='word_1_76' title='bbox 513 1102 728 1142; x_wconf 86' lang='lat' dir='ltr'><strong>morum</strong></span> <span class='ocrx_word' id='word_1_77' title='bbox 782 1094 1081 1154; x_wconf 87' lang='lat' dir='ltr'><strong>apparatu,</strong></span> <span class='ocrx_word' id='word_1_78' title='bbox 1138 1081 1205 1135; x_wconf 90' lang='lat' dir='ltr'><strong>ad</strong></span> <span class='ocrx_word' id='word_1_79' title='bbox 1252 1079 1545 1133; x_wconf 81' lang='lat' dir='ltr'><strong>tentorium</strong></span> <span class='ocrx_word' id='word_1_80' title='bbox 1590 1075 1731 1146; x_wconf 89' lang='lat' dir='ltr'><strong>regis</strong></span> <span class='ocrx_word' id='word_1_81' title='bbox 1793 1083 2099 1144; x_wconf 85' lang='lat' dir='ltr'><strong>properant,</strong></span> 
     </span>
    </p>
   </div>
   <div class='ocr_carea' id='block_1_13' title="bbox 515 1165 2103 1245">
    <p class='ocr_par' dir='ltr' id='par_1_13' title="bbox 515 1165 2103 1245">
     <span class='ocr_line' id='line_1_13' title="bbox 515 1165 2103 1245; baseline -0.01 -10"><span class='ocrx_word' id='word_1_82' title='bbox 515 1178 722 1235; x_wconf 89' lang='lat' dir='ltr'><strong>scilicet</strong></span> <span class='ocrx_word' id='word_1_83' title='bbox 771 1188 830 1231; x_wconf 93' lang='lat' dir='ltr'><strong>ut</strong></span> <span class='ocrx_word' id='word_1_84' title='bbox 860 1174 1211 1245; x_wconf 86' lang='lat' dir='ltr'><strong>apprehensis</strong></span> <span class='ocrx_word' id='word_1_85' title='bbox 1261 1172 1516 1240; x_wconf 89' lang='lat' dir='ltr'><strong>episcopo</strong></span> <span class='ocrx_word' id='word_1_86' title='bbox 1563 1178 1618 1223; x_wconf 91' lang='lat' dir='ltr'><strong>et</strong></span> <span class='ocrx_word' id='word_1_87' title='bbox 1666 1166 2003 1232; x_wconf 87' lang='lat' dir='ltr'><strong>senioribus,</strong></span> <span class='ocrx_word' id='word_1_88' title='bbox 2050 1165 2103 1219; x_wconf 87' lang='lat' dir='ltr'><strong>vi</strong></span> 
     </span>
    </p>
   </div>
   <div class='ocr_carea' id='block_1_14' title="bbox 514 1259 2103 1340">
    <p class='ocr_par' dir='ltr' id='par_1_14' title="bbox 514 1259 2103 1340">
     <span class='ocr_line' id='line_1_14' title="bbox 514 1259 2103 1340; baseline -0.011 -13"><span class='ocrx_word' id='word_1_89' title='bbox 514 1273 919 1340; x_wconf 81' lang='lat' dir='ltr'><strong>opprimerent,</strong></span> <span class='ocrx_word' id='word_1_90' title='bbox 971 1265 1290 1322; x_wconf 88' lang='lat' dir='ltr'><strong>verberibus</strong></span> <span class='ocrx_word' id='word_1_91' title='bbox 1318 1263 1625 1327; x_wconf 81' lang='lat' dir='ltr'><strong>afﬁcerent,</strong></span> <span class='ocrx_word' id='word_1_92' title='bbox 1655 1259 1848 1331; x_wconf 79' lang='lat' dir='ltr'><strong>gladiis</strong></span> <span class='ocrx_word' id='word_1_93' title='bbox 1901 1262 2103 1313; x_wconf 88' lang='lat' dir='ltr'><strong>lacera-</strong></span> 
     </span>
    </p>
   </div>
   <div class='ocr_carea' id='block_1_15' title="bbox 517 1352 2101 1430">
    <p class='ocr_par' dir='ltr' id='par_1_15' title="bbox 517 1352 2101 1430">
     <span class='ocr_line' id='line_1_15' title="bbox 517 1352 2101 1430; baseline -0.01 -11"><span class='ocrx_word' id='word_1_94' title='bbox 517 1373 655 1419; x_wconf 86' lang='lat' dir='ltr'><strong>rent.</strong></span> <span class='ocrx_word' id='word_1_95' title='bbox 688 1362 806 1430; x_wconf 89' lang='lat' dir='ltr'><strong>Quo</strong></span> <span class='ocrx_word' id='word_1_96' title='bbox 834 1369 1129 1429; x_wconf 87' lang='lat' dir='ltr'><strong>comperto,</strong></span> <span class='ocrx_word' id='word_1_97' title='bbox 1164 1356 1414 1412; x_wconf 87' lang='lat' dir='ltr'><strong>sacerdos</strong></span> <span class='ocrx_word' id='word_1_98' title='bbox 1462 1356 1637 1425; x_wconf 80' lang='lat' dir='ltr'><strong>fugam</strong></span> <span class='ocrx_word' id='word_1_99' title='bbox 1677 1352 1813 1414; x_wconf 92' lang='lat' dir='ltr'><strong>iniit,</strong></span> <span class='ocrx_word' id='word_1_100' title='bbox 1846 1365 2101 1404; x_wconf 84' lang='lat' dir='ltr'><strong>ascenso-</strong></span> 
     </span>
    </p>
   </div>
   <div class='ocr_carea' id='block_1_16' title="bbox 517 1445 2105 1528">
    <p class='ocr_par' dir='ltr' id='par_1_16' title="bbox 517 1445 2105 1528">
     <span class='ocr_line' id='line_1_16' title="bbox 517 1445 2105 1528; baseline -0.01 -15"><span class='ocrx_word' id='word_1_101' title='bbox 517 1474 620 1527; x_wconf 89' lang='lat' dir='ltr'><strong>que</strong></span> <span class='ocrx_word' id='word_1_102' title='bbox 654 1455 834 1524; x_wconf 86' lang='lat' dir='ltr'><strong>equite</strong></span> <span class='ocrx_word' id='word_1_103' title='bbox 877 1453 952 1528; x_wconf 89' lang='grc' dir='ltr'><strong>[Ι.</strong></span> <span class='ocrx_word' id='word_1_104' title='bbox 981 1449 1144 1522; x_wconf 91' lang='lat' dir='ltr'><strong>equo]</strong></span> <span class='ocrx_word' id='word_1_105' title='bbox 1171 1450 1238 1505; x_wconf 90' lang='lat' dir='ltr'><strong>ad</strong></span> <span class='ocrx_word' id='word_1_106' title='bbox 1284 1449 1467 1505; x_wconf 89' lang='lat' dir='ltr'><strong>urbem</strong></span> <span class='ocrx_word' id='word_1_107' title='bbox 1501 1448 1767 1517; x_wconf 89' lang='lat' dir='ltr'><strong>pr0priam</strong></span> <span class='ocrx_word' id='word_1_108' title='bbox 1798 1445 1984 1501; x_wconf 84' lang='lat' dir='ltr'><strong>tendit.</strong></span> <span class='ocrx_word' id='word_1_109' title='bbox 2036 1447 2105 1497; x_wconf 85' lang='lat' dir='ltr'><strong>At</strong></span> 
     </span>
    </p>
   </div>
   <div class='ocr_carea' id='block_1_17' title="bbox 517 1537 2107 1617">
    <p class='ocr_par' dir='ltr' id='par_1_17' title="bbox 517 1537 2107 1617">
     <span class='ocr_line' id='line_1_17' title="bbox 517 1537 2107 1617; baseline -0.009 -14"><span class='ocrx_word' id='word_1_110' title='bbox 517 1549 745 1617; x_wconf 88' lang='lat' dir='ltr'><strong>populus</strong></span> <span class='ocrx_word' id='word_1_111' title='bbox 768 1547 859 1600; x_wconf 92' lang='lat' dir='ltr'><strong>ille</strong></span> <span class='ocrx_word' id='word_1_112' title='bbox 880 1561 1000 1600; x_wconf 93' lang='lat' dir='ltr'><strong>cum</strong></span> <span class='ocrx_word' id='word_1_113' title='bbox 1031 1544 1267 1597; x_wconf 87' lang='lat' dir='ltr'><strong>clamore</strong></span> <span class='ocrx_word' id='word_1_114' title='bbox 1290 1542 1635 1611; x_wconf 88' lang='lat' dir='ltr'><strong>sequebatur,</strong></span> <span class='ocrx_word' id='word_1_115' title='bbox 1670 1537 1960 1608; x_wconf 84' lang='lat' dir='ltr'><strong>projiciens</strong></span> <span class='ocrx_word' id='word_1_116' title='bbox 1983 1542 2107 1605; x_wconf 89' lang='lat' dir='ltr'><strong>post</strong></span> 
     </span>
    </p>
   </div>
   <div class='ocr_carea' id='block_1_18' title="bbox 519 1628 2105 1708">
    <p class='ocr_par' dir='ltr' id='par_1_18' title="bbox 519 1628 2105 1708">
     <span class='ocr_line' id='line_1_18' title="bbox 519 1628 2105 1708; baseline -0.01 -12"><span class='ocrx_word' id='word_1_117' title='bbox 519 1656 640 1696; x_wconf 87' lang='lat' dir='ltr'><strong>eum</strong></span> <span class='ocrx_word' id='word_1_118' title='bbox 673 1639 897 1708; x_wconf 85' lang='lat' dir='ltr'><strong>lapides,</strong></span> <span class='ocrx_word' id='word_1_119' title='bbox 929 1648 1289 1704; x_wconf 89' lang='lat' dir='ltr'><strong>evomensque</strong></span> <span class='ocrx_word' id='word_1_120' title='bbox 1310 1632 1577 1687; x_wconf 90' lang='lat' dir='ltr'><strong>convicia.</strong></span> <span class='ocrx_word' id='word_1_121' title='bbox 1614 1630 1733 1685; x_wconf 86' lang='lat' dir='ltr'><strong>Fuit</strong></span> <span class='ocrx_word' id='word_1_122' title='bbox 1760 1640 1885 1683; x_wconf 91' lang='lat' dir='ltr'><strong>tunc</strong></span> <span class='ocrx_word' id='word_1_123' title='bbox 1911 1628 1961 1682; x_wconf 91' lang='lat' dir='ltr'><strong>ei</strong></span> <span class='ocrx_word' id='word_1_124' title='bbox 1990 1628 2105 1681; x_wconf 75' lang='lat' dir='ltr'><strong>lucc</strong></span> 
     </span>
    </p>
   </div>
   <div class='ocr_carea' id='block_1_19' title="bbox 2202 420 3805 493">
    <p class='ocr_par' dir='ltr' id='par_1_19' title="bbox 2202 420 3805 493">
     <span class='ocr_line' id='line_1_19' title="bbox 2202 420 3805 493; baseline -0.002 -15"><span class='ocrx_word' id='word_1_125' title='bbox 2202 435 2336 490; x_wconf 92' lang='lat' dir='ltr'><strong>tum,</strong></span> <span class='ocrx_word' id='word_1_126' title='bbox 2369 425 2556 493; x_wconf 89' lang='lat' dir='ltr'><strong>inquit,</strong></span> <span class='ocrx_word' id='word_1_127' title='bbox 2592 432 2644 476; x_wconf 91' lang='lat' dir='ltr'><strong>te</strong></span> <span class='ocrx_word' id='word_1_128' title='bbox 2698 420 2861 475; x_wconf 81' lang='lat' dir='ltr'><strong>redde</strong></span> <span class='ocrx_word' id='word_1_129' title='bbox 2910 420 3200 489; x_wconf 70' lang='lat' dir='ltr'><strong>paulisper,</strong></span> <span class='ocrx_word' id='word_1_130' title='bbox 3227 420 3400 474; x_wconf 85' lang='lat' dir='ltr'><strong>donec</strong></span> <span class='ocrx_word' id='word_1_131' title='bbox 3442 420 3555 473; x_wconf 85' lang='lat' dir='ltr'><strong>visa</strong></span> <span class='ocrx_word' id='word_1_132' title='bbox 3599 422 3805 489; x_wconf 76' lang='lat' dir='ltr'><strong>regina</strong></span> 
     </span>
    </p>
   </div>
   <div class='ocr_carea' id='block_1_20' title="bbox 2200 509 3803 582">
    <p class='ocr_par' dir='ltr' id='par_1_20' title="bbox 2200 509 3803 582">
     <span class='ocr_line' id='line_1_20' title="bbox 2200 509 3803 582; baseline -0.002 -13"><span class='ocrx_word' id='word_1_133' title='bbox 2200 514 2483 569; x_wconf 86' lang='lat' dir='ltr'><strong>conveniat</strong></span> <span class='ocrx_word' id='word_1_134' title='bbox 2532 511 2758 582; x_wconf 89' lang='lat' dir='ltr'><strong>qualiter</strong></span> <span class='ocrx_word' id='word_1_135' title='bbox 2797 511 2863 564; x_wconf 92' lang='lat' dir='ltr'><strong>ad</strong></span> <span class='ocrx_word' id='word_1_136' title='bbox 2909 509 3026 579; x_wconf 79' lang='lat' dir='ltr'><strong>ejus</strong></span> <span class='ocrx_word' id='word_1_137' title='bbox 3073 510 3299 578; x_wconf 79' lang='lat' dir='ltr'><strong>gratiam</strong></span> <span class='ocrx_word' id='word_1_138' title='bbox 3354 510 3655 576; x_wconf 88' lang='lat' dir='ltr'><strong>revertaris,</strong></span> <span class='ocrx_word' id='word_1_139' title='bbox 3690 512 3803 565; x_wconf 84' lang='lat' dir='ltr'><strong>cui</strong></span> 
     </span>
    </p>
   </div>
   <div class='ocr_carea' id='block_1_21' title="bbox 2201 605 3803 673">
    <p class='ocr_par' dir='ltr' id='par_1_21' title="bbox 2201 605 3803 673">
     <span class='ocr_line' id='line_1_21' title="bbox 2201 605 3803 673; baseline -0.002 -10"><span class='ocrx_word' id='word_1_140' title='bbox 2201 610 2425 663; x_wconf 88' lang='lat' dir='ltr'><strong>multum</strong></span> <span class='ocrx_word' id='word_1_141' title='bbox 2460 607 2723 661; x_wconf 90' lang='lat' dir='ltr'><strong>inveniris</strong></span> <span class='ocrx_word' id='word_1_142' title='bbox 2753 620 2872 660; x_wconf 89' lang='lat' dir='ltr'><strong>esse</strong></span> <span class='ocrx_word' id='word_1_143' title='bbox 2902 605 3207 672; x_wconf 84' lang='lat' dir='ltr'><strong>culpabilis.</strong></span> <span class='ocrx_word' id='word_1_144' title='bbox 3240 608 3309 660; x_wconf 83' lang='lat' dir='ltr'><strong>At</strong></span> <span class='ocrx_word' id='word_1_145' title='bbox 3339 606 3451 673; x_wconf 88' lang='lat' dir='ltr'><strong>ille,</strong></span> <span class='ocrx_word' id='word_1_146' title='bbox 3482 616 3540 660; x_wconf 92' lang='lat' dir='ltr'><strong>ut</strong></span> <span class='ocrx_word' id='word_1_147' title='bbox 3561 616 3667 660; x_wconf 87' lang='lat' dir='ltr'><strong>erat</strong></span> <span class='ocrx_word' id='word_1_148' title='bbox 3705 607 3803 660; x_wconf 84' lang='lat' dir='ltr'><strong>in-</strong></span> 
     </span>
    </p>
   </div>
   <div class='ocr_carea' id='block_1_22' title="bbox 2201 696 3803 768">
    <p class='ocr_par' dir='ltr' id='par_1_22' title="bbox 2201 696 3803 768">
     <span class='ocr_line' id='line_1_22' title="bbox 2201 696 3803 768; baseline -0.002 -14"><span class='ocrx_word' id='word_1_149' title='bbox 2201 708 2388 755; x_wconf 90' lang='lat' dir='ltr'><strong>cautus</strong></span> <span class='ocrx_word' id='word_1_150' title='bbox 2431 712 2494 752; x_wconf 92' lang='lat' dir='ltr'><strong>ac</strong></span> <span class='ocrx_word' id='word_1_151' title='bbox 2523 698 2675 761; x_wconf 89' lang='lat' dir='ltr'><strong>levis,</strong></span> <span class='ocrx_word' id='word_1_152' title='bbox 2709 698 2758 750; x_wconf 91' lang='lat' dir='ltr'><strong>in</strong></span> <span class='ocrx_word' id='word_1_153' title='bbox 2803 697 2904 751; x_wconf 90' lang='lat' dir='ltr'><strong>hoc</strong></span> <span class='ocrx_word' id='word_1_154' title='bbox 2936 696 3140 761; x_wconf 81' lang='lat' dir='ltr'><strong>ﬁdens,</strong></span> <span class='ocrx_word' id='word_1_155' title='bbox 3165 696 3308 767; x_wconf 89' lang='lat' dir='ltr'><strong>quod</strong></span> <span class='ocrx_word' id='word_1_156' title='bbox 3358 698 3501 768; x_wconf 88' lang='lat' dir='ltr'><strong>regis</strong></span> <span class='ocrx_word' id='word_1_157' title='bbox 3545 712 3803 768; x_wconf 68' lang='lat' dir='ltr'><strong>praesen-</strong></span> 
     </span>
    </p>
   </div>
   <div class='ocr_carea' id='block_1_23' title="bbox 2204 786 3802 858">
    <p class='ocr_par' dir='ltr' id='par_1_23' title="bbox 2204 786 3802 858">
     <span class='ocr_line' id='line_1_23' title="bbox 2204 786 3802 858; baseline -0.003 -12"><span class='ocrx_word' id='word_1_158' title='bbox 2204 791 2330 846; x_wconf 91' lang='lat' dir='ltr'><strong>tiam</strong></span> <span class='ocrx_word' id='word_1_159' title='bbox 2348 790 2655 854; x_wconf 86' lang='lat' dir='ltr'><strong>meruisset,</strong></span> <span class='ocrx_word' id='word_1_160' title='bbox 2671 802 2797 858; x_wconf 88' lang='lat' dir='ltr'><strong>rege</strong></span> <span class='ocrx_word' id='word_1_161' title='bbox 2812 786 3047 842; x_wconf 86' lang='lat' dir='ltr'><strong>Parisios</strong></span> <span class='ocrx_word' id='word_1_162' title='bbox 3062 796 3391 853; x_wconf 90' lang='lat' dir='ltr'><strong>revertente,</strong></span> <span class='ocrx_word' id='word_1_163' title='bbox 3407 789 3495 842; x_wconf 87' lang='lat' dir='ltr'><strong>die</strong></span> <span class='ocrx_word' id='word_1_164' title='bbox 3513 788 3802 842; x_wconf 87' lang='lat' dir='ltr'><strong>Dominico</strong></span> 
     </span>
    </p>
   </div>
   <div class='ocr_carea' id='block_1_24' title="bbox 2202 879 3801 950">
    <p class='ocr_par' dir='ltr' id='par_1_24' title="bbox 2202 879 3801 950">
     <span class='ocr_line' id='line_1_24' title="bbox 2202 879 3801 950; baseline -0.003 -12"><span class='ocrx_word' id='word_1_165' title='bbox 2202 881 2256 938; x_wconf 88' lang='lat' dir='ltr'><strong>in</strong></span> <span class='ocrx_word' id='word_1_166' title='bbox 2281 881 2505 937; x_wconf 87' lang='lat' dir='ltr'><strong>ecclesia</strong></span> <span class='ocrx_word' id='word_1_167' title='bbox 2532 890 2716 936; x_wconf 85' lang='lat' dir='ltr'><strong>sancta</strong></span> <span class='ocrx_word' id='word_1_168' title='bbox 2739 880 2939 948; x_wconf 63' lang='lat' dir='ltr'><strong>regina;</strong></span> <span class='ocrx_word' id='word_1_169' title='bbox 2962 879 3188 950; x_wconf 85' lang='lat' dir='ltr'><strong>pedibus</strong></span> <span class='ocrx_word' id='word_1_170' title='bbox 3214 882 3565 950; x_wconf 88' lang='lat' dir='ltr'><strong>provolvitur,</strong></span> <span class='ocrx_word' id='word_1_171' title='bbox 3576 880 3801 935; x_wconf 82' lang='lat' dir='ltr'><strong>veniam</strong></span> 
     </span>
    </p>
   </div>
   <div class='ocr_carea' id='block_1_25' title="bbox 2202 972 3801 1046">
    <p class='ocr_par' dir='ltr' id='par_1_25' title="bbox 2202 972 3801 1046">
     <span class='ocr_line' id='line_1_25' title="bbox 2202 972 3801 1046; baseline -0.001 -16"><span class='ocrx_word' id='word_1_172' title='bbox 2202 975 2519 1046; x_wconf 91' lang='lat' dir='ltr'><strong>deprecans.</strong></span> <span class='ocrx_word' id='word_1_173' title='bbox 2575 976 2645 1029; x_wconf 83' lang='lat' dir='ltr'><strong>At</strong></span> <span class='ocrx_word' id='word_1_174' title='bbox 2688 974 2775 1028; x_wconf 90' lang='lat' dir='ltr'><strong>illa</strong></span> <span class='ocrx_word' id='word_1_175' title='bbox 2819 972 3077 1029; x_wconf 89' lang='lat' dir='ltr'><strong>trendens</strong></span> <span class='ocrx_word' id='word_1_176' title='bbox 3105 984 3159 1029; x_wconf 92' lang='lat' dir='ltr'><strong>et</strong></span> <span class='ocrx_word' id='word_1_177' title='bbox 3186 988 3475 1029; x_wconf 73' lang='lat' dir='ltr'><strong>exsecraris</strong></span> <span class='ocrx_word' id='word_1_178' title='bbox 3511 980 3801 1042; x_wconf 86' lang='lat' dir='ltr'><strong>aspectum</strong></span> 
     </span>
    </p>
   </div>
   <div class='ocr_carea' id='block_1_26' title="bbox 2201 1065 3805 1139">
    <p class='ocr_par' dir='ltr' id='par_1_26' title="bbox 2201 1065 3805 1139">
     <span class='ocr_line' id='line_1_26' title="bbox 2201 1065 3805 1139; baseline -0.002 -15"><span class='ocrx_word' id='word_1_179' title='bbox 2201 1070 2340 1139; x_wconf 89' lang='lat' dir='ltr'><strong>ejus,</strong></span> <span class='ocrx_word' id='word_1_180' title='bbox 2366 1083 2394 1123; x_wconf 92' lang='lat' dir='ltr'><strong>a</strong></span> <span class='ocrx_word' id='word_1_181' title='bbox 2418 1082 2479 1123; x_wconf 86' lang='lat' dir='ltr'><strong>se</strong></span> <span class='ocrx_word' id='word_1_182' title='bbox 2507 1066 2722 1136; x_wconf 89' lang='lat' dir='ltr'><strong>repulit,</strong></span> <span class='ocrx_word' id='word_1_183' title='bbox 2744 1066 2983 1135; x_wconf 80' lang='lat' dir='ltr'><strong>fusisque</strong></span> <span class='ocrx_word' id='word_1_184' title='bbox 3009 1065 3369 1137; x_wconf 85' lang='lat' dir='ltr'><strong>lacrymis,ait</strong></span> <span class='ocrx_word' id='word_1_185' title='bbox 3394 1084 3407 1119; x_wconf 92' lang='lat'>:</span> <span class='ocrx_word' id='word_1_186' title='bbox 3432 1066 3498 1122; x_wconf 86' lang='lat' dir='ltr'><strong>Et</strong></span> <span class='ocrx_word' id='word_1_187' title='bbox 3526 1067 3651 1135; x_wconf 88' lang='lat' dir='ltr'><strong>quia</strong></span> <span class='ocrx_word' id='word_1_188' title='bbox 3682 1080 3805 1120; x_wconf 87' lang='lat' dir='ltr'><strong>non</strong></span> 
     </span>
    </p>
   </div>
   <div class='ocr_carea' id='block_1_27' title="bbox 2202 1158 3803 1230">
    <p class='ocr_par' dir='ltr' id='par_1_27' title="bbox 2202 1158 3803 1230">
     <span class='ocr_line' id='line_1_27' title="bbox 2202 1158 3803 1230; baseline -0.002 -13"><span class='ocrx_word' id='word_1_189' title='bbox 2202 1172 2377 1218; x_wconf 77' lang='lat' dir='ltr'><strong>exstat</strong></span> <span class='ocrx_word' id='word_1_190' title='bbox 2406 1162 2474 1216; x_wconf 89' lang='lat' dir='ltr'><strong>de</strong></span> <span class='ocrx_word' id='word_1_191' title='bbox 2506 1161 2648 1228; x_wconf 80' lang='lat' dir='ltr'><strong>filiis,</strong></span> <span class='ocrx_word' id='word_1_192' title='bbox 2679 1160 2772 1230; x_wconf 90' lang='lat' dir='ltr'><strong>qui</strong></span> <span class='ocrx_word' id='word_1_193' title='bbox 2805 1158 3043 1213; x_wconf 86' lang='lat' dir='ltr'><strong>criminis</strong></span> <span class='ocrx_word' id='word_1_194' title='bbox 3072 1160 3176 1214; x_wconf 89' lang='lat' dir='ltr'><strong>mei</strong></span> <span class='ocrx_word' id='word_1_195' title='bbox 3197 1173 3389 1214; x_wconf 85' lang='lat' dir='ltr'><strong>causas</strong></span> <span class='ocrx_word' id='word_1_196' title='bbox 3414 1159 3668 1229; x_wconf 86' lang='lat' dir='ltr'><strong>inquirat,</strong></span> <span class='ocrx_word' id='word_1_197' title='bbox 3690 1158 3803 1213; x_wconf 87' lang='lat' dir='ltr'><strong>tibi</strong></span> 
     </span>
    </p>
   </div>
   <div class='ocr_carea' id='block_1_28' title="bbox 2203 1251 3804 1324">
    <p class='ocr_par' dir='ltr' id='par_1_28' title="bbox 2203 1251 3804 1324">
     <span class='ocr_line' id='line_1_28' title="bbox 2203 1251 3804 1324; baseline -0.004 -11"><span class='ocrx_word' id='word_1_198' title='bbox 2203 1273 2318 1324; x_wconf 86' lang='lat' dir='ltr'><strong>eas,</strong></span> <span class='ocrx_word' id='word_1_199' title='bbox 2334 1256 2458 1312; x_wconf 82' lang='lat' dir='ltr'><strong>Jesu</strong></span> <span class='ocrx_word' id='word_1_200' title='bbox 2475 1255 2722 1320; x_wconf 86' lang='lat' dir='ltr'><strong>Domine,</strong></span> <span class='ocrx_word' id='word_1_201' title='bbox 2740 1251 3083 1323; x_wconf 86' lang='lat' dir='ltr'><strong>inquirendas</strong></span> <span class='ocrx_word' id='word_1_202' title='bbox 3102 1253 3401 1308; x_wconf 89' lang='lat' dir='ltr'><strong>committo.</strong></span> <span class='ocrx_word' id='word_1_203' title='bbox 3415 1252 3804 1321; x_wconf 85' lang='lat' dir='ltr'><strong>Prostrataque</strong></span> 
     </span>
    </p>
   </div>
   <div class='ocr_carea' id='block_1_29' title="bbox 2202 1344 3801 1420">
    <p class='ocr_par' dir='ltr' id='par_1_29' title="bbox 2202 1344 3801 1420">
     <span class='ocr_line' id='line_1_29' title="bbox 2202 1344 3801 1420; baseline -0.005 -15"><span class='ocrx_word' id='word_1_204' title='bbox 2202 1350 2426 1420; x_wconf 88' lang='lat' dir='ltr'><strong>pedibus</strong></span> <span class='ocrx_word' id='word_1_205' title='bbox 2451 1350 2611 1418; x_wconf 86' lang='lat' dir='ltr'><strong>regis,</strong></span> <span class='ocrx_word' id='word_1_206' title='bbox 2634 1348 2832 1416; x_wconf 81' lang='lat' dir='ltr'><strong>adjecit</strong></span> <span class='ocrx_word' id='word_1_207' title='bbox 2856 1365 2869 1400; x_wconf 87' lang='lat'>:</span> <span class='ocrx_word' id='word_1_208' title='bbox 2898 1344 2991 1403; x_wconf 62' lang='lat' dir='ltr'><strong>Vae</strong></span> <span class='ocrx_word' id='word_1_209' title='bbox 3012 1345 3305 1417; x_wconf 79' lang='lat' dir='ltr'><strong>mihi,qu:e</strong></span> <span class='ocrx_word' id='word_1_210' title='bbox 3331 1345 3489 1400; x_wconf 87' lang='lat' dir='ltr'><strong>video</strong></span> <span class='ocrx_word' id='word_1_211' title='bbox 3514 1345 3801 1400; x_wconf 85' lang='lat' dir='ltr'><strong>inimicum</strong></span> 
     </span>
    </p>
   </div>
   <div class='ocr_carea' id='block_1_30' title="bbox 2204 1436 3805 1512">
    <p class='ocr_par' dir='ltr' id='par_1_30' title="bbox 2204 1436 3805 1512">
     <span class='ocr_line' id='line_1_30' title="bbox 2204 1436 3805 1512; baseline -0.004 -14"><span class='ocrx_word' id='word_1_212' title='bbox 2204 1459 2405 1512; x_wconf 89' lang='lat' dir='ltr'><strong>meum,</strong></span> <span class='ocrx_word' id='word_1_213' title='bbox 2433 1454 2486 1498; x_wconf 90' lang='lat' dir='ltr'><strong>et</strong></span> <span class='ocrx_word' id='word_1_214' title='bbox 2518 1441 2649 1496; x_wconf 91' lang='lat' dir='ltr'><strong>nihil</strong></span> <span class='ocrx_word' id='word_1_215' title='bbox 2678 1441 2727 1496; x_wconf 91' lang='lat' dir='ltr'><strong>ei</strong></span> <span class='ocrx_word' id='word_1_216' title='bbox 2759 1440 3053 1510; x_wconf 77' lang='lat' dir='ltr'><strong>przevaleo!</strong></span> <span class='ocrx_word' id='word_1_217' title='bbox 3088 1437 3240 1494; x_wconf 86' lang='lat' dir='ltr'><strong>Tunc</strong></span> <span class='ocrx_word' id='word_1_218' title='bbox 3268 1439 3484 1509; x_wconf 90' lang='lat' dir='ltr'><strong>repulso</strong></span> <span class='ocrx_word' id='word_1_219' title='bbox 3519 1452 3587 1492; x_wconf 90' lang='lat' dir='ltr'><strong>eo</strong></span> <span class='ocrx_word' id='word_1_220' title='bbox 3616 1451 3644 1490; x_wconf 91' lang='lat' dir='ltr'><strong>a</strong></span> <span class='ocrx_word' id='word_1_221' title='bbox 3672 1436 3805 1491; x_wconf 86' lang='lat' dir='ltr'><strong>loco</strong></span> 
     </span>
    </p>
   </div>
   <div class='ocr_carea' id='block_1_31' title="bbox 2204 1530 3807 1602">
    <p class='ocr_par' dir='ltr' id='par_1_31' title="bbox 2204 1530 3807 1602">
     <span class='ocr_line' id='line_1_31' title="bbox 2204 1530 3807 1602; baseline -0.007 -9"><span class='ocrx_word' id='word_1_222' title='bbox 2204 1548 2415 1602; x_wconf 89' lang='lat' dir='ltr'><strong>sancto,</strong></span> <span class='ocrx_word' id='word_1_223' title='bbox 2464 1537 2747 1591; x_wconf 78' lang='lat' dir='ltr'><strong>Missarum</strong></span> <span class='ocrx_word' id='word_1_224' title='bbox 2793 1533 3053 1590; x_wconf 86' lang='lat' dir='ltr'><strong>solemnia</strong></span> <span class='ocrx_word' id='word_1_225' title='bbox 3111 1532 3383 1587; x_wconf 83' lang='lat' dir='ltr'><strong>celebrata</strong></span> <span class='ocrx_word' id='word_1_226' title='bbox 3431 1538 3581 1585; x_wconf 87' lang='lat' dir='ltr'><strong>sunt.</strong></span> <span class='ocrx_word' id='word_1_227' title='bbox 3634 1530 3807 1599; x_wconf 85' lang='lat' dir='ltr'><strong>Igitur</strong></span> 
     </span>
    </p>
   </div>
   <div class='ocr_carea' id='block_1_32' title="bbox 2202 1621 3806 1699">
    <p class='ocr_par' dir='ltr' id='par_1_32' title="bbox 2202 1621 3806 1699">
     <span class='ocr_line' id='line_1_32' title="bbox 2202 1621 3806 1699; baseline -0.006 -15"><span class='ocrx_word' id='word_1_228' title='bbox 2202 1642 2422 1699; x_wconf 78' lang='lat' dir='ltr'><strong>egresso</strong></span> <span class='ocrx_word' id='word_1_229' title='bbox 2442 1642 2567 1697; x_wconf 81' lang='lat' dir='ltr'><strong>rege</strong></span> <span class='ocrx_word' id='word_1_230' title='bbox 2584 1641 2706 1681; x_wconf 89' lang='lat' dir='ltr'><strong>cum</strong></span> <span class='ocrx_word' id='word_1_231' title='bbox 2733 1625 2915 1696; x_wconf 81' lang='lat' dir='ltr'><strong>regina</strong></span> <span class='ocrx_word' id='word_1_232' title='bbox 2938 1624 3005 1680; x_wconf 91' lang='lat' dir='ltr'><strong>de</strong></span> <span class='ocrx_word' id='word_1_233' title='bbox 3028 1623 3257 1678; x_wconf 88' lang='lat' dir='ltr'><strong>ecclesia</strong></span> <span class='ocrx_word' id='word_1_234' title='bbox 3278 1631 3484 1689; x_wconf 88' lang='lat' dir='ltr'><strong>sancta,</strong></span> <span class='ocrx_word' id='word_1_235' title='bbox 3503 1621 3806 1677; x_wconf 80' lang='lat' dir='ltr'><strong>Leudastes</strong></span> 
     </span>
    </p>
   </div>
   <div class='ocr_carea' id='block_1_33' title="bbox 520 1712 3810 1799">
    <p class='ocr_par' dir='ltr' id='par_1_33' title="bbox 520 1712 3810 1799">
     <span class='ocr_line' id='line_1_33' title="bbox 520 1712 3810 1799; baseline -0.005 -13"><span class='ocrx_word' id='word_1_236' title='bbox 520 1744 676 1786; x_wconf 90' lang='lat' dir='ltr'><strong>causa</strong></span> <span class='ocrx_word' id='word_1_237' title='bbox 704 1730 1034 1799; x_wconf 64' lang='lat' dir='ltr'><strong>praesidium,</strong></span> <span class='ocrx_word' id='word_1_238' title='bbox 1053 1726 1192 1797; x_wconf 91' lang='lat' dir='ltr'><strong>quod</strong></span> <span class='ocrx_word' id='word_1_239' title='bbox 1226 1725 1280 1779; x_wconf 89' lang='lat' dir='ltr'><strong>bi</strong></span> <span class='ocrx_word' id='word_1_240' title='bbox 1305 1732 1516 1794; x_wconf 90' lang='lat' dir='ltr'><strong>paratos</strong></span> <span class='ocrx_word' id='word_1_241' title='bbox 1536 1722 1742 1792; x_wconf 91' lang='lat' dir='ltr'><strong>equites</strong></span> <span class='ocrx_word' id='word_1_242' title='bbox 1790 1718 1896 1792; x_wconf 81' lang='lat' dir='ltr'><strong>[AL</strong></span> <span class='ocrx_word' id='word_1_243' title='bbox 1916 1717 2110 1791; x_wconf 76' lang='lat' dir='ltr'><strong>equosj</strong></span> <span class='ocrx_word' id='word_1_244' title='bbox 2139 1731 2184 1789; x_wconf 78' lang='grc' dir='ltr'>Β</span> <span class='ocrx_word' id='word_1_245' title='bbox 2212 1737 2377 1790; x_wconf 89' lang='lat' dir='ltr'><strong>usque</strong></span> <span class='ocrx_word' id='word_1_246' title='bbox 2404 1720 2469 1773; x_wconf 91' lang='lat' dir='ltr'><strong>ad</strong></span> <span class='ocrx_word' id='word_1_247' title='bbox 2503 1720 2731 1788; x_wconf 87' lang='lat' dir='ltr'><strong>plateam</strong></span> <span class='ocrx_word' id='word_1_248' title='bbox 2763 1726 2849 1772; x_wconf 91' lang='lat' dir='ltr'><strong>est</strong></span> <span class='ocrx_word' id='word_1_249' title='bbox 2897 1724 3214 1787; x_wconf 91' lang='lat' dir='ltr'><strong>prosecutus</strong></span> <span class='ocrx_word' id='word_1_250' title='bbox 3236 1755 3252 1781; x_wconf 92' lang='lat'><strong>,</strong></span> <span class='ocrx_word' id='word_1_251' title='bbox 3285 1714 3571 1784; x_wconf 89' lang='lat' dir='ltr'><strong>inopinans</strong></span> <span class='ocrx_word' id='word_1_252' title='bbox 3599 1712 3725 1783; x_wconf 88' lang='lat' dir='ltr'><strong>quid</strong></span> <span class='ocrx_word' id='word_1_253' title='bbox 3753 1712 3810 1768; x_wconf 88' lang='lat' dir='ltr'><strong>ei</strong></span> 
     </span>
    </p>
   </div>
   <div class='ocr_carea' id='block_1_34' title="bbox 524 1815 2106 1882">
    <p class='ocr_par' dir='ltr' id='par_1_34' title="bbox 524 1815 2106 1882">
     <span class='ocr_line' id='line_1_34' title="bbox 524 1815 2106 1882; baseline -0.007 -6"><span class='ocrx_word' id='word_1_254' title='bbox 524 1838 627 1876; x_wconf 90' lang='lat' dir='ltr'><strong>non</strong></span> <span class='ocrx_word' id='word_1_255' title='bbox 660 1821 946 1875; x_wconf 86' lang='lat' dir='ltr'><strong>habebant.</strong></span> <span class='ocrx_word' id='word_1_256' title='bbox 982 1822 1236 1873; x_wconf 85' lang='lat' dir='ltr'><strong>Attamen</strong></span> <span class='ocrx_word' id='word_1_257' title='bbox 1282 1816 1493 1870; x_wconf 89' lang='lat' dir='ltr'><strong>lassatis</strong></span> <span class='ocrx_word' id='word_1_258' title='bbox 1520 1815 1789 1869; x_wconf 89' lang='lat' dir='ltr'><strong>sociorum</strong></span> <span class='ocrx_word' id='word_1_259' title='bbox 1817 1824 1990 1882; x_wconf 76' lang='lat' dir='ltr'><strong>equta,</strong></span> <span class='ocrx_word' id='word_1_260' title='bbox 2017 1827 2106 1866; x_wconf 87' lang='lat' dir='ltr'><strong>so-</strong></span> 
     </span>
    </p>
   </div>
   <div class='ocr_carea' id='block_1_35' title="bbox 521 1904 2109 1983">
    <p class='ocr_par' dir='ltr' id='par_1_35' title="bbox 521 1904 2109 1983">
     <span class='ocr_line' id='line_1_35' title="bbox 521 1904 2109 1983; baseline -0.007 -17"><span class='ocrx_word' id='word_1_261' title='bbox 521 1914 604 1967; x_wconf 88' lang='lat' dir='ltr'><strong>lus</strong></span> <span class='ocrx_word' id='word_1_262' title='bbox 644 1912 908 1983; x_wconf 88' lang='lat' dir='ltr'><strong>pertendit</strong></span> <span class='ocrx_word' id='word_1_263' title='bbox 939 1911 1222 1980; x_wconf 82' lang='lat' dir='ltr'><strong>episcopus</strong></span> <span class='ocrx_word' id='word_1_264' title='bbox 1248 1949 1262 1973; x_wconf 90' lang='lat'><strong>,</strong></span> <span class='ocrx_word' id='word_1_265' title='bbox 1291 1916 1439 1960; x_wconf 88' lang='lat' dir='ltr'><strong>tanto</strong></span> <span class='ocrx_word' id='word_1_266' title='bbox 1470 1907 1659 1959; x_wconf 85' lang='lat' dir='ltr'><strong>timore</strong></span> <span class='ocrx_word' id='word_1_267' title='bbox 1691 1904 2025 1973; x_wconf 85' lang='lat' dir='ltr'><strong>perterritus,</strong></span> <span class='ocrx_word' id='word_1_268' title='bbox 2052 1910 2109 1955; x_wconf 92' lang='lat' dir='ltr'><strong>ut</strong></span> 
     </span>
    </p>
   </div>
   <div class='ocr_carea' id='block_1_36' title="bbox 522 1997 2108 2073">
    <p class='ocr_par' dir='ltr' id='par_1_36' title="bbox 522 1997 2108 2073">
     <span class='ocr_line' id='line_1_36' title="bbox 522 1997 2108 2073; baseline -0.008 -13"><span class='ocrx_word' id='word_1_269' title='bbox 522 2020 681 2060; x_wconf 93' lang='lat' dir='ltr'><strong>unam</strong></span> <span class='ocrx_word' id='word_1_270' title='bbox 717 2004 941 2073; x_wconf 89' lang='lat' dir='ltr'><strong>caligam</strong></span> <span class='ocrx_word' id='word_1_271' title='bbox 965 2002 1034 2057; x_wconf 87' lang='lat' dir='ltr'><strong>de</strong></span> <span class='ocrx_word' id='word_1_272' title='bbox 1083 2001 1217 2069; x_wconf 87' lang='lat' dir='ltr'><strong>pede</strong></span> <span class='ocrx_word' id='word_1_273' title='bbox 1252 2000 1489 2067; x_wconf 65' lang='lat' dir='ltr'><strong>elapsam</strong></span> <span class='ocrx_word' id='word_1_274' title='bbox 1518 1997 1770 2065; x_wconf 81' lang='lat' dir='ltr'><strong>colligere</strong></span> <span class='ocrx_word' id='word_1_275' title='bbox 1802 2011 1904 2047; x_wconf 86' lang='lat' dir='ltr'><strong>non</strong></span> <span class='ocrx_word' id='word_1_276' title='bbox 1955 2008 2108 2047; x_wconf 85' lang='lat' dir='ltr'><strong>cura-</strong></span> 
     </span>
    </p>
   </div>
   <div class='ocr_carea' id='block_1_37' title="bbox 522 2088 2108 2162">
    <p class='ocr_par' dir='ltr' id='par_1_37' title="bbox 522 2088 2108 2162">
     <span class='ocr_line' id='line_1_37' title="bbox 522 2088 2108 2162; baseline -0.007 -11"><span class='ocrx_word' id='word_1_277' title='bbox 522 2106 605 2151; x_wconf 88' lang='lat' dir='ltr'><strong>ret</strong></span> <span class='ocrx_word' id='word_1_278' title='bbox 634 2113 646 2148; x_wconf 91' lang='lat'>:</span> <span class='ocrx_word' id='word_1_279' title='bbox 675 2104 729 2149; x_wconf 91' lang='lat' dir='ltr'><strong>et</strong></span> <span class='ocrx_word' id='word_1_280' title='bbox 752 2096 829 2149; x_wconf 92' lang='lat' dir='ltr'><strong>sic</strong></span> <span class='ocrx_word' id='word_1_281' title='bbox 857 2108 1025 2162; x_wconf 91' lang='lat' dir='ltr'><strong>usque</strong></span> <span class='ocrx_word' id='word_1_282' title='bbox 1053 2094 1325 2148; x_wconf 85' lang='lat' dir='ltr'><strong>civitatem</strong></span> <span class='ocrx_word' id='word_1_283' title='bbox 1356 2092 1599 2156; x_wconf 89' lang='lat' dir='ltr'><strong>veniens,</strong></span> <span class='ocrx_word' id='word_1_284' title='bbox 1630 2105 1688 2144; x_wconf 91' lang='lat' dir='ltr'><strong>se</strong></span> <span class='ocrx_word' id='word_1_285' title='bbox 1732 2088 1866 2142; x_wconf 88' lang='lat' dir='ltr'><strong>infra</strong></span> <span class='ocrx_word' id='word_1_286' title='bbox 1922 2101 2108 2141; x_wconf 85' lang='lat' dir='ltr'><strong>muro-</strong></span> 
     </span>
    </p>
   </div>
   <div class='ocr_carea' id='block_1_38' title="bbox 523 2182 1550 2253">
    <p class='ocr_par' dir='ltr' id='par_1_38' title="bbox 523 2182 1550 2253">
     <span class='ocr_line' id='line_1_38' title="bbox 523 2182 1550 2253; baseline -0.007 -10"><span class='ocrx_word' id='word_1_287' title='bbox 523 2204 641 2243; x_wconf 81' lang='lat' dir='ltr'><strong>rum</strong></span> <span class='ocrx_word' id='word_1_288' title='bbox 670 2187 1053 2243; x_wconf 73' lang='lat' dir='ltr'><strong>Rhemensium</strong></span> <span class='ocrx_word' id='word_1_289' title='bbox 1086 2198 1238 2253; x_wconf 88' lang='lat' dir='ltr'><strong>septa</strong></span> <span class='ocrx_word' id='word_1_290' title='bbox 1267 2182 1550 2238; x_wconf 86' lang='lat' dir='ltr'><strong>conclusit.</strong></span> 
     </span>
    </p>
   </div>
   <div class='ocr_carea' id='block_1_39' title="bbox 597 2312 2109 2391">
    <p class='ocr_par' dir='ltr' id='par_1_39' title="bbox 597 2312 2109 2391">
     <span class='ocr_line' id='line_1_39' title="bbox 597 2312 2109 2391; baseline -0.009 -10"><span class='ocrx_word' id='word_1_291' title='bbox 597 2323 809 2381; x_wconf 76' lang='lat' dir='ltr'><strong>XXXII.</strong></span> <span class='ocrx_word' id='word_1_292' title='bbox 842 2326 981 2378; x_wconf 81' lang='lat' dir='ltr'><strong>Ante</strong></span> <span class='ocrx_word' id='word_1_293' title='bbox 1006 2334 1205 2391; x_wconf 90' lang='lat' dir='ltr'><strong>paucos</strong></span> <span class='ocrx_word' id='word_1_294' title='bbox 1231 2329 1408 2373; x_wconf 91' lang='lat' dir='ltr'><strong>autem</strong></span> <span class='ocrx_word' id='word_1_295' title='bbox 1438 2331 1651 2373; x_wconf 88' lang='lat' dir='ltr'><strong>menses</strong></span> <span class='ocrx_word' id='word_1_296' title='bbox 1682 2314 1976 2370; x_wconf 88' lang='lat' dir='ltr'><strong>Leudastes</strong></span> <span class='ocrx_word' id='word_1_297' title='bbox 2001 2312 2029 2351; x_wconf 71' lang='grc' dir='ltr'><strong>ι’</strong></span> <span class='ocrx_word' id='word_1_298' title='bbox 2056 2312 2109 2367; x_wconf 91' lang='lat' dir='ltr'><strong>in</strong></span> 
     </span>
    </p>
   </div>
   <div class='ocr_carea' id='block_1_40' title="bbox 525 2408 2108 2482">
    <p class='ocr_par' dir='ltr' id='par_1_40' title="bbox 525 2408 2108 2482">
     <span class='ocr_line' id='line_1_40' title="bbox 525 2408 2108 2482; baseline -0.009 -8"><span class='ocrx_word' id='word_1_299' title='bbox 525 2418 858 2474; x_wconf 76' lang='lat' dir='ltr'><strong>Turonicum</strong></span> <span class='ocrx_word' id='word_1_300' title='bbox 897 2430 1019 2469; x_wconf 90' lang='lat' dir='ltr'><strong>cum</strong></span> <span class='ocrx_word' id='word_1_301' title='bbox 1068 2422 1338 2482; x_wconf 66' lang='lat' dir='ltr'><strong>praecepto</strong></span> <span class='ocrx_word' id='word_1_302' title='bbox 1364 2411 1505 2480; x_wconf 89' lang='lat' dir='ltr'><strong>regis</strong></span> <span class='ocrx_word' id='word_1_303' title='bbox 1531 2408 1765 2471; x_wconf 90' lang='lat' dir='ltr'><strong>advenit,</strong></span> <span class='ocrx_word' id='word_1_304' title='bbox 1788 2417 1848 2463; x_wconf 89' lang='lat' dir='ltr'><strong>ut</strong></span> <span class='ocrx_word' id='word_1_305' title='bbox 1887 2422 2108 2461; x_wconf 77' lang='lat' dir='ltr'><strong>uxorem</strong></span> 
     </span>
    </p>
   </div>
   <div class='ocr_carea' id='block_1_41' title="bbox 527 2496 2111 2576">
    <p class='ocr_par' dir='ltr' id='par_1_41' title="bbox 527 2496 2111 2576">
     <span class='ocr_line' id='line_1_41' title="bbox 527 2496 2111 2576; baseline -0.009 -13"><span class='ocrx_word' id='word_1_306' title='bbox 527 2508 809 2576; x_wconf 87' lang='lat' dir='ltr'><strong>reciperet,</strong></span> <span class='ocrx_word' id='word_1_307' title='bbox 840 2504 1019 2574; x_wconf 86' lang='lat' dir='ltr'><strong>ibique</strong></span> <span class='ocrx_word' id='word_1_308' title='bbox 1044 2511 1489 2557; x_wconf 89' lang='lat' dir='ltr'><strong>commoraretur.</strong></span> <span class='ocrx_word' id='word_1_309' title='bbox 1514 2498 1620 2556; x_wconf 90' lang='lat' dir='ltr'><strong>Sed</strong></span> <span class='ocrx_word' id='word_1_310' title='bbox 1653 2507 1708 2552; x_wconf 91' lang='lat' dir='ltr'><strong>et</strong></span> <span class='ocrx_word' id='word_1_311' title='bbox 1735 2499 1888 2552; x_wconf 84' lang='lat' dir='ltr'><strong>nobis</strong></span> <span class='ocrx_word' id='word_1_312' title='bbox 1913 2496 2111 2565; x_wconf 79' lang='lat' dir='ltr'><strong>episto-</strong></span> 
     </span>
    </p>
   </div>
   <div class='ocr_carea' id='block_1_42' title="bbox 527 2589 2109 2662">
    <p class='ocr_par' dir='ltr' id='par_1_42' title="bbox 527 2589 2109 2662">
     <span class='ocr_line' id='line_1_42' title="bbox 527 2589 2109 2662; baseline -0.008 -8"><span class='ocrx_word' id='word_1_313' title='bbox 527 2602 633 2655; x_wconf 87' lang='lat' dir='ltr'><strong>lam</strong></span> <span class='ocrx_word' id='word_1_314' title='bbox 688 2596 1024 2653; x_wconf 88' lang='lat' dir='ltr'><strong>sacerdotum</strong></span> <span class='ocrx_word' id='word_1_315' title='bbox 1074 2609 1234 2648; x_wconf 90' lang='lat' dir='ltr'><strong>manu</strong></span> <span class='ocrx_word' id='word_1_316' title='bbox 1284 2594 1639 2662; x_wconf 84' lang='lat' dir='ltr'><strong>subscriptam</strong></span> <span class='ocrx_word' id='word_1_317' title='bbox 1702 2591 1917 2655; x_wconf 91' lang='lat' dir='ltr'><strong>detulit,</strong></span> <span class='ocrx_word' id='word_1_318' title='bbox 1952 2599 2010 2643; x_wconf 93' lang='lat' dir='ltr'><strong>ut</strong></span> <span class='ocrx_word' id='word_1_319' title='bbox 2057 2589 2109 2643; x_wconf 91' lang='lat' dir='ltr'><strong>in</strong></span> 
     </span>
    </p>
   </div>
   <div class='ocr_carea' id='block_1_43' title="bbox 528 2682 2113 2755">
    <p class='ocr_par' dir='ltr' id='par_1_43' title="bbox 528 2682 2113 2755">
     <span class='ocr_line' id='line_1_43' title="bbox 528 2682 2113 2755; baseline -0.006 -9"><span class='ocrx_word' id='word_1_320' title='bbox 528 2690 957 2746; x_wconf 84' lang='lat' dir='ltr'><strong>communionem</strong></span> <span class='ocrx_word' id='word_1_321' title='bbox 988 2687 1339 2755; x_wconf 90' lang='lat' dir='ltr'><strong>reciperetur.</strong></span> <span class='ocrx_word' id='word_1_322' title='bbox 1382 2686 1484 2739; x_wconf 89' lang='lat' dir='ltr'><strong>Sed</strong></span> <span class='ocrx_word' id='word_1_323' title='bbox 1513 2684 1765 2755; x_wconf 89' lang='lat' dir='ltr'><strong>quoniam</strong></span> <span class='ocrx_word' id='word_1_324' title='bbox 1799 2682 2003 2736; x_wconf 88' lang='lat' dir='ltr'><strong>litteras</strong></span> <span class='ocrx_word' id='word_1_325' title='bbox 2028 2696 2113 2736; x_wconf 88' lang='lat' dir='ltr'><strong>re-</strong></span> 
     </span>
    </p>
   </div>
   <div class='ocr_carea' id='block_1_44' title="bbox 529 2774 2113 2851">
    <p class='ocr_par' dir='ltr' id='par_1_44' title="bbox 529 2774 2113 2851">
     <span class='ocr_line' id='line_1_44' title="bbox 529 2774 2113 2851; baseline -0.005 -18"><span class='ocrx_word' id='word_1_326' title='bbox 529 2782 667 2851; x_wconf 70' lang='lat' dir='ltr'><strong>ginta</strong></span> <span class='ocrx_word' id='word_1_327' title='bbox 685 2795 792 2833; x_wconf 89' lang='lat' dir='ltr'><strong>non</strong></span> <span class='ocrx_word' id='word_1_328' title='bbox 814 2777 1063 2845; x_wconf 89' lang='lat' dir='ltr'><strong>vidimus,</strong></span> <span class='ocrx_word' id='word_1_329' title='bbox 1078 2779 1230 2842; x_wconf 85' lang='lat' dir='ltr'><strong>cujus</strong></span> <span class='ocrx_word' id='word_1_330' title='bbox 1244 2790 1405 2830; x_wconf 80' lang='lat' dir='ltr'><strong>causa</strong></span> <span class='ocrx_word' id='word_1_331' title='bbox 1432 2776 1661 2829; x_wconf 79' lang='lat' dir='ltr'><strong>maxime</strong></span> <span class='ocrx_word' id='word_1_332' title='bbox 1685 2790 1712 2827; x_wconf 88' lang='lat' dir='ltr'><strong>a</strong></span> <span class='ocrx_word' id='word_1_333' title='bbox 1734 2774 2113 2829; x_wconf 90' lang='lat' dir='ltr'><strong>communione</strong></span> 
     </span>
    </p>
   </div>
   <div class='ocr_carea' id='block_1_45' title="bbox 531 2864 2112 2937">
    <p class='ocr_par' dir='ltr' id='par_1_45' title="bbox 531 2864 2112 2937">
     <span class='ocr_line' id='line_1_45' title="bbox 531 2864 2112 2937; baseline -0.007 -11"><span class='ocrx_word' id='word_1_334' title='bbox 531 2881 770 2926; x_wconf 88' lang='lat' dir='ltr'><strong>remotus</strong></span> <span class='ocrx_word' id='word_1_335' title='bbox 796 2870 991 2934; x_wconf 88' lang='lat' dir='ltr'><strong>fuerat,</strong></span> <span class='ocrx_word' id='word_1_336' title='bbox 1020 2871 1192 2937; x_wconf 90' lang='lat' dir='ltr'><strong>ipsum</strong></span> <span class='ocrx_word' id='word_1_337' title='bbox 1227 2868 1469 2937; x_wconf 88' lang='lat' dir='ltr'><strong>recipere</strong></span> <span class='ocrx_word' id='word_1_338' title='bbox 1493 2864 1699 2931; x_wconf 84' lang='lat' dir='ltr'><strong>distuli,</strong></span> <span class='ocrx_word' id='word_1_339' title='bbox 1728 2866 1914 2920; x_wconf 84' lang='lat' dir='ltr'><strong>dicens</strong></span> <span class='ocrx_word' id='word_1_340' title='bbox 1940 2882 1952 2917; x_wconf 88' lang='lat'>:</span> <span class='ocrx_word' id='word_1_341' title='bbox 1978 2867 2112 2918; x_wconf 85' lang='lat' dir='ltr'><strong>Cum</strong></span> 
     </span>
    </p>
   </div>
   <div class='ocr_carea' id='block_1_46' title="bbox 533 2960 2115 3036">
    <p class='ocr_par' dir='ltr' id='par_1_46' title="bbox 533 2960 2115 3036">
     <span class='ocr_line' id='line_1_46' title="bbox 533 2960 2115 3036; baseline -0.006 -15"><span class='ocrx_word' id='word_1_342' title='bbox 533 2967 727 3036; x_wconf 78' lang='lat' dir='ltr'><strong>reginze</strong></span> <span class='ocrx_word' id='word_1_343' title='bbox 758 2963 1065 3019; x_wconf 88' lang='lat' dir='ltr'><strong>mandatum</strong></span> <span class='ocrx_word' id='word_1_344' title='bbox 1097 2974 1405 3030; x_wconf 89' lang='lat' dir='ltr'><strong>suscepero,</strong></span> <span class='ocrx_word' id='word_1_345' title='bbox 1438 2970 1564 3013; x_wconf 89' lang='lat' dir='ltr'><strong>tunc</strong></span> <span class='ocrx_word' id='word_1_346' title='bbox 1591 2974 1714 3013; x_wconf 88' lang='lat' dir='ltr'><strong>eum</strong></span> <span class='ocrx_word' id='word_1_347' title='bbox 1745 2960 1983 3026; x_wconf 89' lang='lat' dir='ltr'><strong>recipere</strong></span> <span class='ocrx_word' id='word_1_348' title='bbox 2009 2970 2115 3011; x_wconf 90' lang='lat' dir='ltr'><strong>non</strong></span> 
     </span>
    </p>
   </div>
   <div class='ocr_carea' id='block_1_47' title="bbox 533 3048 2117 3122">
    <p class='ocr_par' dir='ltr' id='par_1_47' title="bbox 533 3048 2117 3122">
     <span class='ocr_line' id='line_1_47' title="bbox 533 3048 2117 3122; baseline -0.006 -11"><span class='ocrx_word' id='word_1_349' title='bbox 533 3058 804 3111; x_wconf 79' lang='lat' dir='ltr'><strong>tuorahor.</strong></span> <span class='ocrx_word' id='word_1_350' title='bbox 840 3055 1049 3109; x_wconf 89' lang='lat' dir='ltr'><strong>Interea</strong></span> <span class='ocrx_word' id='word_1_351' title='bbox 1080 3053 1145 3107; x_wconf 90' lang='lat' dir='ltr'><strong>ad</strong></span> <span class='ocrx_word' id='word_1_352' title='bbox 1174 3067 1290 3106; x_wconf 87' lang='lat' dir='ltr'><strong>eam</strong></span> <span class='ocrx_word' id='word_1_353' title='bbox 1340 3053 1540 3122; x_wconf 78' lang='lat' dir='ltr'><strong>dirigo;</strong></span> <span class='ocrx_word' id='word_1_354' title='bbox 1573 3066 1693 3121; x_wconf 63' lang='lat' dir='ltr'><strong>quae</strong></span> <span class='ocrx_word' id='word_1_355' title='bbox 1743 3050 1870 3103; x_wconf 91' lang='lat' dir='ltr'><strong>mihi</strong></span> <span class='ocrx_word' id='word_1_356' title='bbox 1917 3048 2117 3118; x_wconf 87' lang='lat' dir='ltr'><strong>scripta</strong></span> 
     </span>
    </p>
   </div>
   <div class='ocr_carea' id='block_1_48' title="bbox 535 3116 2249 3214">
    <p class='ocr_par' dir='ltr' id='par_1_48' title="bbox 535 3116 2249 3214">
     <span class='ocr_line' id='line_1_48' title="bbox 535 3116 2249 3214; baseline -0.006 -11"><span class='ocrx_word' id='word_1_357' title='bbox 535 3150 755 3213; x_wconf 80' lang='lat' dir='ltr'><strong>remisit,</strong></span> <span class='ocrx_word' id='word_1_358' title='bbox 786 3147 970 3201; x_wconf 89' lang='lat' dir='ltr'><strong>dicens</strong></span> <span class='ocrx_word' id='word_1_359' title='bbox 997 3144 1351 3214; x_wconf 86' lang='lat' dir='ltr'><strong>:Compressa</strong></span> <span class='ocrx_word' id='word_1_360' title='bbox 1377 3158 1408 3197; x_wconf 92' lang='lat' dir='ltr'><strong>a</strong></span> <span class='ocrx_word' id='word_1_361' title='bbox 1433 3144 1613 3197; x_wconf 90' lang='lat' dir='ltr'><strong>multis</strong></span> <span class='ocrx_word' id='word_1_362' title='bbox 1638 3142 1781 3197; x_wconf 85' lang='lat' dir='ltr'><strong>aliud</strong></span> <span class='ocrx_word' id='word_1_363' title='bbox 1814 3142 1987 3197; x_wconf 87' lang='lat' dir='ltr'><strong>facere</strong></span> <span class='ocrx_word' id='word_1_364' title='bbox 2010 3154 2115 3193; x_wconf 92' lang='lat' dir='ltr'><strong>non</strong></span> <span class='ocrx_word' id='word_1_365' title='bbox 2143 3125 2188 3186; x_wconf 85' lang='lat' dir='ltr'><strong>C</strong></span> <span class='ocrx_word' id='word_1_366' title='bbox 2221 3116 2249 3214; x_wconf 47' lang='grc' dir='ltr'><strong>ξ</strong></span> 
     </span>
    </p>
   </div>
   <div class='ocr_carea' id='block_1_49' title="bbox 535 3235 2122 3309">
    <p class='ocr_par' dir='ltr' id='par_1_49' title="bbox 535 3235 2122 3309">
     <span class='ocr_line' id='line_1_49' title="bbox 535 3235 2122 3309; baseline -0.003 -18"><span class='ocrx_word' id='word_1_367' title='bbox 535 3240 706 3309; x_wconf 90' lang='lat' dir='ltr'><strong>potui,</strong></span> <span class='ocrx_word' id='word_1_368' title='bbox 741 3238 845 3291; x_wconf 89' lang='lat' dir='ltr'><strong>nisi</strong></span> <span class='ocrx_word' id='word_1_369' title='bbox 877 3247 934 3292; x_wconf 93' lang='lat' dir='ltr'><strong>ut</strong></span> <span class='ocrx_word' id='word_1_370' title='bbox 980 3251 1104 3291; x_wconf 90' lang='lat' dir='ltr'><strong>eum</strong></span> <span class='ocrx_word' id='word_1_371' title='bbox 1151 3236 1311 3305; x_wconf 80' lang='lat'><strong>307</strong></span> <span class='ocrx_word' id='word_1_372' title='bbox 1357 3235 1506 3290; x_wconf 90' lang='lat' dir='ltr'><strong>abire</strong></span> <span class='ocrx_word' id='word_1_373' title='bbox 1549 3235 1911 3305; x_wconf 87' lang='lat' dir='ltr'><strong>permitterem</strong></span> <span class='ocrx_word' id='word_1_374' title='bbox 1940 3251 1951 3285; x_wconf 92' lang='lat'>:</span> <span class='ocrx_word' id='word_1_375' title='bbox 1980 3249 2122 3288; x_wconf 91' lang='lat' dir='ltr'><strong>nunc</strong></span> 
     </span>
    </p>
   </div>
   <div class='ocr_carea' id='block_1_50' title="bbox 535 3335 2124 3400">
    <p class='ocr_par' dir='ltr' id='par_1_50' title="bbox 535 3335 2124 3400">
     <span class='ocr_line' id='line_1_50' title="bbox 535 3335 2124 3400; baseline -0.001 -18"><span class='ocrx_word' id='word_1_376' title='bbox 535 3342 712 3386; x_wconf 81' lang='lat' dir='ltr'><strong>autem</strong></span> <span class='ocrx_word' id='word_1_377' title='bbox 763 3339 1012 3400; x_wconf 88' lang='lat' dir='ltr'><strong>rogo,ut</strong></span> <span class='ocrx_word' id='word_1_378' title='bbox 1062 3342 1246 3396; x_wconf 89' lang='lat' dir='ltr'><strong>pacem</strong></span> <span class='ocrx_word' id='word_1_379' title='bbox 1280 3338 1422 3381; x_wconf 91' lang='lat' dir='ltr'><strong>tuam</strong></span> <span class='ocrx_word' id='word_1_380' title='bbox 1472 3342 1577 3381; x_wconf 92' lang='lat' dir='ltr'><strong>non</strong></span> <span class='ocrx_word' id='word_1_381' title='bbox 1628 3335 1921 3391; x_wconf 90' lang='lat' dir='ltr'><strong>mereatur,</strong></span> <span class='ocrx_word' id='word_1_382' title='bbox 1949 3340 2124 3395; x_wconf 88' lang='lat' dir='ltr'><strong>neque</strong></span> 
     </span>
    </p>
   </div>
   <div class='ocr_carea' id='block_1_51' title="bbox 537 3420 2122 3492">
    <p class='ocr_par' dir='ltr' id='par_1_51' title="bbox 537 3420 2122 3492">
     <span class='ocr_line' id='line_1_51' title="bbox 537 3420 2122 3492; baseline -0.003 -13"><span class='ocrx_word' id='word_1_383' title='bbox 537 3425 776 3492; x_wconf 85' lang='lat' dir='ltr'><strong>eulogias</strong></span> <span class='ocrx_word' id='word_1_384' title='bbox 805 3424 872 3478; x_wconf 89' lang='lat' dir='ltr'><strong>dc</strong></span> <span class='ocrx_word' id='word_1_385' title='bbox 914 3436 1074 3475; x_wconf 87' lang='lat' dir='ltr'><strong>manu</strong></span> <span class='ocrx_word' id='word_1_386' title='bbox 1105 3430 1190 3475; x_wconf 88' lang='lat' dir='ltr'><strong>tua</strong></span> <span class='ocrx_word' id='word_1_387' title='bbox 1221 3422 1519 3490; x_wconf 88' lang='lat' dir='ltr'><strong>suscipiat,</strong></span> <span class='ocrx_word' id='word_1_388' title='bbox 1553 3421 1725 3475; x_wconf 87' lang='lat' dir='ltr'><strong>donec</strong></span> <span class='ocrx_word' id='word_1_389' title='bbox 1752 3434 1781 3472; x_wconf 89' lang='lat' dir='ltr'><strong>a</strong></span> <span class='ocrx_word' id='word_1_390' title='bbox 1813 3420 1965 3473; x_wconf 89' lang='lat' dir='ltr'><strong>nobis</strong></span> <span class='ocrx_word' id='word_1_391' title='bbox 1994 3420 2122 3490; x_wconf 90' lang='lat' dir='ltr'><strong>quid</strong></span> 
     </span>
    </p>
   </div>
   <div class='ocr_carea' id='block_1_52' title="bbox 540 3512 2122 3586">
    <p class='ocr_par' dir='ltr' id='par_1_52' title="bbox 540 3512 2122 3586">
     <span class='ocr_line' id='line_1_52' title="bbox 540 3512 2122 3586; baseline -0.002 -16"><span class='ocrx_word' id='word_1_392' title='bbox 540 3517 621 3586; x_wconf 88' lang='lat' dir='ltr'><strong>agi</strong></span> <span class='ocrx_word' id='word_1_393' title='bbox 650 3515 866 3580; x_wconf 82' lang='lat' dir='ltr'><strong>debeat,</strong></span> <span class='ocrx_word' id='word_1_394' title='bbox 898 3515 1107 3584; x_wconf 84' lang='lat' dir='ltr'><strong>plenius</strong></span> <span class='ocrx_word' id='word_1_395' title='bbox 1156 3521 1530 3583; x_wconf 87' lang='lat' dir='ltr'><strong>pertractetur.</strong></span> <span class='ocrx_word' id='word_1_396' title='bbox 1564 3514 1634 3566; x_wconf 83' lang='lat' dir='ltr'><strong>At</strong></span> <span class='ocrx_word' id='word_1_397' title='bbox 1658 3528 1757 3581; x_wconf 85' lang='lat' dir='ltr'><strong>ego</strong></span> <span class='ocrx_word' id='word_1_398' title='bbox 1789 3512 1902 3566; x_wconf 73' lang='lat' dir='ltr'><strong>bzcc</strong></span> <span class='ocrx_word' id='word_1_399' title='bbox 1929 3513 2122 3581; x_wconf 90' lang='lat' dir='ltr'><strong>scripta</strong></span> 
     </span>
    </p>
   </div>
   <div class='ocr_carea' id='block_1_53' title="bbox 538 3604 2125 3681">
    <p class='ocr_par' dir='ltr' id='par_1_53' title="bbox 538 3604 2125 3681">
     <span class='ocr_line' id='line_1_53' title="bbox 538 3604 2125 3681; baseline -0.005 -16"><span class='ocrx_word' id='word_1_400' title='bbox 538 3609 815 3681; x_wconf 81' lang='lat' dir='ltr'><strong>relegens,</strong></span> <span class='ocrx_word' id='word_1_401' title='bbox 848 3608 1003 3662; x_wconf 90' lang='lat' dir='ltr'><strong>timui</strong></span> <span class='ocrx_word' id='word_1_402' title='bbox 1052 3621 1121 3661; x_wconf 92' lang='lat' dir='ltr'><strong>ne</strong></span> <span class='ocrx_word' id='word_1_403' title='bbox 1173 3604 1597 3669; x_wconf 80' lang='lat' dir='ltr'><strong>interﬁceretur;</strong></span> <span class='ocrx_word' id='word_1_404' title='bbox 1642 3606 2008 3674; x_wconf 88' lang='lat' dir='ltr'><strong>acccrsitoque</strong></span> <span class='ocrx_word' id='word_1_405' title='bbox 2037 3620 2125 3659; x_wconf 93' lang='lat' dir='ltr'><strong>so-</strong></span> 
     </span>
    </p>
   </div>
   <div class='ocr_carea' id='block_1_54' title="bbox 541 3695 2123 3768">
    <p class='ocr_par' dir='ltr' id='par_1_54' title="bbox 541 3695 2123 3768">
     <span class='ocr_line' id='line_1_54' title="bbox 541 3695 2123 3768; baseline -0.004 -15"><span class='ocrx_word' id='word_1_406' title='bbox 541 3714 667 3753; x_wconf 91' lang='lat' dir='ltr'><strong>cero</strong></span> <span class='ocrx_word' id='word_1_407' title='bbox 695 3699 811 3768; x_wconf 84' lang='lat' dir='ltr'><strong>eius</strong></span> <span class='ocrx_word' id='word_1_408' title='bbox 843 3699 958 3752; x_wconf 68' lang='lat' dir='ltr'><strong>hwc</strong></span> <span class='ocrx_word' id='word_1_409' title='bbox 986 3696 1036 3752; x_wconf 92' lang='lat' dir='ltr'><strong>ei</strong></span> <span class='ocrx_word' id='word_1_410' title='bbox 1083 3697 1330 3760; x_wconf 88' lang='lat' dir='ltr'><strong>innotui,</strong></span> <span class='ocrx_word' id='word_1_411' title='bbox 1362 3695 1654 3750; x_wconf 79' lang='lat' dir='ltr'><strong>obsecrans</strong></span> <span class='ocrx_word' id='word_1_412' title='bbox 1706 3702 1762 3747; x_wconf 88' lang='lat' dir='ltr'><strong>ut</strong></span> <span class='ocrx_word' id='word_1_413' title='bbox 1806 3710 1865 3748; x_wconf 90' lang='lat' dir='ltr'><strong>se</strong></span> <span class='ocrx_word' id='word_1_414' title='bbox 1911 3705 2123 3748; x_wconf 92' lang='lat' dir='ltr'><strong>cautum</strong></span> 
     </span>
    </p>
   </div>
   <div class='ocr_carea' id='block_1_55' title="bbox 543 3787 2126 3858">
    <p class='ocr_par' dir='ltr' id='par_1_55' title="bbox 543 3787 2126 3858">
     <span class='ocr_line' id='line_1_55' title="bbox 543 3787 2126 3858; baseline -0.003 -12"><span class='ocrx_word' id='word_1_415' title='bbox 543 3791 814 3855; x_wconf 88' lang='lat' dir='ltr'><strong>redderet,</strong></span> <span class='ocrx_word' id='word_1_416' title='bbox 840 3790 1012 3845; x_wconf 92' lang='lat' dir='ltr'><strong>donec</strong></span> <span class='ocrx_word' id='word_1_417' title='bbox 1057 3790 1255 3858; x_wconf 72' lang='lat' dir='ltr'><strong>regina:</strong></span> <span class='ocrx_word' id='word_1_418' title='bbox 1303 3790 1513 3841; x_wconf 89' lang='lat' dir='ltr'><strong>animus</strong></span> <span class='ocrx_word' id='word_1_419' title='bbox 1559 3787 1835 3840; x_wconf 89' lang='lat' dir='ltr'><strong>leniretur.</strong></span> <span class='ocrx_word' id='word_1_420' title='bbox 1884 3787 1987 3841; x_wconf 88' lang='lat' dir='ltr'><strong>Sed</strong></span> <span class='ocrx_word' id='word_1_421' title='bbox 2036 3787 2126 3841; x_wconf 87' lang='lat' dir='ltr'><strong>ille</strong></span> 
     </span>
    </p>
   </div>
   <div class='ocr_carea' id='block_1_56' title="bbox 544 3881 2124 3951">
    <p class='ocr_par' dir='ltr' id='par_1_56' title="bbox 544 3881 2124 3951">
     <span class='ocr_line' id='line_1_56' title="bbox 544 3881 2124 3951; baseline -0.001 -14"><span class='ocrx_word' id='word_1_422' title='bbox 544 3883 825 3939; x_wconf 87' lang='lat' dir='ltr'><strong>consilium</strong></span> <span class='ocrx_word' id='word_1_423' title='bbox 874 3896 1085 3947; x_wconf 92' lang='lat' dir='ltr'><strong>meum,</strong></span> <span class='ocrx_word' id='word_1_424' title='bbox 1117 3881 1258 3951; x_wconf 91' lang='lat' dir='ltr'><strong>quod</strong></span> <span class='ocrx_word' id='word_1_425' title='bbox 1309 3898 1403 3951; x_wconf 90' lang='lat' dir='ltr'><strong>pro</strong></span> <span class='ocrx_word' id='word_1_426' title='bbox 1435 3882 1528 3935; x_wconf 84' lang='lat' dir='ltr'><strong>Dei</strong></span> <span class='ocrx_word' id='word_1_427' title='bbox 1573 3881 1765 3935; x_wconf 89' lang='lat' dir='ltr'><strong>intuitu</strong></span> <span class='ocrx_word' id='word_1_428' title='bbox 1816 3882 2124 3950; x_wconf 89' lang='lat' dir='ltr'><strong>simpliciter</strong></span> 
     </span>
    </p>
   </div>
   <div class='ocr_carea' id='block_1_57' title="bbox 544 3975 2129 4044">
    <p class='ocr_par' dir='ltr' id='par_1_57' title="bbox 544 3975 2129 4044">
     <span class='ocr_line' id='line_1_57' title="bbox 544 3975 2129 4044; baseline 0 -14"><span class='ocrx_word' id='word_1_429' title='bbox 544 3976 832 4042; x_wconf 84' lang='lat' dir='ltr'><strong>insinuavi,</strong></span> <span class='ocrx_word' id='word_1_430' title='bbox 858 3976 1044 4030; x_wconf 91' lang='lat' dir='ltr'><strong>dolose</strong></span> <span class='ocrx_word' id='word_1_431' title='bbox 1091 3975 1390 4044; x_wconf 87' lang='lat' dir='ltr'><strong>suscipiens</strong></span> <span class='ocrx_word' id='word_1_432' title='bbox 1409 4014 1423 4038; x_wconf 95' lang='lat'><strong>,</strong></span> <span class='ocrx_word' id='word_1_433' title='bbox 1452 3989 1571 4029; x_wconf 93' lang='lat' dir='ltr'><strong>cum</strong></span> <span class='ocrx_word' id='word_1_434' title='bbox 1600 3975 1773 4030; x_wconf 89' lang='lat' dir='ltr'><strong>adhuc</strong></span> <span class='ocrx_word' id='word_1_435' title='bbox 1803 3978 1957 4030; x_wconf 90' lang='lat' dir='ltr'><strong>nobis</strong></span> <span class='ocrx_word' id='word_1_436' title='bbox 1986 3986 2129 4030; x_wconf 88' lang='lat' dir='ltr'><strong>esset</strong></span> 
     </span>
    </p>
   </div>
   <div class='ocr_carea' id='block_1_58' title="bbox 548 4068 2129 4138">
    <p class='ocr_par' dir='ltr' id='par_1_58' title="bbox 548 4068 2129 4138">
     <span class='ocr_line' id='line_1_58' title="bbox 548 4068 2129 4138; baseline -0.001 -14"><span class='ocrx_word' id='word_1_437' title='bbox 548 4070 816 4134; x_wconf 88' lang='lat' dir='ltr'><strong>inimicus,</strong></span> <span class='ocrx_word' id='word_1_438' title='bbox 848 4070 1022 4123; x_wconf 89' lang='lat' dir='ltr'><strong>noluit</strong></span> <span class='ocrx_word' id='word_1_439' title='bbox 1066 4083 1224 4138; x_wconf 89' lang='lat' dir='ltr'><strong>agere</strong></span> <span class='ocrx_word' id='word_1_440' title='bbox 1268 4084 1389 4137; x_wconf 67' lang='lat' dir='ltr'><strong>qua!</strong></span> <span class='ocrx_word' id='word_1_441' title='bbox 1436 4069 1679 4123; x_wconf 87' lang='lat' dir='ltr'><strong>mandavi</strong></span> <span class='ocrx_word' id='word_1_442' title='bbox 1708 4088 1719 4121; x_wconf 89' lang='lat'>:</span> <span class='ocrx_word' id='word_1_443' title='bbox 1746 4068 2129 4138; x_wconf 89' lang='lat' dir='ltr'><strong>impletumque</strong></span> 
     </span>
    </p>
   </div>
   <div class='ocr_carea' id='block_1_59' title="bbox 549 4162 2131 4233">
    <p class='ocr_par' dir='ltr' id='par_1_59' title="bbox 549 4162 2131 4233">
     <span class='ocr_line' id='line_1_59' title="bbox 549 4162 2131 4233; baseline -0.001 -16"><span class='ocrx_word' id='word_1_444' title='bbox 549 4172 632 4217; x_wconf 82' lang='lat' dir='ltr'><strong>est</strong></span> <span class='ocrx_word' id='word_1_445' title='bbox 679 4163 811 4217; x_wconf 93' lang='lat' dir='ltr'><strong>illud</strong></span> <span class='ocrx_word' id='word_1_446' title='bbox 856 4163 1222 4233; x_wconf 86' lang='lat' dir='ltr'><strong>proverbium,</strong></span> <span class='ocrx_word' id='word_1_447' title='bbox 1252 4162 1391 4231; x_wconf 92' lang='lat' dir='ltr'><strong>quod</strong></span> <span class='ocrx_word' id='word_1_448' title='bbox 1444 4163 1726 4231; x_wconf 91' lang='lat' dir='ltr'><strong>quemdam</strong></span> <span class='ocrx_word' id='word_1_449' title='bbox 1777 4177 1962 4217; x_wconf 88' lang='lat' dir='ltr'><strong>senem</strong></span> <span class='ocrx_word' id='word_1_450' title='bbox 2008 4176 2131 4215; x_wconf 88' lang='lat' dir='ltr'><strong>nar-</strong></span> 
     </span>
    </p>
   </div>
   <div class='ocr_carea' id='block_1_60' title="bbox 550 4254 2132 4324">
    <p class='ocr_par' dir='ltr' id='par_1_60' title="bbox 550 4254 2132 4324">
     <span class='ocr_line' id='line_1_60' title="bbox 550 4254 2132 4324; baseline -0.003 -14"><span class='ocrx_word' id='word_1_451' title='bbox 550 4267 755 4310; x_wconf 88' lang='lat' dir='ltr'><strong>rantem</strong></span> <span class='ocrx_word' id='word_1_452' title='bbox 799 4256 976 4311; x_wconf 88' lang='lat' dir='ltr'><strong>audivi</strong></span> <span class='ocrx_word' id='word_1_453' title='bbox 1006 4273 1018 4310; x_wconf 92' lang='lat'>:</span> <span class='ocrx_word' id='word_1_454' title='bbox 1050 4274 1069 4307; x_wconf 77' lang='grc'><strong>(</strong></span> <span class='ocrx_word' id='word_1_455' title='bbox 1106 4257 1294 4310; x_wconf 88' lang='lat' dir='ltr'><strong>Amico</strong></span> <span class='ocrx_word' id='word_1_456' title='bbox 1338 4255 1663 4323; x_wconf 84' lang='lat' dir='ltr'><strong>inimicoque</strong></span> <span class='ocrx_word' id='word_1_457' title='bbox 1691 4254 1889 4309; x_wconf 90' lang='lat' dir='ltr'><strong>bonum</strong></span> <span class='ocrx_word' id='word_1_458' title='bbox 1917 4269 2132 4324; x_wconf 83' lang='lat' dir='ltr'><strong>semper</strong></span> 
     </span>
    </p>
   </div>
   <div class='ocr_carea' id='block_1_61' title="bbox 552 4346 2133 4418">
    <p class='ocr_par' dir='ltr' id='par_1_61' title="bbox 552 4346 2133 4418">
     <span class='ocr_line' id='line_1_61' title="bbox 552 4346 2133 4418; baseline 0.003 -19"><span class='ocrx_word' id='word_1_459' title='bbox 552 4349 731 4416; x_wconf 70' lang='lat' dir='ltr'><strong>prmbe</strong></span> <span class='ocrx_word' id='word_1_460' title='bbox 756 4347 1065 4415; x_wconf 85' lang='lat' dir='ltr'><strong>consilium,</strong></span> <span class='ocrx_word' id='word_1_461' title='bbox 1096 4348 1217 4416; x_wconf 85' lang='lat' dir='ltr'><strong>quia</strong></span> <span class='ocrx_word' id='word_1_462' title='bbox 1245 4346 1447 4401; x_wconf 90' lang='lat' dir='ltr'><strong>amicus</strong></span> <span class='ocrx_word' id='word_1_463' title='bbox 1467 4347 1681 4415; x_wconf 88' lang='lat' dir='ltr'><strong>accipit,</strong></span> <span class='ocrx_word' id='word_1_464' title='bbox 1709 4346 1959 4403; x_wconf 91' lang='lat' dir='ltr'><strong>inimicus</strong></span> <span class='ocrx_word' id='word_1_465' title='bbox 1987 4363 2133 4418; x_wconf 87' lang='lat' dir='ltr'><strong>sper-</strong></span> 
     </span>
    </p>
   </div>
   <div class='ocr_carea' id='block_1_62' title="bbox 552 4438 2131 4510">
    <p class='ocr_par' dir='ltr' id='par_1_62' title="bbox 552 4438 2131 4510">
     <span class='ocr_line' id='line_1_62' title="bbox 552 4438 2131 4510; baseline 0.002 -18"><span class='ocrx_word' id='word_1_466' title='bbox 552 4443 651 4492; x_wconf 90' lang='lat' dir='ltr'><strong>nit.</strong></span> <span class='ocrx_word' id='word_1_467' title='bbox 678 4458 696 4489; x_wconf 72' lang='grc' dir='ltr'><strong><em>ι</em></strong></span> <span class='ocrx_word' id='word_1_468' title='bbox 724 4439 917 4507; x_wconf 80' lang='lat' dir='ltr'><strong>Spreta</strong></span> <span class='ocrx_word' id='word_1_469' title='bbox 945 4454 1074 4510; x_wconf 90' lang='lat' dir='ltr'><strong>ergo</strong></span> <span class='ocrx_word' id='word_1_470' title='bbox 1102 4438 1205 4494; x_wconf 88' lang='lat' dir='ltr'><strong>hoc</strong></span> <span class='ocrx_word' id='word_1_471' title='bbox 1230 4439 1476 4503; x_wconf 86' lang='lat' dir='ltr'><strong>consilio,</strong></span> <span class='ocrx_word' id='word_1_472' title='bbox 1507 4439 1574 4493; x_wconf 90' lang='lat' dir='ltr'><strong>ad</strong></span> <span class='ocrx_word' id='word_1_473' title='bbox 1607 4453 1785 4509; x_wconf 88' lang='lat' dir='ltr'><strong>regem</strong></span> <span class='ocrx_word' id='word_1_474' title='bbox 1811 4439 2017 4510; x_wconf 82' lang='lat' dir='ltr'><strong>dirigit,</strong></span> <span class='ocrx_word' id='word_1_475' title='bbox 2043 4442 2131 4509; x_wconf 93' lang='lat' dir='ltr'><strong>qui</strong></span> 
     </span>
    </p>
   </div>
   <div class='ocr_carea' id='block_1_63' title="bbox 2206 1806 3808 1878">
    <p class='ocr_par' dir='ltr' id='par_1_63' title="bbox 2206 1806 3808 1878">
     <span class='ocr_line' id='line_1_63' title="bbox 2206 1806 3808 1878; baseline -0.005 -12"><span class='ocrx_word' id='word_1_476' title='bbox 2206 1811 2502 1877; x_wconf 91' lang='lat' dir='ltr'><strong>accideret;</strong></span> <span class='ocrx_word' id='word_1_477' title='bbox 2535 1810 2836 1878; x_wconf 85' lang='lat' dir='ltr'><strong>domosque</strong></span> <span class='ocrx_word' id='word_1_478' title='bbox 2881 1807 3247 1878; x_wconf 90' lang='lat' dir='ltr'><strong>negotiantum</strong></span> <span class='ocrx_word' id='word_1_479' title='bbox 3299 1806 3645 1871; x_wconf 88' lang='lat' dir='ltr'><strong>circumiens,</strong></span> <span class='ocrx_word' id='word_1_480' title='bbox 3676 1820 3808 1873; x_wconf 59' lang='lat' dir='ltr'><strong>spec</strong></span> 
     </span>
    </p>
   </div>
   <div class='ocr_carea' id='block_1_64' title="bbox 2207 1887 3810 1972">
    <p class='ocr_par' dir='ltr' id='par_1_64' title="bbox 2207 1887 3810 1972">
     <span class='ocr_line' id='line_1_64' title="bbox 2207 1887 3810 1972; baseline -0.004 -13"><span class='ocrx_word' id='word_1_481' title='bbox 2207 1907 2318 1960; x_wconf 92' lang='lat' dir='ltr'><strong>cies</strong></span> <span class='ocrx_word' id='word_1_482' title='bbox 2363 1905 2605 1971; x_wconf 86' lang='lat' dir='ltr'><strong>rimatur,</strong></span> <span class='ocrx_word' id='word_1_483' title='bbox 2633 1887 2916 1972; x_wconf 77' lang='lat' dir='ltr'><strong>argentum</strong></span> <span class='ocrx_word' id='word_1_484' title='bbox 2960 1909 3170 1971; x_wconf 90' lang='lat' dir='ltr'><strong>pensat,</strong></span> <span class='ocrx_word' id='word_1_485' title='bbox 3197 1907 3358 1969; x_wconf 91' lang='lat' dir='ltr'><strong>atque</strong></span> <span class='ocrx_word' id='word_1_486' title='bbox 3400 1899 3611 1955; x_wconf 88' lang='lat' dir='ltr'><strong>diversa</strong></span> <span class='ocrx_word' id='word_1_487' title='bbox 3640 1914 3810 1955; x_wconf 79' lang='lat' dir='ltr'><strong>orna-</strong></span> 
     </span>
    </p>
   </div>
   <div class='ocr_carea' id='block_1_65' title="bbox 2209 1992 3810 2065">
    <p class='ocr_par' dir='ltr' id='par_1_65' title="bbox 2209 1992 3810 2065">
     <span class='ocr_line' id='line_1_65' title="bbox 2209 1992 3810 2065; baseline -0.002 -16"><span class='ocrx_word' id='word_1_488' title='bbox 2209 2004 2388 2050; x_wconf 91' lang='lat' dir='ltr'><strong>menta</strong></span> <span class='ocrx_word' id='word_1_489' title='bbox 2421 1993 2698 2065; x_wconf 90' lang='lat' dir='ltr'><strong>prospicit,</strong></span> <span class='ocrx_word' id='word_1_490' title='bbox 2735 1992 2923 2049; x_wconf 91' lang='lat' dir='ltr'><strong>dicens</strong></span> <span class='ocrx_word' id='word_1_491' title='bbox 2948 2009 2964 2047; x_wconf 86' lang='lat'><strong>:</strong></span> <span class='ocrx_word' id='word_1_492' title='bbox 2989 1992 3115 2048; x_wconf 70' lang='lat' dir='ltr'><strong>nam</strong></span> <span class='ocrx_word' id='word_1_493' title='bbox 3155 2000 3213 2048; x_wconf 90' lang='lat' dir='ltr'><strong>et</strong></span> <span class='ocrx_word' id='word_1_494' title='bbox 3249 1992 3362 2047; x_wconf 71' lang='lat' dir='ltr'><strong>haec</strong></span> <span class='ocrx_word' id='word_1_495' title='bbox 3391 1992 3557 2064; x_wconf 76' lang='lat'><strong>308</strong></span> <span class='ocrx_word' id='word_1_496' title='bbox 3582 2006 3810 2059; x_wconf 85' lang='lat' dir='ltr'><strong>compa-</strong></span> 
     </span>
    </p>
   </div>
   <div class='ocr_carea' id='block_1_66' title="bbox 2208 2084 3808 2155">
    <p class='ocr_par' dir='ltr' id='par_1_66' title="bbox 2208 2084 3808 2155">
     <span class='ocr_line' id='line_1_66' title="bbox 2208 2084 3808 2155; baseline -0.002 -15"><span class='ocrx_word' id='word_1_497' title='bbox 2208 2086 2360 2151; x_wconf 88' lang='lat' dir='ltr'><strong>rabo,</strong></span> <span class='ocrx_word' id='word_1_498' title='bbox 2385 2084 2508 2155; x_wconf 89' lang='lat' dir='ltr'><strong>quia</strong></span> <span class='ocrx_word' id='word_1_499' title='bbox 2541 2086 2767 2140; x_wconf 90' lang='lat' dir='ltr'><strong>multum</strong></span> <span class='ocrx_word' id='word_1_500' title='bbox 2794 2084 2925 2139; x_wconf 91' lang='lat' dir='ltr'><strong>mihi</strong></span> <span class='ocrx_word' id='word_1_501' title='bbox 2951 2098 3139 2140; x_wconf 89' lang='lat' dir='ltr'><strong>aurum</strong></span> <span class='ocrx_word' id='word_1_502' title='bbox 3165 2093 3549 2155; x_wconf 85' lang='lat' dir='ltr'><strong>argentumque</strong></span> <span class='ocrx_word' id='word_1_503' title='bbox 3577 2084 3808 2140; x_wconf 89' lang='lat' dir='ltr'><strong>resedit.</strong></span> 
     </span>
    </p>
   </div>
   <div class='ocr_carea' id='block_1_67' title="bbox 2208 2178 3805 2249">
    <p class='ocr_par' dir='ltr' id='par_1_67' title="bbox 2208 2178 3805 2249">
     <span class='ocr_line' id='line_1_67' title="bbox 2208 2178 3805 2249; baseline -0.001 -15"><span class='ocrx_word' id='word_1_504' title='bbox 2208 2179 2311 2234; x_wconf 92' lang='lat' dir='ltr'><strong>Ista</strong></span> <span class='ocrx_word' id='word_1_505' title='bbox 2362 2178 2457 2233; x_wconf 93' lang='lat' dir='ltr'><strong>illo</strong></span> <span class='ocrx_word' id='word_1_506' title='bbox 2502 2179 2734 2245; x_wconf 90' lang='lat' dir='ltr'><strong>dicente,</strong></span> <span class='ocrx_word' id='word_1_507' title='bbox 2776 2178 2955 2235; x_wconf 91' lang='lat' dir='ltr'><strong>subito</strong></span> <span class='ocrx_word' id='word_1_508' title='bbox 2996 2179 3344 2235; x_wconf 89' lang='lat' dir='ltr'><strong>advenientes</strong></span> <span class='ocrx_word' id='word_1_509' title='bbox 3384 2178 3584 2249; x_wconf 74' lang='lat' dir='ltr'><strong>regina:</strong></span> <span class='ocrx_word' id='word_1_510' title='bbox 3624 2181 3805 2248; x_wconf 89' lang='lat' dir='ltr'><strong>pueri,</strong></span> 
     </span>
    </p>
   </div>
   <div class='ocr_carea' id='block_1_68' title="bbox 2210 2270 3809 2342">
    <p class='ocr_par' dir='ltr' id='par_1_68' title="bbox 2210 2270 3809 2342">
     <span class='ocr_line' id='line_1_68' title="bbox 2210 2270 3809 2342; baseline 0.001 -17"><span class='ocrx_word' id='word_1_511' title='bbox 2210 2274 2495 2328; x_wconf 88' lang='lat' dir='ltr'><strong>voluerunt</strong></span> <span class='ocrx_word' id='word_1_512' title='bbox 2538 2287 2663 2328; x_wconf 90' lang='lat' dir='ltr'><strong>eum</strong></span> <span class='ocrx_word' id='word_1_513' title='bbox 2715 2272 2921 2329; x_wconf 90' lang='lat' dir='ltr'><strong>vincire</strong></span> <span class='ocrx_word' id='word_1_514' title='bbox 2966 2272 3193 2329; x_wconf 87' lang='lat' dir='ltr'><strong>catenis.</strong></span> <span class='ocrx_word' id='word_1_515' title='bbox 3237 2270 3333 2327; x_wconf 91' lang='lat' dir='ltr'><strong>Ille</strong></span> <span class='ocrx_word' id='word_1_516' title='bbox 3359 2287 3488 2326; x_wconf 90' lang='lat' dir='ltr'><strong>vero</strong></span> <span class='ocrx_word' id='word_1_517' title='bbox 3517 2274 3809 2342; x_wconf 82' lang='lat' dir='ltr'><strong>evaginato</strong></span> 
     </span>
    </p>
   </div>
   <div class='ocr_carea' id='block_1_69' title="bbox 2212 2363 3805 2435">
    <p class='ocr_par' dir='ltr' id='par_1_69' title="bbox 2212 2363 3805 2435">
     <span class='ocr_line' id='line_1_69' title="bbox 2212 2363 3805 2435; baseline -0.001 -16"><span class='ocrx_word' id='word_1_518' title='bbox 2212 2365 2411 2435; x_wconf 87' lang='lat' dir='ltr'><strong>gladio,</strong></span> <span class='ocrx_word' id='word_1_519' title='bbox 2436 2379 2601 2418; x_wconf 91' lang='lat' dir='ltr'><strong>unum</strong></span> <span class='ocrx_word' id='word_1_520' title='bbox 2626 2367 2906 2431; x_wconf 88' lang='lat' dir='ltr'><strong>verberat;</strong></span> <span class='ocrx_word' id='word_1_521' title='bbox 2933 2364 3124 2434; x_wconf 90' lang='lat' dir='ltr'><strong>reliqui</strong></span> <span class='ocrx_word' id='word_1_522' title='bbox 3156 2363 3352 2419; x_wconf 76' lang='lat' dir='ltr'><strong>exinde</strong></span> <span class='ocrx_word' id='word_1_523' title='bbox 3382 2367 3633 2419; x_wconf 89' lang='lat' dir='ltr'><strong>succensi</strong></span> <span class='ocrx_word' id='word_1_524' title='bbox 3661 2365 3805 2430; x_wconf 80' lang='lat' dir='ltr'><strong>felle,</strong></span> 
     </span>
    </p>
   </div>
   <div class='ocr_carea' id='block_1_70' title="bbox 2212 2454 3808 2525">
    <p class='ocr_par' dir='ltr' id='par_1_70' title="bbox 2212 2454 3808 2525">
     <span class='ocr_line' id='line_1_70' title="bbox 2212 2454 3808 2525; baseline 0 -18"><span class='ocrx_word' id='word_1_525' title='bbox 2212 2454 2563 2524; x_wconf 85' lang='lat' dir='ltr'><strong>apprehensis</strong></span> <span class='ocrx_word' id='word_1_526' title='bbox 2592 2455 2791 2525; x_wconf 86' lang='lat' dir='ltr'><strong>parmis</strong></span> <span class='ocrx_word' id='word_1_527' title='bbox 2829 2463 2885 2509; x_wconf 91' lang='lat' dir='ltr'><strong>et</strong></span> <span class='ocrx_word' id='word_1_528' title='bbox 2927 2454 3122 2525; x_wconf 90' lang='lat' dir='ltr'><strong>gladiis</strong></span> <span class='ocrx_word' id='word_1_529' title='bbox 3160 2470 3323 2525; x_wconf 85' lang='lat' dir='ltr'><strong>super</strong></span> <span class='ocrx_word' id='word_1_530' title='bbox 3352 2469 3475 2510; x_wconf 86' lang='lat' dir='ltr'><strong>eum</strong></span> <span class='ocrx_word' id='word_1_531' title='bbox 3507 2464 3808 2513; x_wconf 65' lang='lat' dir='ltr'><strong>.rruerunt.</strong></span> 
     </span>
    </p>
   </div>
   <div class='ocr_carea' id='block_1_71' title="bbox 2213 2546 3807 2617">
    <p class='ocr_par' dir='ltr' id='par_1_71' title="bbox 2213 2546 3807 2617">
     <span class='ocr_line' id='line_1_71' title="bbox 2213 2546 3807 2617; baseline -0.001 -14"><span class='ocrx_word' id='word_1_532' title='bbox 2213 2550 2290 2603; x_wconf 82' lang='lat' dir='ltr'><strong>Ex</strong></span> <span class='ocrx_word' id='word_1_533' title='bbox 2346 2548 2539 2617; x_wconf 89' lang='lat' dir='ltr'><strong>quibus</strong></span> <span class='ocrx_word' id='word_1_534' title='bbox 2590 2563 2727 2604; x_wconf 91' lang='lat' dir='ltr'><strong>unus</strong></span> <span class='ocrx_word' id='word_1_535' title='bbox 2780 2546 2982 2602; x_wconf 89' lang='lat' dir='ltr'><strong>librans</strong></span> <span class='ocrx_word' id='word_1_536' title='bbox 3040 2549 3225 2614; x_wconf 90' lang='lat' dir='ltr'><strong>ictum,</strong></span> <span class='ocrx_word' id='word_1_537' title='bbox 3256 2547 3543 2603; x_wconf 76' lang='lat' dir='ltr'><strong>maximam</strong></span> <span class='ocrx_word' id='word_1_538' title='bbox 3590 2556 3807 2616; x_wconf 87' lang='lat' dir='ltr'><strong>partem</strong></span> 
     </span>
    </p>
   </div>
   <div class='ocr_carea' id='block_1_72' title="bbox 2214 2641 3811 2713">
    <p class='ocr_par' dir='ltr' id='par_1_72' title="bbox 2214 2641 3811 2713">
     <span class='ocr_line' id='line_1_72' title="bbox 2214 2641 3811 2713; baseline -0.001 -16"><span class='ocrx_word' id='word_1_539' title='bbox 2214 2644 2409 2713; x_wconf 76' lang='lat' dir='ltr'><strong>capitis</strong></span> <span class='ocrx_word' id='word_1_540' title='bbox 2453 2645 2569 2711; x_wconf 86' lang='lat' dir='ltr'><strong>ejus</strong></span> <span class='ocrx_word' id='word_1_541' title='bbox 2595 2657 2625 2697; x_wconf 91' lang='lat' dir='ltr'><strong>a</strong></span> <span class='ocrx_word' id='word_1_542' title='bbox 2659 2641 2865 2711; x_wconf 90' lang='lat' dir='ltr'><strong>capillis</strong></span> <span class='ocrx_word' id='word_1_543' title='bbox 2893 2651 2951 2697; x_wconf 89' lang='lat' dir='ltr'><strong>et</strong></span> <span class='ocrx_word' id='word_1_544' title='bbox 2977 2651 3100 2697; x_wconf 90' lang='lat' dir='ltr'><strong>cute</strong></span> <span class='ocrx_word' id='word_1_545' title='bbox 3143 2642 3365 2698; x_wconf 78' lang='lat' dir='ltr'><strong>detexit.</strong></span> <span class='ocrx_word' id='word_1_546' title='bbox 3417 2642 3653 2709; x_wconf 84' lang='lat' dir='ltr'><strong>Cumque</strong></span> <span class='ocrx_word' id='word_1_547' title='bbox 3704 2654 3811 2710; x_wconf 89' lang='lat' dir='ltr'><strong>per</strong></span> 
     </span>
    </p>
   </div>
   <div class='ocr_carea' id='block_1_73' title="bbox 2214 2734 3810 2807">
    <p class='ocr_par' dir='ltr' id='par_1_73' title="bbox 2214 2734 3810 2807">
     <span class='ocr_line' id='line_1_73' title="bbox 2214 2734 3810 2807; baseline 0.001 -19"><span class='ocrx_word' id='word_1_548' title='bbox 2214 2743 2433 2803; x_wconf 89' lang='lat' dir='ltr'><strong>pontem</strong></span> <span class='ocrx_word' id='word_1_549' title='bbox 2484 2735 2633 2791; x_wconf 90' lang='lat' dir='ltr'><strong>urbis</strong></span> <span class='ocrx_word' id='word_1_550' title='bbox 2679 2734 2918 2806; x_wconf 85' lang='lat' dir='ltr'><strong>fugeret,</strong></span> <span class='ocrx_word' id='word_1_551' title='bbox 2947 2736 3132 2807; x_wconf 91' lang='lat' dir='ltr'><strong>elapso</strong></span> <span class='ocrx_word' id='word_1_552' title='bbox 3171 2736 3313 2793; x_wconf 83' lang='lat' dir='ltr'><strong>inter</strong></span> <span class='ocrx_word' id='word_1_553' title='bbox 3356 2736 3491 2793; x_wconf 92' lang='lat' dir='ltr'><strong>duos</strong></span> <span class='ocrx_word' id='word_1_554' title='bbox 3526 2750 3680 2800; x_wconf 80' lang='lat' dir='ltr'><strong>axes,</strong></span> <span class='ocrx_word' id='word_1_555' title='bbox 3714 2734 3810 2805; x_wconf 88' lang='lat' dir='ltr'><strong>qui</strong></span> 
     </span>
    </p>
   </div>
   <div class='ocr_carea' id='block_1_74' title="bbox 2218 2825 3807 2899">
    <p class='ocr_par' dir='ltr' id='par_1_74' title="bbox 2218 2825 3807 2899">
     <span class='ocr_line' id='line_1_74' title="bbox 2218 2825 3807 2899; baseline -0.002 -17"><span class='ocrx_word' id='word_1_556' title='bbox 2218 2837 2436 2895; x_wconf 89' lang='lat' dir='ltr'><strong>pontem</strong></span> <span class='ocrx_word' id='word_1_557' title='bbox 2478 2826 2706 2898; x_wconf 90' lang='lat' dir='ltr'><strong>faciunt,</strong></span> <span class='ocrx_word' id='word_1_558' title='bbox 2743 2829 2915 2899; x_wconf 90' lang='lat' dir='ltr'><strong>pede,</strong></span> <span class='ocrx_word' id='word_1_559' title='bbox 2942 2827 3161 2884; x_wconf 77' lang='lat' dir='ltr'><strong>eﬂ&#39;racta</strong></span> <span class='ocrx_word' id='word_1_560' title='bbox 3199 2844 3486 2899; x_wconf 88' lang='lat' dir='ltr'><strong>oppressus</strong></span> <span class='ocrx_word' id='word_1_561' title='bbox 3522 2836 3607 2883; x_wconf 87' lang='lat' dir='ltr'><strong>est</strong></span> <span class='ocrx_word' id='word_1_562' title='bbox 3652 2825 3807 2893; x_wconf 89' lang='lat' dir='ltr'><strong>tibia,</strong></span> 
     </span>
    </p>
   </div>
   <div class='ocr_carea' id='block_1_75' title="bbox 2220 2918 3809 2988">
    <p class='ocr_par' dir='ltr' id='par_1_75' title="bbox 2220 2918 3809 2988">
     <span class='ocr_line' id='line_1_75' title="bbox 2220 2918 3809 2988; baseline -0.003 -14"><span class='ocrx_word' id='word_1_563' title='bbox 2220 2918 2499 2988; x_wconf 73' lang='lat' dir='ltr'><strong>ligatisque</strong></span> <span class='ocrx_word' id='word_1_564' title='bbox 2529 2926 2653 2988; x_wconf 90' lang='lat' dir='ltr'><strong>post</strong></span> <span class='ocrx_word' id='word_1_565' title='bbox 2698 2927 2908 2988; x_wconf 83' lang='lat' dir='ltr'><strong>tergum</strong></span> <span class='ocrx_word' id='word_1_566' title='bbox 2937 2919 3218 2986; x_wconf 86' lang='lat' dir='ltr'><strong>manibus,</strong></span> <span class='ocrx_word' id='word_1_567' title='bbox 3250 2919 3506 2973; x_wconf 74' lang='lat' dir='ltr'><strong>custodia:</strong></span> <span class='ocrx_word' id='word_1_568' title='bbox 3534 2920 3809 2987; x_wconf 81' lang='lat' dir='ltr'><strong>manc&#39;pa-</strong></span> 
     </span>
    </p>
   </div>
   <div class='ocr_carea' id='block_1_76' title="bbox 2221 3010 3810 3080">
    <p class='ocr_par' dir='ltr' id='par_1_76' title="bbox 2221 3010 3810 3080">
     <span class='ocr_line' id='line_1_76' title="bbox 2221 3010 3810 3080; baseline 0 -17"><span class='ocrx_word' id='word_1_569' title='bbox 2221 3018 2338 3075; x_wconf 89' lang='lat' dir='ltr'><strong>tur;</strong></span> <span class='ocrx_word' id='word_1_570' title='bbox 2367 3010 2631 3080; x_wconf 85' lang='lat' dir='ltr'><strong>jussitque</strong></span> <span class='ocrx_word' id='word_1_571' title='bbox 2657 3026 2751 3065; x_wconf 83' lang='lat' dir='ltr'><strong>rex</strong></span> <span class='ocrx_word' id='word_1_572' title='bbox 2778 3018 2838 3065; x_wconf 93' lang='lat' dir='ltr'><strong>ut</strong></span> <span class='ocrx_word' id='word_1_573' title='bbox 2861 3022 3251 3067; x_wconf 73' lang='lat' dir='ltr'><strong>suSIentaretur</strong></span> <span class='ocrx_word' id='word_1_574' title='bbox 3276 3010 3304 3047; x_wconf 71' lang='grc' dir='ltr'><em>ά</em></span> <span class='ocrx_word' id='word_1_575' title='bbox 3336 3026 3367 3064; x_wconf 88' lang='lat' dir='ltr'><strong>a</strong></span> <span class='ocrx_word' id='word_1_576' title='bbox 3395 3010 3637 3078; x_wconf 89' lang='lat' dir='ltr'><strong>medicis,</strong></span> <span class='ocrx_word' id='word_1_577' title='bbox 3666 3024 3810 3080; x_wconf 84' lang='lat' dir='ltr'><strong>quo-</strong></span> 
     </span>
    </p>
   </div>
   <div class='ocr_carea' id='block_1_77' title="bbox 2256 3100 3813 3172">
    <p class='ocr_par' dir='ltr' id='par_1_77' title="bbox 2256 3100 3813 3172">
     <span class='ocr_line' id='line_1_77' title="bbox 2256 3100 3813 3172; baseline 0.001 -18"><span class='ocrx_word' id='word_1_578' title='bbox 2256 3100 2461 3170; x_wconf 88' lang='lat' dir='ltr'><strong>dnsque</strong></span> <span class='ocrx_word' id='word_1_579' title='bbox 2508 3101 2577 3155; x_wconf 91' lang='lat' dir='ltr'><strong>ab</strong></span> <span class='ocrx_word' id='word_1_580' title='bbox 2624 3100 2705 3156; x_wconf 88' lang='lat' dir='ltr'><strong>bis</strong></span> <span class='ocrx_word' id='word_1_581' title='bbox 2745 3102 2941 3158; x_wconf 89' lang='lat' dir='ltr'><strong>ictibus</strong></span> <span class='ocrx_word' id='word_1_582' title='bbox 2971 3110 3213 3172; x_wconf 85' lang='lat' dir='ltr'><strong>sanatus,</strong></span> <span class='ocrx_word' id='word_1_583' title='bbox 3243 3102 3494 3157; x_wconf 91' lang='lat' dir='ltr'><strong>diuturno</strong></span> <span class='ocrx_word' id='word_1_584' title='bbox 3540 3102 3813 3170; x_wconf 88' lang='lat' dir='ltr'><strong>supplicio</strong></span> 
     </span>
    </p>
   </div>
   <div class='ocr_carea' id='block_1_78' title="bbox 2223 3192 3810 3250">
    <p class='ocr_par' dir='ltr' id='par_1_78' title="bbox 2223 3192 3810 3250">
     <span class='ocr_line' id='line_1_78' title="bbox 2223 3192 3810 3250; baseline 0 -3"><span class='ocrx_word' id='word_1_585' title='bbox 2223 3193 2576 3247; x_wconf 89' lang='lat' dir='ltr'><strong>cruciaretur.</strong></span> <span class='ocrx_word' id='word_1_586' title='bbox 2605 3192 2710 3249; x_wconf 91' lang='lat' dir='ltr'><strong>Sed</strong></span> <span class='ocrx_word' id='word_1_587' title='bbox 2740 3209 2863 3250; x_wconf 90' lang='lat' dir='ltr'><strong>cum</strong></span> <span class='ocrx_word' id='word_1_588' title='bbox 2889 3194 2955 3249; x_wconf 91' lang='lat' dir='ltr'><strong>ad</strong></span> <span class='ocrx_word' id='word_1_589' title='bbox 2983 3192 3164 3249; x_wconf 88' lang='lat' dir='ltr'><strong>villam</strong></span> <span class='ocrx_word' id='word_1_590' title='bbox 3191 3194 3425 3248; x_wconf 88' lang='lat' dir='ltr'><strong>liscalem</strong></span> <span class='ocrx_word' id='word_1_591' title='bbox 3454 3193 3646 3248; x_wconf 91' lang='lat' dir='ltr'><strong>ductus</strong></span> <span class='ocrx_word' id='word_1_592' title='bbox 3671 3193 3810 3247; x_wconf 80' lang='lat' dir='ltr'><strong>fuis-</strong></span> 
     </span>
    </p>
   </div>
   <div class='ocr_carea' id='block_1_79' title="bbox 2222 3284 3814 3354">
    <p class='ocr_par' dir='ltr' id='par_1_79' title="bbox 2222 3284 3814 3354">
     <span class='ocr_line' id='line_1_79' title="bbox 2222 3284 3814 3354; baseline 0.001 -17"><span class='ocrx_word' id='word_1_593' title='bbox 2222 3293 2338 3348; x_wconf 91' lang='lat' dir='ltr'><strong>set,</strong></span> <span class='ocrx_word' id='word_1_594' title='bbox 2370 3290 2426 3338; x_wconf 89' lang='lat' dir='ltr'><strong>et</strong></span> <span class='ocrx_word' id='word_1_595' title='bbox 2471 3284 3026 3353; x_wconf 84' lang='lat' dir='ltr'><strong>computrescentibus</strong></span> <span class='ocrx_word' id='word_1_596' title='bbox 3070 3284 3238 3354; x_wconf 88' lang='lat' dir='ltr'><strong>plagis</strong></span> <span class='ocrx_word' id='word_1_597' title='bbox 3285 3292 3579 3338; x_wconf 84' lang='lat' dir='ltr'><strong>extremam</strong></span> <span class='ocrx_word' id='word_1_598' title='bbox 3628 3290 3814 3353; x_wconf 84' lang='lat' dir='ltr'><strong>ageret</strong></span> 
     </span>
    </p>
   </div>
   <div class='ocr_carea' id='block_1_80' title="bbox 2222 3375 3808 3447">
    <p class='ocr_par' dir='ltr' id='par_1_80' title="bbox 2222 3375 3808 3447">
     <span class='ocr_line' id='line_1_80' title="bbox 2222 3375 3808 3447; baseline 0.001 -19"><span class='ocrx_word' id='word_1_599' title='bbox 2222 3375 2410 3442; x_wconf 90' lang='lat' dir='ltr'><strong>vitam,</strong></span> <span class='ocrx_word' id='word_1_600' title='bbox 2436 3376 2587 3444; x_wconf 90' lang='lat' dir='ltr'><strong>jussu</strong></span> <span class='ocrx_word' id='word_1_601' title='bbox 2618 3380 2819 3446; x_wconf 61' lang='lat' dir='ltr'><strong>regina:</strong></span> <span class='ocrx_word' id='word_1_602' title='bbox 2865 3378 2917 3432; x_wconf 92' lang='lat' dir='ltr'><strong>in</strong></span> <span class='ocrx_word' id='word_1_603' title='bbox 2968 3386 3165 3432; x_wconf 86' lang='lat' dir='ltr'><strong>terram</strong></span> <span class='ocrx_word' id='word_1_604' title='bbox 3196 3377 3472 3447; x_wconf 84' lang='lat' dir='ltr'><strong>projicitur</strong></span> <span class='ocrx_word' id='word_1_605' title='bbox 3502 3378 3808 3445; x_wconf 90' lang='lat' dir='ltr'><strong>resupinus,</strong></span> 
     </span>
    </p>
   </div>
   <div class='ocr_carea' id='block_1_81' title="bbox 2223 3467 3813 3539">
    <p class='ocr_par' dir='ltr' id='par_1_81' title="bbox 2223 3467 3813 3539">
     <span class='ocr_line' id='line_1_81' title="bbox 2223 3467 3813 3539; baseline 0.001 -18"><span class='ocrx_word' id='word_1_606' title='bbox 2223 3470 2503 3537; x_wconf 85' lang='lat' dir='ltr'><strong>positoque</strong></span> <span class='ocrx_word' id='word_1_607' title='bbox 2532 3467 2599 3523; x_wconf 91' lang='lat' dir='ltr'><strong>ad</strong></span> <span class='ocrx_word' id='word_1_608' title='bbox 2627 3469 2891 3524; x_wconf 85' lang='lat' dir='ltr'><strong>cervicem</strong></span> <span class='ocrx_word' id='word_1_609' title='bbox 2922 3468 3038 3539; x_wconf 88' lang='lat' dir='ltr'><strong>ejus</strong></span> <span class='ocrx_word' id='word_1_610' title='bbox 3087 3478 3237 3526; x_wconf 84' lang='lat' dir='ltr'><strong>vecte</strong></span> <span class='ocrx_word' id='word_1_611' title='bbox 3282 3470 3566 3537; x_wconf 88' lang='lat' dir='ltr'><strong>immenso,</strong></span> <span class='ocrx_word' id='word_1_612' title='bbox 3600 3470 3671 3524; x_wconf 92' lang='lat' dir='ltr'><strong>ab</strong></span> <span class='ocrx_word' id='word_1_613' title='bbox 3708 3469 3813 3524; x_wconf 82' lang='lat' dir='ltr'><strong>alio</strong></span> 
     </span>
    </p>
   </div>
   <div class='ocr_carea' id='block_1_82' title="bbox 2224 3561 3811 3633">
    <p class='ocr_par' dir='ltr' id='par_1_82' title="bbox 2224 3561 3811 3633">
     <span class='ocr_line' id='line_1_82' title="bbox 2224 3561 3811 3633; baseline -0.001 -16"><span class='ocrx_word' id='word_1_614' title='bbox 2224 3562 2274 3617; x_wconf 89' lang='lat' dir='ltr'><strong>ei</strong></span> <span class='ocrx_word' id='word_1_615' title='bbox 2301 3562 2478 3630; x_wconf 86' lang='lat' dir='ltr'><strong>gulam</strong></span> <span class='ocrx_word' id='word_1_616' title='bbox 2508 3563 2794 3617; x_wconf 89' lang='lat' dir='ltr'><strong>verberant</strong></span> <span class='ocrx_word' id='word_1_617' title='bbox 2821 3571 2871 3630; x_wconf 74' lang='grc' dir='ltr'><strong>θ,</strong></span> <span class='ocrx_word' id='word_1_618' title='bbox 2897 3561 3082 3632; x_wconf 89' lang='lat' dir='ltr'><strong>sicque</strong></span> <span class='ocrx_word' id='word_1_619' title='bbox 3105 3577 3317 3633; x_wconf 84' lang='lat' dir='ltr'><strong>semper</strong></span> <span class='ocrx_word' id='word_1_620' title='bbox 3354 3565 3615 3633; x_wconf 80' lang='lat' dir='ltr'><strong>perﬁdam</strong></span> <span class='ocrx_word' id='word_1_621' title='bbox 3646 3576 3811 3633; x_wconf 75' lang='lat' dir='ltr'><strong>agens</strong></span> 
     </span>
    </p>
   </div>
   <div class='ocr_carea' id='block_1_83' title="bbox 2226 3656 3002 3726">
    <p class='ocr_par' dir='ltr' id='par_1_83' title="bbox 2226 3656 3002 3726">
     <span class='ocr_line' id='line_1_83' title="bbox 2226 3656 3002 3726; baseline 0.003 -17"><span class='ocrx_word' id='word_1_622' title='bbox 2226 3657 2412 3721; x_wconf 87' lang='lat' dir='ltr'><strong>vitam,</strong></span> <span class='ocrx_word' id='word_1_623' title='bbox 2441 3656 2583 3726; x_wconf 89' lang='lat' dir='ltr'><strong>justa</strong></span> <span class='ocrx_word' id='word_1_624' title='bbox 2610 3665 2787 3712; x_wconf 88' lang='lat' dir='ltr'><strong>morte</strong></span> <span class='ocrx_word' id='word_1_625' title='bbox 2814 3656 3002 3711; x_wconf 76' lang='lat' dir='ltr'><strong>finivit.</strong></span> 
     </span>
    </p>
   </div>
   <div class='ocr_carea' id='block_1_84' title="bbox 2300 3787 3810 3862">
    <p class='ocr_par' dir='ltr' id='par_1_84' title="bbox 2300 3787 3810 3862">
     <span class='ocr_line' id='line_1_84' title="bbox 2300 3787 3810 3862; baseline 0.003 -21"><span class='ocrx_word' id='word_1_626' title='bbox 2300 3787 2391 3841; x_wconf 81' lang='lat' dir='ltr'><strong>XX</strong></span> <span class='ocrx_word' id='word_1_627' title='bbox 2404 3787 2540 3845; x_wconf 83' lang='lat' dir='ltr'><strong>XIII.</strong></span> <span class='ocrx_word' id='word_1_628' title='bbox 2558 3790 2712 3842; x_wconf 83' lang='lat' dir='ltr'><strong>Anno</strong></span> <span class='ocrx_word' id='word_1_629' title='bbox 2729 3804 2868 3845; x_wconf 91' lang='lat' dir='ltr'><strong>nono</strong></span> <span class='ocrx_word' id='word_1_630' title='bbox 2883 3788 3213 3846; x_wconf 85' lang='lat' dir='ltr'><strong>Childeberti</strong></span> <span class='ocrx_word' id='word_1_631' title='bbox 3228 3790 3366 3862; x_wconf 83' lang='lat' dir='ltr'><strong>regis</strong></span> <span class='ocrx_word' id='word_1_632' title='bbox 3381 3798 3589 3860; x_wconf 89' lang='lat' dir='ltr'><strong>partem</strong></span> <span class='ocrx_word' id='word_1_633' title='bbox 3616 3788 3810 3846; x_wconf 77' lang='lat' dir='ltr'><strong>Massi-</strong></span> 
     </span>
    </p>
   </div>
   <div class='ocr_carea' id='block_1_85' title="bbox 2226 3872 3811 3953">
    <p class='ocr_par' dir='ltr' id='par_1_85' title="bbox 2226 3872 3811 3953">
     <span class='ocr_line' id='line_1_85' title="bbox 2226 3872 3811 3953; baseline 0 -19"><span class='ocrx_word' id='word_1_634' title='bbox 2226 3880 2315 3934; x_wconf 64' lang='lat' dir='ltr'><strong>liae</strong></span> <span class='ocrx_word' id='word_1_635' title='bbox 2343 3880 2777 3937; x_wconf 83' lang='lat' dir='ltr'><strong>Guntchramnus</strong></span> <span class='ocrx_word' id='word_1_636' title='bbox 2798 3896 2893 3936; x_wconf 80' lang='lat' dir='ltr'><strong>rex</strong></span> <span class='ocrx_word' id='word_1_637' title='bbox 2920 3872 3023 3953; x_wconf 82' lang='lat' dir='ltr'><strong>ipsi</strong></span> <span class='ocrx_word' id='word_1_638' title='bbox 3050 3883 3233 3953; x_wconf 91' lang='lat' dir='ltr'><strong>nepoti</strong></span> <span class='ocrx_word' id='word_1_639' title='bbox 3256 3899 3353 3937; x_wconf 82' lang='lat' dir='ltr'><strong>suo</strong></span> <span class='ocrx_word' id='word_1_640' title='bbox 3381 3883 3599 3938; x_wconf 83' lang='lat' dir='ltr'><strong>refudit.</strong></span> <span class='ocrx_word' id='word_1_641' title='bbox 3626 3882 3811 3953; x_wconf 86' lang='lat' dir='ltr'><strong>Legati</strong></span> 
     </span>
    </p>
   </div>
   <div class='ocr_carea' id='block_1_86' title="bbox 2230 3973 3815 4047">
    <p class='ocr_par' dir='ltr' id='par_1_86' title="bbox 2230 3973 3815 4047">
     <span class='ocr_line' id='line_1_86' title="bbox 2230 3973 3815 4047; baseline 0.003 -19"><span class='ocrx_word' id='word_1_642' title='bbox 2230 3974 2485 4043; x_wconf 89' lang='lat' dir='ltr'><strong>principis</strong></span> <span class='ocrx_word' id='word_1_643' title='bbox 2512 3973 2800 4044; x_wconf 85' lang='lat' dir='ltr'><strong>Chilperici</strong></span> <span class='ocrx_word' id='word_1_644' title='bbox 2843 3975 2910 4030; x_wconf 92' lang='lat' dir='ltr'><strong>de</strong></span> <span class='ocrx_word' id='word_1_645' title='bbox 2948 3976 3221 4046; x_wconf 83' lang='lat' dir='ltr'><strong>Hispaniis</strong></span> <span class='ocrx_word' id='word_1_646' title='bbox 3250 3978 3502 4047; x_wconf 87' lang='lat' dir='ltr'><strong>regressi,</strong></span> <span class='ocrx_word' id='word_1_647' title='bbox 3536 3980 3815 4032; x_wconf 83' lang='lat' dir='ltr'><strong>nuntiave-</strong></span> 
     </span>
    </p>
   </div>
   <div class='ocr_carea' id='block_1_87' title="bbox 2229 4067 3816 4141">
    <p class='ocr_par' dir='ltr' id='par_1_87' title="bbox 2229 4067 3816 4141">
     <span class='ocr_line' id='line_1_87' title="bbox 2229 4067 3816 4141; baseline 0.002 -22"><span class='ocrx_word' id='word_1_648' title='bbox 2229 4078 2422 4121; x_wconf 89' lang='lat' dir='ltr'><strong>verunt</strong></span> <span class='ocrx_word' id='word_1_649' title='bbox 2453 4067 2778 4137; x_wconf 84' lang='lat' dir='ltr'><strong>provinciam</strong></span> <span class='ocrx_word' id='word_1_650' title='bbox 2819 4068 3174 4137; x_wconf 86' lang='lat' dir='ltr'><strong>Carpitaniam</strong></span> <span class='ocrx_word' id='word_1_651' title='bbox 3214 4067 3233 4107; x_wconf 75' lang='grc' dir='ltr'><em>τ</em></span> <span class='ocrx_word' id='word_1_652' title='bbox 3267 4072 3504 4141; x_wconf 86' lang='lat' dir='ltr'><strong>graviter</strong></span> <span class='ocrx_word' id='word_1_653' title='bbox 3529 4084 3561 4123; x_wconf 87' lang='lat' dir='ltr'><strong>a</strong></span> <span class='ocrx_word' id='word_1_654' title='bbox 3598 4070 3816 4125; x_wconf 75' lang='lat' dir='ltr'><strong>locustis</strong></span> 
     </span>
    </p>
   </div>
   <div class='ocr_carea' id='block_1_88' title="bbox 2230 4156 3813 4228">
    <p class='ocr_par' dir='ltr' id='par_1_88' title="bbox 2230 4156 3813 4228">
     <span class='ocr_line' id='line_1_88' title="bbox 2230 4156 3813 4228; baseline 0.004 -17"><span class='ocrx_word' id='word_1_655' title='bbox 2230 4156 2396 4214; x_wconf 89' lang='lat' dir='ltr'><strong>fuisse</strong></span> <span class='ocrx_word' id='word_1_656' title='bbox 2442 4169 2726 4228; x_wconf 81' lang='lat' dir='ltr'><strong>vastatam,</strong></span> <span class='ocrx_word' id='word_1_657' title='bbox 2764 4160 2837 4216; x_wconf 88' lang='lat' dir='ltr'><strong>ita</strong></span> <span class='ocrx_word' id='word_1_658' title='bbox 2869 4171 2926 4216; x_wconf 93' lang='lat' dir='ltr'><strong>ut</strong></span> <span class='ocrx_word' id='word_1_659' title='bbox 2970 4176 3075 4216; x_wconf 92' lang='lat' dir='ltr'><strong>non</strong></span> <span class='ocrx_word' id='word_1_660' title='bbox 3122 4161 3303 4228; x_wconf 87' lang='lat' dir='ltr'><strong>arbor,</strong></span> <span class='ocrx_word' id='word_1_661' title='bbox 3331 4176 3437 4217; x_wconf 93' lang='lat' dir='ltr'><strong>non</strong></span> <span class='ocrx_word' id='word_1_662' title='bbox 3481 4164 3638 4218; x_wconf 85' lang='lat' dir='ltr'><strong>vinea</strong></span> <span class='ocrx_word' id='word_1_663' title='bbox 3661 4202 3677 4226; x_wconf 97' lang='lat'><strong>,</strong></span> <span class='ocrx_word' id='word_1_664' title='bbox 3711 4176 3813 4218; x_wconf 89' lang='lat' dir='ltr'><strong>non</strong></span> 
     </span>
    </p>
   </div>
   <div class='ocr_carea' id='block_1_89' title="bbox 2232 4251 3815 4324">
    <p class='ocr_par' dir='ltr' id='par_1_89' title="bbox 2232 4251 3815 4324">
     <span class='ocr_line' id='line_1_89' title="bbox 2232 4251 3815 4324; baseline 0.001 -18"><span class='ocrx_word' id='word_1_665' title='bbox 2232 4251 2385 4319; x_wconf 88' lang='lat' dir='ltr'><strong>sdva,</strong></span> <span class='ocrx_word' id='word_1_666' title='bbox 2415 4267 2522 4306; x_wconf 91' lang='lat' dir='ltr'><strong>non</strong></span> <span class='ocrx_word' id='word_1_667' title='bbox 2555 4254 2757 4309; x_wconf 88' lang='lat' dir='ltr'><strong>fructus</strong></span> <span class='ocrx_word' id='word_1_668' title='bbox 2784 4253 3107 4323; x_wconf 89' lang='lat' dir='ltr'><strong>aliquis,aut</strong></span> <span class='ocrx_word' id='word_1_669' title='bbox 3131 4255 3418 4324; x_wconf 88' lang='lat' dir='ltr'><strong>quidquam</strong></span> <span class='ocrx_word' id='word_1_670' title='bbox 3443 4254 3614 4309; x_wconf 90' lang='lat' dir='ltr'><strong>viride</strong></span> <span class='ocrx_word' id='word_1_671' title='bbox 3642 4270 3815 4309; x_wconf 78' lang='lat' dir='ltr'><strong>rema-</strong></span> 
     </span>
    </p>
   </div>
   <div class='ocr_carea' id='block_1_90' title="bbox 2234 4347 3815 4418">
    <p class='ocr_par' dir='ltr' id='par_1_90' title="bbox 2234 4347 3815 4418">
     <span class='ocr_line' id='line_1_90' title="bbox 2234 4347 3815 4418; baseline -0.001 -15"><span class='ocrx_word' id='word_1_672' title='bbox 2234 4358 2408 4411; x_wconf 90' lang='lat' dir='ltr'><strong>neret,</strong></span> <span class='ocrx_word' id='word_1_673' title='bbox 2441 4347 2583 4418; x_wconf 92' lang='lat' dir='ltr'><strong>quod</strong></span> <span class='ocrx_word' id='word_1_674' title='bbox 2608 4352 2713 4403; x_wconf 86' lang='lat' dir='ltr'><strong>non</strong></span> <span class='ocrx_word' id='word_1_675' title='bbox 2731 4364 2759 4402; x_wconf 92' lang='lat' dir='ltr'><strong>a</strong></span> <span class='ocrx_word' id='word_1_676' title='bbox 2777 4349 2997 4406; x_wconf 89' lang='lat' dir='ltr'><strong>locustis</strong></span> <span class='ocrx_word' id='word_1_677' title='bbox 3022 4359 3379 4406; x_wconf 90' lang='lat' dir='ltr'><strong>everteretur.</strong></span> <span class='ocrx_word' id='word_1_678' title='bbox 3414 4350 3645 4406; x_wconf 80' lang='lat' dir='ltr'><strong>Aiebant</strong></span> <span class='ocrx_word' id='word_1_679' title='bbox 3676 4350 3815 4406; x_wconf 85' lang='lat' dir='ltr'><strong>enim</strong></span> 
     </span>
    </p>
   </div>
   <div class='ocr_carea' id='block_1_91' title="bbox 2236 4437 3817 4508">
    <p class='ocr_par' dir='ltr' id='par_1_91' title="bbox 2236 4437 3817 4508">
     <span class='ocr_line' id='line_1_91' title="bbox 2236 4437 3817 4508; baseline 0.001 -16"><span class='ocrx_word' id='word_1_680' title='bbox 2236 4438 2541 4493; x_wconf 88' lang='lat' dir='ltr'><strong>inimicitias</strong></span> <span class='ocrx_word' id='word_1_681' title='bbox 2588 4437 2725 4507; x_wconf 89' lang='lat' dir='ltr'><strong>illas,</strong></span> <span class='ocrx_word' id='word_1_682' title='bbox 2759 4454 2879 4508; x_wconf 72' lang='lat' dir='ltr'><strong>qua:</strong></span> <span class='ocrx_word' id='word_1_683' title='bbox 2921 4439 3065 4495; x_wconf 92' lang='lat' dir='ltr'><strong>inter</strong></span> <span class='ocrx_word' id='word_1_684' title='bbox 3106 4438 3509 4495; x_wconf 88' lang='lat' dir='ltr'><strong>Leuvicbildum</strong></span> <span class='ocrx_word' id='word_1_685' title='bbox 3553 4449 3611 4495; x_wconf 89' lang='lat' dir='ltr'><strong>ct</strong></span> <span class='ocrx_word' id='word_1_686' title='bbox 3649 4440 3817 4496; x_wconf 84' lang='lat' dir='ltr'><strong>ﬁlium</strong></span> 
     </span>
    </p>
   </div>
   <div class='ocr_carea' id='block_1_92' title="bbox 556 4499 3818 4605">
    <p class='ocr_par' dir='ltr' id='par_1_92' title="bbox 556 4499 3818 4605">
     <span class='ocr_line' id='line_1_92' title="bbox 556 4499 3818 4605; baseline 0.002 -25"><span class='ocrx_word' id='word_1_687' title='bbox 556 4538 683 4582; x_wconf 91' lang='lat' dir='ltr'><strong>tunc</strong></span> <span class='ocrx_word' id='word_1_688' title='bbox 712 4544 831 4581; x_wconf 89' lang='lat' dir='ltr'><strong>cum</strong></span> <span class='ocrx_word' id='word_1_689' title='bbox 863 4532 1101 4585; x_wconf 81' lang='lat' dir='ltr'><strong>exercitu</strong></span> <span class='ocrx_word' id='word_1_690' title='bbox 1148 4530 1215 4584; x_wconf 82' lang='lat' dir='ltr'><strong>in&#39;</strong></span> <span class='ocrx_word' id='word_1_691' title='bbox 1250 4543 1384 4601; x_wconf 92' lang='lat' dir='ltr'><strong>pago</strong></span> <span class='ocrx_word' id='word_1_692' title='bbox 1414 4529 1784 4599; x_wconf 87' lang='lat' dir='ltr'><strong>Miglidunensi</strong></span> <span class='ocrx_word' id='word_1_693' title='bbox 1816 4540 1839 4567; x_wconf 79' lang='grc' dir='ltr'><strong><em>ο</em></strong></span> <span class='ocrx_word' id='word_1_694' title='bbox 1872 4530 2089 4602; x_wconf 86' lang='lat' dir='ltr'><strong>degebat</strong></span> <span class='ocrx_word' id='word_1_695' title='bbox 2118 4547 2133 4586; x_wconf 88' lang='lat'><strong>:</strong></span> <span class='ocrx_word' id='word_1_696' title='bbox 2167 4499 2212 4559; x_wconf 73' lang='grc' dir='ltr'>θ</span> <span class='ocrx_word' id='word_1_697' title='bbox 2238 4544 2390 4583; x_wconf 87' lang='lat' dir='ltr'><strong>suum</strong></span> <span class='ocrx_word' id='word_1_698' title='bbox 2417 4529 2828 4599; x_wconf 84' lang='lat' dir='ltr'><strong>pullulaverant,</strong></span> <span class='ocrx_word' id='word_1_699' title='bbox 2847 4530 3199 4587; x_wconf 86' lang='lat' dir='ltr'><strong>vehementer</strong></span> <span class='ocrx_word' id='word_1_700' title='bbox 3218 4532 3581 4603; x_wconf 84' lang='lat' dir='ltr'><strong>augeri.Lues</strong></span> <span class='ocrx_word' id='word_1_701' title='bbox 3606 4546 3818 4605; x_wconf 83' lang='lat' dir='ltr'><strong>quoque</strong></span> 
     </span>
    </p>
   </div>
   <div class='ocr_carea' id='block_1_93' title="bbox 555 4620 2132 4691">
    <p class='ocr_par' dir='ltr' id='par_1_93' title="bbox 555 4620 2132 4691">
     <span class='ocr_line' id='line_1_93' title="bbox 555 4620 2132 4691; baseline 0.002 -18"><span class='ocrx_word' id='word_1_702' title='bbox 555 4620 982 4690; x_wconf 89' lang='lat' dir='ltr'><strong>deprecatusque</strong></span> <span class='ocrx_word' id='word_1_703' title='bbox 1009 4629 1094 4677; x_wconf 89' lang='lat' dir='ltr'><strong>est</strong></span> <span class='ocrx_word' id='word_1_704' title='bbox 1121 4622 1395 4691; x_wconf 89' lang='lat' dir='ltr'><strong>populum,</strong></span> <span class='ocrx_word' id='word_1_705' title='bbox 1424 4630 1483 4675; x_wconf 94' lang='lat' dir='ltr'><strong>ut</strong></span> <span class='ocrx_word' id='word_1_706' title='bbox 1508 4624 1617 4691; x_wconf 88' lang='lat' dir='ltr'><strong>regi</strong></span> <span class='ocrx_word' id='word_1_707' title='bbox 1648 4636 1834 4690; x_wconf 89' lang='lat' dir='ltr'><strong>preces</strong></span> <span class='ocrx_word' id='word_1_708' title='bbox 1864 4621 2132 4691; x_wconf 90' lang='lat' dir='ltr'><strong>funderet,</strong></span> 
     </span>
    </p>
   </div>
   <div class='ocr_carea' id='block_1_94' title="bbox 554 4715 2137 4787">
    <p class='ocr_par' dir='ltr' id='par_1_94' title="bbox 554 4715 2137 4787">
     <span class='ocr_line' id='line_1_94' title="bbox 554 4715 2137 4787; baseline 0.003 -20"><span class='ocrx_word' id='word_1_709' title='bbox 554 4725 614 4769; x_wconf 91' lang='lat' dir='ltr'><strong>ut</strong></span> <span class='ocrx_word' id='word_1_710' title='bbox 656 4715 772 4784; x_wconf 86' lang='lat' dir='ltr'><strong>ejus</strong></span> <span class='ocrx_word' id='word_1_711' title='bbox 830 4717 1169 4783; x_wconf 63' lang='lat' dir='ltr'><strong>praesentiam</strong></span> <span class='ocrx_word' id='word_1_712' title='bbox 1222 4726 1543 4771; x_wconf 90' lang='lat' dir='ltr'><strong>mereretur.</strong></span> <span class='ocrx_word' id='word_1_713' title='bbox 1602 4716 1929 4785; x_wconf 89' lang='lat' dir='ltr'><strong>Deprecante</strong></span> <span class='ocrx_word' id='word_1_714' title='bbox 1976 4716 2137 4787; x_wconf 87' lang='lat' dir='ltr'><strong>igitur</strong></span> 
     </span>
    </p>
   </div>
   <div class='ocr_carea' id='block_1_95' title="bbox 554 4806 2135 4878">
    <p class='ocr_par' dir='ltr' id='par_1_95' title="bbox 554 4806 2135 4878">
     <span class='ocr_line' id='line_1_95' title="bbox 554 4806 2135 4878; baseline 0.001 -18"><span class='ocrx_word' id='word_1_715' title='bbox 554 4807 699 4861; x_wconf 86' lang='lat' dir='ltr'><strong>omni</strong></span> <span class='ocrx_word' id='word_1_716' title='bbox 745 4806 962 4876; x_wconf 87' lang='lat' dir='ltr'><strong>p0pulo,</strong></span> <span class='ocrx_word' id='word_1_717' title='bbox 988 4821 1085 4861; x_wconf 80' lang='lat' dir='ltr'><strong>rex</strong></span> <span class='ocrx_word' id='word_1_718' title='bbox 1114 4820 1174 4862; x_wconf 85' lang='lat' dir='ltr'><strong>se</strong></span> <span class='ocrx_word' id='word_1_719' title='bbox 1201 4806 1487 4862; x_wconf 89' lang='lat' dir='ltr'><strong>videndum</strong></span> <span class='ocrx_word' id='word_1_720' title='bbox 1519 4808 1567 4863; x_wconf 91' lang='lat' dir='ltr'><strong>ei</strong></span> <span class='ocrx_word' id='word_1_721' title='bbox 1599 4808 1844 4878; x_wconf 68' lang='lat' dir='ltr'><strong>praebuit.</strong></span> <span class='ocrx_word' id='word_1_722' title='bbox 1887 4806 2135 4864; x_wconf 89' lang='lat' dir='ltr'><strong>Prostra-</strong></span> 
     </span>
    </p>
   </div>
   <div class='ocr_carea' id='block_1_96' title="bbox 629 4984 2129 5056">
    <p class='ocr_par' dir='ltr' id='par_1_96' title="bbox 629 4984 2129 5056">
     <span class='ocr_line' id='line_1_96' title="bbox 629 4984 2129 5056; baseline 0.003 -17"><span class='ocrx_word' id='word_1_723' title='bbox 629 4995 654 5022; x_wconf 80' lang='grc' dir='ltr'>ι</span> <span class='ocrx_word' id='word_1_724' title='bbox 687 4985 836 5039; x_wconf 81' lang='lat' dir='ltr'><strong>Haud</strong></span> <span class='ocrx_word' id='word_1_725' title='bbox 882 4984 1088 5056; x_wconf 91' lang='lat' dir='ltr'><strong>procul,</strong></span> <span class='ocrx_word' id='word_1_726' title='bbox 1120 4984 1197 5039; x_wconf 89' lang='lat' dir='ltr'><strong>uti</strong></span> <span class='ocrx_word' id='word_1_727' title='bbox 1252 4985 1460 5040; x_wconf 90' lang='lat' dir='ltr'><strong>videtur</strong></span> <span class='ocrx_word' id='word_1_728' title='bbox 1483 5027 1499 5049; x_wconf 90' lang='lat'><strong>,</strong></span> <span class='ocrx_word' id='word_1_729' title='bbox 1526 5003 1553 5039; x_wconf 90' lang='lat' dir='ltr'><strong>a</strong></span> <span class='ocrx_word' id='word_1_730' title='bbox 1604 4989 1716 5042; x_wconf 87' lang='lat' dir='ltr'><strong>suis</strong></span> <span class='ocrx_word' id='word_1_731' title='bbox 1749 4987 2002 5043; x_wconf 76' lang='lat' dir='ltr'><strong>fratribus</strong></span> <span class='ocrx_word' id='word_1_732' title='bbox 2022 5030 2038 5054; x_wconf 89' lang='lat'><strong>,</strong></span> <span class='ocrx_word' id='word_1_733' title='bbox 2070 4999 2129 5044; x_wconf 91' lang='lat' dir='ltr'><strong>ut</strong></span> 
     </span>
    </p>
   </div>
   <div class='ocr_carea' id='block_1_97' title="bbox 556 5055 2131 5127">
    <p class='ocr_par' dir='ltr' id='par_1_97' title="bbox 556 5055 2131 5127">
     <span class='ocr_line' id='line_1_97' title="bbox 556 5055 2131 5127; baseline 0.004 -17"><span class='ocrx_word' id='word_1_734' title='bbox 556 5055 858 5125; x_wconf 88' lang='lat' dir='ltr'><strong>Chilperico</strong></span> <span class='ocrx_word' id='word_1_735' title='bbox 883 5055 1033 5125; x_wconf 80' lang='lat' dir='ltr'><strong>juxta</strong></span> <span class='ocrx_word' id='word_1_736' title='bbox 1079 5064 1288 5125; x_wconf 89' lang='lat' dir='ltr'><strong>pactum</strong></span> <span class='ocrx_word' id='word_1_737' title='bbox 1337 5061 1605 5127; x_wconf 83' lang='lat' dir='ltr'><strong>suppetias</strong></span> <span class='ocrx_word' id='word_1_738' title='bbox 1637 5059 1831 5127; x_wconf 91' lang='lat' dir='ltr'><strong>ferret,</strong></span> <span class='ocrx_word' id='word_1_739' title='bbox 1863 5070 1956 5114; x_wconf 90' lang='lat' dir='ltr'><strong>aut</strong></span> <span class='ocrx_word' id='word_1_740' title='bbox 1980 5071 2131 5116; x_wconf 88' lang='lat' dir='ltr'><strong>certe</strong></span> 
     </span>
    </p>
   </div>
   <div class='ocr_carea' id='block_1_98' title="bbox 556 5128 1457 5197">
    <p class='ocr_par' dir='ltr' id='par_1_98' title="bbox 556 5128 1457 5197">
     <span class='ocr_line' id='line_1_98' title="bbox 556 5128 1457 5197; baseline -0.001 -16"><span class='ocrx_word' id='word_1_741' title='bbox 556 5137 617 5181; x_wconf 93' lang='lat' dir='ltr'><strong>ut</strong></span> <span class='ocrx_word' id='word_1_742' title='bbox 648 5128 769 5182; x_wconf 87' lang='lat' dir='ltr'><strong>belli</strong></span> <span class='ocrx_word' id='word_1_743' title='bbox 796 5138 1043 5183; x_wconf 89' lang='lat' dir='ltr'><strong>eventum</strong></span> <span class='ocrx_word' id='word_1_744' title='bbox 1071 5128 1457 5197; x_wconf 81' lang='lat' dir='ltr'><strong>specularetur.</strong></span> 
     </span>
    </p>
   </div>
   <div class='ocr_carea' id='block_1_99' title="bbox 627 5197 2130 5269">
    <p class='ocr_par' dir='ltr' id='par_1_99' title="bbox 627 5197 2130 5269">
     <span class='ocr_line' id='line_1_99' title="bbox 627 5197 2130 5269; baseline 0.005 -21"><span class='ocrx_word' id='word_1_745' title='bbox 627 5197 653 5236; x_wconf 77' lang='lat' dir='ltr'><strong>b</strong></span> <span class='ocrx_word' id='word_1_746' title='bbox 687 5199 784 5266; x_wconf 86' lang='lat' dir='ltr'><strong>Qui</strong></span> <span class='ocrx_word' id='word_1_747' title='bbox 815 5215 973 5269; x_wconf 89' lang='lat' dir='ltr'><strong>supra</strong></span> <span class='ocrx_word' id='word_1_748' title='bbox 1006 5199 1099 5254; x_wconf 89' lang='lat' dir='ltr'><strong>lib.</strong></span> <span class='ocrx_word' id='word_1_749' title='bbox 1130 5215 1194 5262; x_wconf 91' lang='lat' dir='ltr'><strong>v,</strong></span> <span class='ocrx_word' id='word_1_750' title='bbox 1225 5214 1343 5267; x_wconf 83' lang='lat' dir='ltr'><strong>cap.</strong></span> <span class='ocrx_word' id='word_1_751' title='bbox 1367 5200 1437 5254; x_wconf 77' lang='grc'><strong>49</strong></span> <span class='ocrx_word' id='word_1_752' title='bbox 1467 5208 1521 5255; x_wconf 90' lang='lat' dir='ltr'><strong>et</strong></span> <span class='ocrx_word' id='word_1_753' title='bbox 1546 5200 1636 5265; x_wconf 80' lang='lat'><strong>50,</strong></span> <span class='ocrx_word' id='word_1_754' title='bbox 1678 5203 1843 5255; x_wconf 90' lang='lat' dir='ltr'><strong>nmlta</strong></span> <span class='ocrx_word' id='word_1_755' title='bbox 1873 5201 2130 5258; x_wconf 90' lang='lat' dir='ltr'><strong>adversus</strong></span> 
     </span>
    </p>
   </div>
   <div class='ocr_carea' id='block_1_100' title="bbox 559 5266 2130 5343">
    <p class='ocr_par' dir='ltr' id='par_1_100' title="bbox 559 5266 2130 5343">
     <span class='ocr_line' id='line_1_100' title="bbox 559 5266 2130 5343; baseline 0.006 -23"><span class='ocrx_word' id='word_1_756' title='bbox 559 5266 895 5343; x_wconf 42' lang='lat' dir='ltr'><strong>Gregorium:</strong></span> <span class='ocrx_word' id='word_1_757' title='bbox 920 5271 1251 5343; x_wconf 81' lang='lat' dir='ltr'><strong>machinatus</strong></span> <span class='ocrx_word' id='word_1_758' title='bbox 1298 5270 1644 5339; x_wconf 80' lang='lat' dir='ltr'><strong>Iuerat,eum</strong></span> <span class='ocrx_word' id='word_1_759' title='bbox 1691 5288 1949 5328; x_wconf 91' lang='lat' dir='ltr'><strong>accusans</strong></span> <span class='ocrx_word' id='word_1_760' title='bbox 1990 5274 2130 5343; x_wconf 89' lang='lat' dir='ltr'><strong>quod</strong></span> 
     </span>
    </p>
   </div>
   <div class='ocr_carea' id='block_1_101' title="bbox 561 5339 1776 5409">
    <p class='ocr_par' dir='ltr' id='par_1_101' title="bbox 561 5339 1776 5409">
     <span class='ocr_line' id='line_1_101' title="bbox 561 5339 1776 5409; baseline 0.005 -18"><span class='ocrx_word' id='word_1_761' title='bbox 561 5339 795 5406; x_wconf 86' lang='lat' dir='ltr'><strong>reginam</strong></span> <span class='ocrx_word' id='word_1_762' title='bbox 825 5341 1083 5396; x_wconf 86' lang='lat' dir='ltr'><strong>adulterio</strong></span> <span class='ocrx_word' id='word_1_763' title='bbox 1111 5341 1363 5409; x_wconf 90' lang='lat' dir='ltr'><strong>pollutam</strong></span> <span class='ocrx_word' id='word_1_764' title='bbox 1390 5358 1509 5396; x_wconf 90' lang='lat' dir='ltr'><strong>esse</strong></span> <span class='ocrx_word' id='word_1_765' title='bbox 1537 5343 1776 5399; x_wconf 76' lang='lat' dir='ltr'><strong>dixisset.</strong></span> 
     </span>
    </p>
   </div>
   <div class='ocr_carea' id='block_1_102' title="bbox 640 5410 2133 5483">
    <p class='ocr_par' dir='ltr' id='par_1_102' title="bbox 640 5410 2133 5483">
     <span class='ocr_line' id='line_1_102' title="bbox 640 5410 2133 5483; baseline 0.005 -20"><span class='ocrx_word' id='word_1_766' title='bbox 640 5419 661 5445; x_wconf 73' lang='grc' dir='ltr'><em>τ</em></span> <span class='ocrx_word' id='word_1_767' title='bbox 690 5410 836 5464; x_wconf 84' lang='lat' dir='ltr'><strong>Culb.</strong></span> <span class='ocrx_word' id='word_1_768' title='bbox 856 5427 930 5483; x_wconf 90' lang='lat' dir='ltr'><strong>a.,</strong></span> <span class='ocrx_word' id='word_1_769' title='bbox 952 5411 1380 5478; x_wconf 80' lang='lat' dir='ltr'><strong>Meladonneme;</strong></span> <span class='ocrx_word' id='word_1_770' title='bbox 1405 5414 1551 5481; x_wconf 63' lang='grc' dir='ltr'><strong>ὕεα,</strong></span> <span class='ocrx_word' id='word_1_771' title='bbox 1571 5414 1981 5483; x_wconf 75' lang='lat' dir='ltr'><strong>Megledunense.</strong></span> <span class='ocrx_word' id='word_1_772' title='bbox 2002 5414 2133 5471; x_wconf 83' lang='lat' dir='ltr'><strong>Vide</strong></span> 
     </span>
    </p>
   </div>
   <div class='ocr_carea' id='block_1_103' title="bbox 565 5482 939 5544">
    <p class='ocr_par' dir='ltr' id='par_1_103' title="bbox 565 5482 939 5544">
     <span class='ocr_line' id='line_1_103' title="bbox 565 5482 939 5544; baseline 0.011 -14"><span class='ocrx_word' id='word_1_773' title='bbox 565 5492 681 5544; x_wconf 85' lang='lat' dir='ltr'><strong>cap.</strong></span> <span class='ocrx_word' id='word_1_774' title='bbox 714 5482 939 5543; x_wconf 68' lang='lat' dir='ltr'><strong>prmced.</strong></span> 
     </span>
    </p>
   </div>
   <div class='ocr_carea' id='block_1_104' title="bbox 636 5546 2136 5626">
    <p class='ocr_par' dir='ltr' id='par_1_104' title="bbox 636 5546 2136 5626">
     <span class='ocr_line' id='line_1_104' title="bbox 636 5546 2136 5626; baseline 0.004 -22"><span class='ocrx_word' id='word_1_775' title='bbox 636 5547 660 5583; x_wconf 70' lang='grc' dir='ltr'>ά</span> <span class='ocrx_word' id='word_1_776' title='bbox 691 5546 782 5604; x_wconf 88' lang='lat' dir='ltr'><strong>Sic</strong></span> <span class='ocrx_word' id='word_1_777' title='bbox 827 5552 1010 5626; x_wconf 66' lang='lat' dir='ltr'><strong>Qorb.;</strong></span> <span class='ocrx_word' id='word_1_778' title='bbox 1053 5549 1230 5626; x_wconf 54' lang='lat' dir='ltr'><strong>Coll»,</strong></span> <span class='ocrx_word' id='word_1_779' title='bbox 1261 5564 1557 5618; x_wconf 80' lang='lat' dir='ltr'><strong>sanarclur;</strong></span> <span class='ocrx_word' id='word_1_780' title='bbox 1589 5555 1829 5626; x_wconf 84' lang='lat' dir='ltr'><strong>plerique</strong></span> <span class='ocrx_word' id='word_1_781' title='bbox 1856 5557 1979 5609; x_wconf 84' lang='lat' dir='ltr'><strong>editi</strong></span> <span class='ocrx_word' id='word_1_782' title='bbox 2012 5570 2136 5610; x_wconf 88' lang='lat' dir='ltr'><strong>cum</strong></span> 
     </span>
    </p>
   </div>
   <div class='ocr_carea' id='block_1_105' title="bbox 563 5614 1569 5686">
    <p class='ocr_par' dir='ltr' id='par_1_105' title="bbox 563 5614 1569 5686">
     <span class='ocr_line' id='line_1_105' title="bbox 563 5614 1569 5686; baseline 0.004 -15"><span class='ocrx_word' id='word_1_783' title='bbox 563 5614 714 5682; x_wconf 76' lang='lat' dir='ltr'><strong>Ilec.,</strong></span> <span class='ocrx_word' id='word_1_784' title='bbox 743 5620 1048 5686; x_wconf 79' lang='lat' dir='ltr'><strong>studeretur,</strong></span> <span class='ocrx_word' id='word_1_785' title='bbox 1084 5625 1132 5674; x_wconf 89' lang='lat' dir='ltr'><strong>id</strong></span> <span class='ocrx_word' id='word_1_786' title='bbox 1164 5614 1243 5677; x_wconf 84' lang='lat' dir='ltr'><strong>est</strong></span> <span class='ocrx_word' id='word_1_787' title='bbox 1274 5614 1569 5678; x_wconf 82' lang='lat' dir='ltr'><strong>curaretur.</strong></span> 
     </span>
    </p>
   </div>
   <div class='ocr_carea' id='block_1_106' title="bbox 636 5692 2134 5763">
    <p class='ocr_par' dir='ltr' id='par_1_106' title="bbox 636 5692 2134 5763">
     <span class='ocr_line' id='line_1_106' title="bbox 636 5692 2134 5763; baseline 0.003 -17"><span class='ocrx_word' id='word_1_788' title='bbox 636 5698 659 5727; x_wconf 80' lang='grc'><strong><em>⁸</em></strong></span> <span class='ocrx_word' id='word_1_789' title='bbox 690 5692 901 5760; x_wconf 58' lang='grc' dir='ltr'><strong>ἤρξω..</strong></span> <span class='ocrx_word' id='word_1_790' title='bbox 932 5692 1203 5759; x_wconf 80' lang='lat' dir='ltr'><strong>immenso,</strong></span> <span class='ocrx_word' id='word_1_791' title='bbox 1235 5694 1407 5761; x_wconf 82' lang='lat' dir='ltr'><strong>gladio</strong></span> <span class='ocrx_word' id='word_1_792' title='bbox 1448 5696 1560 5763; x_wconf 76' lang='lat' dir='ltr'><strong>ejus</strong></span> <span class='ocrx_word' id='word_1_793' title='bbox 1607 5694 1779 5763; x_wconf 82' lang='lat' dir='ltr'><strong>gulam</strong></span> <span class='ocrx_word' id='word_1_794' title='bbox 1819 5698 2134 5751; x_wconf 79' lang='lat' dir='ltr'><strong>transverbe-</strong></span> 
     </span>
    </p>
   </div>
   <div class='ocr_carea' id='block_1_107' title="bbox 2240 4622 3819 4694">
    <p class='ocr_par' dir='ltr' id='par_1_107' title="bbox 2240 4622 3819 4694">
     <span class='ocr_line' id='line_1_107' title="bbox 2240 4622 3819 4694; baseline 0.002 -18"><span class='ocrx_word' id='word_1_795' title='bbox 2240 4624 2407 4692; x_wconf 87' lang='lat' dir='ltr'><strong>magis</strong></span> <span class='ocrx_word' id='word_1_796' title='bbox 2437 4623 2489 4677; x_wconf 90' lang='lat' dir='ltr'><strong>in</strong></span> <span class='ocrx_word' id='word_1_797' title='bbox 2516 4622 2624 4679; x_wconf 90' lang='lat' dir='ltr'><strong>illis</strong></span> <span class='ocrx_word' id='word_1_798' title='bbox 2654 4624 2899 4694; x_wconf 83' lang='lat' dir='ltr'><strong>partibus</strong></span> <span class='ocrx_word' id='word_1_799' title='bbox 2936 4627 3165 4682; x_wconf 64' lang='lat' dir='ltr'><strong>saeviens</strong></span> <span class='ocrx_word' id='word_1_800' title='bbox 3215 4629 3381 4682; x_wconf 91' lang='lat' dir='ltr'><strong>multa</strong></span> <span class='ocrx_word' id='word_1_801' title='bbox 3421 4628 3538 4683; x_wconf 88' lang='lat' dir='ltr'><strong>loca</strong></span> <span class='ocrx_word' id='word_1_802' title='bbox 3582 4628 3819 4685; x_wconf 74' lang='lat' dir='ltr'><strong>devaSta-</strong></span> 
     </span>
    </p>
   </div>
   <div class='ocr_carea' id='block_1_108' title="bbox 2238 4713 3817 4787">
    <p class='ocr_par' dir='ltr' id='par_1_108' title="bbox 2238 4713 3817 4787">
     <span class='ocr_line' id='line_1_108' title="bbox 2238 4713 3817 4787; baseline 0.001 -18"><span class='ocrx_word' id='word_1_803' title='bbox 2238 4713 2334 4769; x_wconf 88' lang='lat' dir='ltr'><strong>bat</strong></span> <span class='ocrx_word' id='word_1_804' title='bbox 2364 4724 2415 4780; x_wconf 80' lang='grc' dir='ltr'><strong>ε,</strong></span> <span class='ocrx_word' id='word_1_805' title='bbox 2440 4717 2533 4771; x_wconf 90' lang='lat' dir='ltr'><strong>sed</strong></span> <span class='ocrx_word' id='word_1_806' title='bbox 2558 4717 2788 4771; x_wconf 81' lang='lat' dir='ltr'><strong>maxime</strong></span> <span class='ocrx_word' id='word_1_807' title='bbox 2817 4716 2957 4787; x_wconf 92' lang='lat' dir='ltr'><strong>apud</strong></span> <span class='ocrx_word' id='word_1_808' title='bbox 2994 4719 3179 4773; x_wconf 87' lang='lat' dir='ltr'><strong>urbem</strong></span> <span class='ocrx_word' id='word_1_809' title='bbox 3206 4717 3612 4774; x_wconf 83' lang='lat' dir='ltr'><strong>Narbonensem</strong></span> <span class='ocrx_word' id='word_1_810' title='bbox 3640 4716 3673 4756; x_wconf 83' lang='grc' dir='ltr'><strong>¹ι</strong></span> <span class='ocrx_word' id='word_1_811' title='bbox 3698 4720 3817 4773; x_wconf 83' lang='lat' dir='ltr'><strong>vali-</strong></span> 
     </span>
    </p>
   </div>
   <div class='ocr_carea' id='block_1_109' title="bbox 2238 4810 3817 4888">
    <p class='ocr_par' dir='ltr' id='par_1_109' title="bbox 2238 4810 3817 4888">
     <span class='ocr_line' id='line_1_109' title="bbox 2238 4810 3817 4888; baseline 0.005 -24"><span class='ocrx_word' id='word_1_812' title='bbox 2238 4810 2358 4865; x_wconf 89' lang='lat' dir='ltr'><strong>dius</strong></span> <span class='ocrx_word' id='word_1_813' title='bbox 2404 4811 2759 4883; x_wconf 68' lang='lat' dir='ltr'><strong>desteviebat,</strong></span> <span class='ocrx_word' id='word_1_814' title='bbox 2787 4824 2839 4870; x_wconf 91' lang='lat' dir='ltr'><strong>et</strong></span> <span class='ocrx_word' id='word_1_815' title='bbox 2877 4816 2988 4885; x_wconf 90' lang='lat' dir='ltr'><strong>jam</strong></span> <span class='ocrx_word' id='word_1_816' title='bbox 3034 4817 3195 4873; x_wconf 89' lang='lat' dir='ltr'><strong>tertio</strong></span> <span class='ocrx_word' id='word_1_817' title='bbox 3239 4832 3401 4887; x_wconf 91' lang='lat' dir='ltr'><strong>anno,</strong></span> <span class='ocrx_word' id='word_1_818' title='bbox 3433 4819 3577 4888; x_wconf 91' lang='lat' dir='ltr'><strong>quod</strong></span> <span class='ocrx_word' id='word_1_819' title='bbox 3621 4819 3817 4876; x_wconf 85' lang='lat' dir='ltr'><strong>ibidem</strong></span> 
     </span>
    </p>
   </div>
   <div class='ocr_carea' id='block_1_110' title="bbox 2235 4996 3819 5134">
    <p class='ocr_par' dir='ltr' id='par_1_110' title="bbox 2235 4996 3819 5134">
     <span class='ocr_line' id='line_1_110' title="bbox 2235 4996 3819 5134; baseline 0.005 -89"><span class='ocrx_word' id='word_1_820' title='bbox 2235 5006 2423 5134; x_wconf 39' lang='lat' dir='ltr'><strong>signa}.</strong></span> <span class='ocrx_word' id='word_1_821' title='bbox 2470 4996 2718 5065; x_wconf 76' lang='lat' dir='ltr'><strong>perfidam</strong></span> <span class='ocrx_word' id='word_1_822' title='bbox 2760 4997 2952 5052; x_wconf 76' lang='lat' dir='ltr'><strong>ducens</strong></span> <span class='ocrx_word' id='word_1_823' title='bbox 2995 4998 3168 5069; x_wconf 78' lang='lat' dir='ltr'><strong>quoad</strong></span> <span class='ocrx_word' id='word_1_824' title='bbox 3205 5000 3331 5054; x_wconf 73' lang='lat' dir='ltr'><strong>vixit</strong></span> <span class='ocrx_word' id='word_1_825' title='bbox 3374 5002 3555 5067; x_wconf 76' lang='lat' dir='ltr'><strong>vitam,</strong></span> <span class='ocrx_word' id='word_1_826' title='bbox 3588 5017 3708 5057; x_wconf 76' lang='lat' dir='ltr'><strong>eam</strong></span> <span class='ocrx_word' id='word_1_827' title='bbox 3752 5001 3819 5056; x_wconf 72' lang='lat' dir='ltr'><strong>sic</strong></span> 
     </span>
     <span class='ocr_line' id='line_1_111' title="bbox 2257 5082 2419 5118; baseline 0.006 -1"><span class='ocrx_word' id='word_1_828' title='bbox 2257 5082 2377 5118; x_wconf 73' lang='grc' dir='ltr'><strong>ιηιυι</strong></span> <span class='ocrx_word' id='word_1_829' title='bbox 2405 5104 2419 5118; x_wconf 74' lang='grc' dir='ltr'><strong>ο</strong></span> 
     </span>
    </p>
   </div>
   <div class='ocr_carea' id='block_1_111' title="bbox 2257 5082 2419 5118">
    <p class='ocr_par' dir='ltr' id='par_1_111' title="bbox 2257 5082 2419 5118">
     <span class='ocr_line' id='line_1_112' title="bbox 2257 5082 2419 5118; baseline 0.006 -1"><span class='ocrx_word' id='word_1_830' title='bbox 2257 5082 2419 5118; x_wconf 79' lang='lat' dir='ltr'><strong>tmvu.</strong></span> 
     </span>
    </p>
   </div>
   <div class='ocr_carea' id='block_1_112' title="bbox 2312 5133 3817 5210">
    <p class='ocr_par' dir='ltr' id='par_1_112' title="bbox 2312 5133 3817 5210">
     <span class='ocr_line' id='line_1_113' title="bbox 2312 5133 3817 5210; baseline 0.003 -21"><span class='ocrx_word' id='word_1_831' title='bbox 2312 5133 2330 5171; x_wconf 74' lang='grc' dir='ltr'><strong>ί</strong></span> <span class='ocrx_word' id='word_1_832' title='bbox 2371 5136 2673 5210; x_wconf 85' lang='lat' dir='ltr'><strong>Carpitania</strong></span> <span class='ocrx_word' id='word_1_833' title='bbox 2704 5153 2827 5207; x_wconf 85' lang='lat' dir='ltr'><strong>pars</strong></span> <span class='ocrx_word' id='word_1_834' title='bbox 2856 5148 2973 5193; x_wconf 90' lang='lat' dir='ltr'><strong>erat</strong></span> <span class='ocrx_word' id='word_1_835' title='bbox 3012 5142 3208 5195; x_wconf 89' lang='lat' dir='ltr'><strong>veteris</strong></span> <span class='ocrx_word' id='word_1_836' title='bbox 3238 5142 3530 5210; x_wconf 61' lang='lat' dir='ltr'><strong>provincias</strong></span> <span class='ocrx_word' id='word_1_837' title='bbox 3556 5142 3817 5197; x_wconf 85' lang='lat' dir='ltr'><strong>Tarraco-</strong></span> 
     </span>
    </p>
   </div>
   <div class='ocr_carea' id='block_1_113' title="bbox 2238 5208 3817 5279">
    <p class='ocr_par' dir='ltr' id='par_1_113' title="bbox 2238 5208 3817 5279">
     <span class='ocr_line' id='line_1_114' title="bbox 2238 5208 3817 5279; baseline 0.006 -20"><span class='ocrx_word' id='word_1_838' title='bbox 2238 5209 2441 5279; x_wconf 81' lang='lat' dir='ltr'><strong>nensis,</strong></span> <span class='ocrx_word' id='word_1_839' title='bbox 2468 5208 2519 5261; x_wconf 90' lang='lat' dir='ltr'><strong>in</strong></span> <span class='ocrx_word' id='word_1_840' title='bbox 2551 5224 2617 5262; x_wconf 92' lang='lat' dir='ltr'><strong>eo</strong></span> <span class='ocrx_word' id='word_1_841' title='bbox 2640 5218 2806 5261; x_wconf 82' lang='lat' dir='ltr'><strong>tractu</strong></span> <span class='ocrx_word' id='word_1_842' title='bbox 2833 5210 3081 5265; x_wconf 71' lang='lat' dir='ltr'><strong>Castella:</strong></span> <span class='ocrx_word' id='word_1_843' title='bbox 3109 5208 3280 5276; x_wconf 58' lang='lat' dir='ltr'><strong>nova},</strong></span> <span class='ocrx_word' id='word_1_844' title='bbox 3308 5212 3393 5265; x_wconf 76' lang='lat' dir='ltr'><strong>ubi</strong></span> <span class='ocrx_word' id='word_1_845' title='bbox 3420 5212 3561 5268; x_wconf 77' lang='lat' dir='ltr'><strong>ntinc</strong></span> <span class='ocrx_word' id='word_1_846' title='bbox 3594 5230 3721 5279; x_wconf 86' lang='lat' dir='ltr'><strong>pars</strong></span> <span class='ocrx_word' id='word_1_847' title='bbox 3740 5222 3817 5268; x_wconf 75' lang='lat' dir='ltr'><strong>est</strong></span> 
     </span>
    </p>
   </div>
   <div class='ocr_carea' id='block_1_114' title="bbox 2237 5277 3817 5354">
    <p class='ocr_par' dir='ltr' id='par_1_114' title="bbox 2237 5277 3817 5354">
     <span class='ocr_line' id='line_1_115' title="bbox 2237 5277 3817 5354; baseline 0.003 -25"><span class='ocrx_word' id='word_1_848' title='bbox 2237 5277 2495 5354; x_wconf 72' lang='lat' dir='ltr'><strong>Algarrim</strong></span> <span class='ocrx_word' id='word_1_849' title='bbox 2526 5288 2601 5354; x_wconf 87' lang='lat' dir='ltr'><strong>_et</strong></span> <span class='ocrx_word' id='word_1_850' title='bbox 2647 5280 2878 5348; x_wconf 79' lang='lat' dir='ltr'><strong>regionis</strong></span> <span class='ocrx_word' id='word_1_851' title='bbox 2927 5282 2979 5354; x_wconf 64' lang='lat' dir='ltr'><strong>lg</strong></span> <span class='ocrx_word' id='word_1_852' title='bbox 3023 5280 3269 5354; x_wconf 68' lang='lat' dir='ltr'><strong>Manche,</strong></span> <span class='ocrx_word' id='word_1_853' title='bbox 3298 5296 3489 5338; x_wconf 81' lang='lat' dir='ltr'><strong>versus</strong></span> <span class='ocrx_word' id='word_1_854' title='bbox 3518 5277 3722 5354; x_wconf 83' lang='lat' dir='ltr'><strong>Tagum</strong></span> <span class='ocrx_word' id='word_1_855' title='bbox 3766 5291 3817 5337; x_wconf 86' lang='lat' dir='ltr'><strong>et</strong></span> 
     </span>
    </p>
   </div>
   <div class='ocr_carea' id='block_1_115' title="bbox 2237 5350 3819 5473">
    <p class='ocr_par' dir='ltr' id='par_1_115' title="bbox 2237 5350 3819 5473">
     <span class='ocr_line' id='line_1_116' title="bbox 2237 5350 3819 5472; baseline 0.004 -74"><span class='ocrx_word' id='word_1_856' title='bbox 2237 5352 2431 5472; x_wconf 45' lang='lat' dir='ltr'><strong>agas,</strong></span> <span class='ocrx_word' id='word_1_857' title='bbox 2454 5350 2604 5420; x_wconf 88' lang='lat' dir='ltr'><strong>cujus</strong></span> <span class='ocrx_word' id='word_1_858' title='bbox 2623 5360 2782 5418; x_wconf 91' lang='lat' dir='ltr'><strong>caput</strong></span> <span class='ocrx_word' id='word_1_859' title='bbox 2800 5361 2919 5406; x_wconf 90' lang='lat' dir='ltr'><strong>erat</strong></span> <span class='ocrx_word' id='word_1_860' title='bbox 2937 5352 3205 5423; x_wconf 87' lang='lat' dir='ltr'><strong>Toletum,</strong></span> <span class='ocrx_word' id='word_1_861' title='bbox 3226 5354 3354 5409; x_wconf 90' lang='lat' dir='ltr'><strong>urbs</strong></span> <span class='ocrx_word' id='word_1_862' title='bbox 3376 5355 3459 5408; x_wconf 88' lang='lat' dir='ltr'><strong>vel</strong></span> <span class='ocrx_word' id='word_1_863' title='bbox 3480 5370 3584 5410; x_wconf 91' lang='lat' dir='ltr'><strong>suo</strong></span> <span class='ocrx_word' id='word_1_864' title='bbox 3600 5350 3819 5411; x_wconf 75' lang='lat' dir='ltr'><strong>immitte</strong></span> 
     </span>
     <span class='ocr_line' id='line_1_117' title="bbox 2322 5436 2485 5473; baseline 0.006 -1"><span class='ocrx_word' id='word_1_865' title='bbox 2322 5436 2350 5472; x_wconf 89' lang='lat' dir='ltr'><strong>e</strong></span> <span class='ocrx_word' id='word_1_866' title='bbox 2393 5436 2485 5473; x_wconf 76' lang='lat' dir='ltr'><strong>HS.</strong></span> 
     </span>
    </p>
   </div>
   <div class='ocr_carea' id='block_1_116' title="bbox 2242 5491 3819 5611">
    <p class='ocr_par' dir='ltr' id='par_1_116' title="bbox 2242 5491 3819 5611">
     <span class='ocr_line' id='line_1_118' title="bbox 2242 5491 3819 5611; baseline 0.003 -69"><span class='ocrx_word' id='word_1_867' title='bbox 2242 5498 2339 5611; x_wconf 56' lang='lat' dir='ltr'><strong>se;</strong></span> <span class='ocrx_word' id='word_1_868' title='bbox 2374 5494 2462 5544; x_wconf 85' lang='lat' dir='ltr'><strong>Sic</strong></span> <span class='ocrx_word' id='word_1_869' title='bbox 2492 5492 2677 5560; x_wconf 78' lang='lat' dir='ltr'><strong>Regm.</strong></span> <span class='ocrx_word' id='word_1_870' title='bbox 2706 5491 2809 5545; x_wconf 88' lang='lat' dir='ltr'><strong>Alii</strong></span> <span class='ocrx_word' id='word_1_871' title='bbox 2835 5533 2851 5559; x_wconf 94' lang='lat'><strong>,</strong></span> <span class='ocrx_word' id='word_1_872' title='bbox 2880 5509 2969 5563; x_wconf 79' lang='lat' dir='ltr'><strong>per</strong></span> <span class='ocrx_word' id='word_1_873' title='bbox 2995 5493 3272 5550; x_wconf 67' lang='lat' dir='ltr'><strong>locazem&#39;m</strong></span> <span class='ocrx_word' id='word_1_874' title='bbox 3300 5497 3410 5567; x_wconf 79' lang='lat' dir='ltr'><strong>ejus</strong></span> <span class='ocrx_word' id='word_1_875' title='bbox 3437 5497 3546 5551; x_wconf 73' lang='lat' dir='ltr'><strong>lues</strong></span> <span class='ocrx_word' id='word_1_876' title='bbox 3574 5497 3819 5561; x_wconf 71' lang='lat' dir='ltr'><strong>vastabat,</strong></span> 
     </span>
    </p>
   </div>
   <div class='ocr_carea' id='block_1_117' title="bbox 2293 5628 3819 5710">
    <p class='ocr_par' dir='ltr' id='par_1_117' title="bbox 2293 5628 3819 5710">
     <span class='ocr_line' id='line_1_119' title="bbox 2293 5628 3819 5710; baseline 0.004 -27"><span class='ocrx_word' id='word_1_877' title='bbox 2293 5628 2338 5710; x_wconf 37' lang='grc' dir='ltr'><strong>,ιι</strong></span> <span class='ocrx_word' id='word_1_878' title='bbox 2368 5630 2543 5710; x_wconf 76' lang='lat' dir='ltr'><strong>Narbo</strong></span> <span class='ocrx_word' id='word_1_879' title='bbox 2586 5632 2809 5710; x_wconf 73' lang='lat' dir='ltr'><strong>aliaeque</strong></span> <span class='ocrx_word' id='word_1_880' title='bbox 2836 5633 2995 5688; x_wconf 88' lang='lat' dir='ltr'><strong>urbes</strong></span> <span class='ocrx_word' id='word_1_881' title='bbox 3042 5635 3383 5710; x_wconf 58' lang='lat' dir='ltr'><strong>Semimanize</strong></span> <span class='ocrx_word' id='word_1_882' title='bbox 3417 5646 3541 5693; x_wconf 90' lang='lat' dir='ltr'><strong>tunc</strong></span> <span class='ocrx_word' id='word_1_883' title='bbox 3571 5636 3819 5707; x_wconf 79' lang='lat' dir='ltr'><strong>temporis</strong></span> 
     </span>
    </p>
   </div>
   <div class='ocr_carea' id='block_1_118' title="bbox 2242 5700 3763 5779">
    <p class='ocr_par' dir='ltr' id='par_1_118' title="bbox 2242 5700 3763 5779">
     <span class='ocr_line' id='line_1_120' title="bbox 2242 5700 3763 5779; baseline 0.005 -26"><span class='ocrx_word' id='word_1_884' title='bbox 2242 5700 2508 5770; x_wconf 70' lang='lat' dir='ltr'><strong>Ilispanite</strong></span> <span class='ocrx_word' id='word_1_885' title='bbox 2536 5702 2923 5772; x_wconf 87' lang='lat' dir='ltr'><strong>tribuebantur,</strong></span> <span class='ocrx_word' id='word_1_886' title='bbox 2955 5710 3095 5777; x_wconf 82' lang='lat' dir='ltr'><strong>quod</strong></span> <span class='ocrx_word' id='word_1_887' title='bbox 3126 5705 3464 5778; x_wconf 83' lang='lat' dir='ltr'><strong>Wisiguttltis</strong></span> <span class='ocrx_word' id='word_1_888' title='bbox 3490 5700 3763 5779; x_wconf 74' lang='lat' dir='ltr'><strong>parerent.</strong></span> 
     </span>
    </p>
   </div>
  </div>
