3942 6190
599 317 704 371 405

1563 314 1619 368 S.
1664 313 1990 369 GREGOllll
2035 305 2340 364 EPISCOl’l
2381 307 2811 368 TURONENSIS

3722 313 3825 367 ιυι

597 426 850 496 expulsus
879 434 979 487 est,
1010 424 1092 478 vel
1127 432 1389 492 receptus.
1436 424 1673 478 Clericus
1716 424 1928 492 quidam
1962 419 2166 477 exslitil
2194 423 2238 474 Α
2271 426 2541 488 totumque
2572 434 2766 488 corpus
2798 431 3027 476 tremore
3059 422 3421 491 quatiebatur;
3449 422 3543 477 sed
3573 432 3625 477 et
3647 439 3825 483 manus

596 535 660 575 ex
688 516 1077 572 Cenomannica
1121 516 1269 577 urbe,
1302 516 1603 569 luxurio-us
1635 516 1819 579 nimis,
1850 525 2161 581 amatorque

596 612 898 674 mulierum,
924 619 977 663 et
999 608 1134 678 gula:
1161 623 1222 661 ac
1252 606 1634 668 fornicationis,
1659 607 1909 674 omnique
1937 607 2157 658 immun-

595 702 739 757 ditize
785 701 937 756 valde
974 700 1201 753 deditus.
1255 698 1351 752 Hic
1399 697 1605 750 mulieri
1642 697 1745 768 [ΑΙ.
1778 695 2038 769 mulieris]
2068 712 2159 750 cus

589 790 802 862 jusdam
856 791 1050 859 saepius
1097 798 1272 843 scorto
1318 789 1662 852 commixtus,
1715 803 1920 842 comam
1973 790 2159 856 capitis

597 884 844 948 totondit,
890 890 1197 950 mutatoque
1225 880 1361 934 virili
1408 880 1587 934 habitu
1622 888 1671 944 ⁸,
1699 894 1876 934 secum
1921 882 1969 932 in
2001 881 2157 933 aliam

594 974 861 1027 civitatem
911 972 1150 1037 deduxit,
1178 982 1237 1025 ut
1264 969 1495 1039 suSpicio
1543 970 1785 1023 adulterii
1836 971 2155 1034 auferretur,

591 1079 711 1119 cum
753 1067 889 1119 inter
928 1064 1222 1132 incognitos
1256 1062 1571 1117 devenisset.
1620 1062 1745 1116 Erat
1783 1063 1925 1116 enim
1970 1064 2158 1116 mulier

594 1160 821 1226 ingenua
863 1171 1079 1225 genere,
1103 1165 1157 1210 et
1203 1155 1269 1209 de
1318 1155 1470 1208 bonis
1496 1162 1611 1207 orta
1639 1154 1964 1222 parentibus.
1996 1155 2156 1207 Com-

592 1256 744 1316 perto
787 1256 960 1301 autent
1016 1258 1133 1316 post
1180 1246 1294 1300 dies
1342 1246 1535 1298 multos
1592 1245 1867 1313 propinqui
1897 1244 2011 1311 ejus
2039 1260 2156 1314 qua:

594 1348 710 1391 acta
759 1336 988 1401 fuerant,
1039 1336 1105 1391 ad
1148 1336 1503 1389 ulciscendam
1553 1334 1899 1389 humilitatem
1946 1334 2155 1402 generis

590 1427 672 1480 sui
716 1427 952 1481 velocius
996 1435 1299 1495 properant,
1336 1435 1711 1493 repertumque
1757 1426 2009 1479 clericum
2041 1427 2155 1478 vin-

592 1528 735 1571 ctum
778 1518 1032 1573 custodite
1059 1518 1392 1585 mancipant;
1427 1517 1698 1571 mulierem
1732 1531 1855 1569 vero
1883 1504 2153 1585 igni'eon-

595 1617 832 1663 sumunt.
868 1609 952 1672 Et,
981 1609 1117 1663 sieut
1145 1609 1288 1675 cogit
1334 1608 1445 1661 auri
1494 1621 1641 1660 saera
1688 1606 1876 1669 fames,
1903 1606 2152 1659 clericum

592 1702 693 1755 sub
719 1700 890 1769 pretio
915 1700 1204 1755 venundari
1236 1707 1539 1766 procurant,
1560 1713 1620 1751 ea
1647 1696 1897 1751 videlicet
1928 1697 2149 1762 ratione,

2268 510 2468 579 absque
2517 512 2714 567 virtute
2761 522 2932 577 erant,
2967 523 3021 567 et
3048 529 3167 580 quae
3207 513 3456 582 optabam
3484 515 3700 579 implere
3727 531 3825 571 non

2268 614 2502 668 poteram
2530 622 2542 653 :
2574 618 2693 655 cum
2725 618 2853 656 vero
2898 617 3085 657 manus
3132 604 3521 672 deposuissem,
3552 604 3681 658 nihil
3710 607 3825 661 mali

2266 694 2555 747 sentiebam
2579 694 2815 747 omnino.
2850 692 3083 763 Cognovi
3111 694 3251 748 enim
3281 693 3531 760 quoniam
3562 704 3728 747 tecum
3747 703 3825 747 est

2269 784 2542 853 Dominus,
2566 801 2630 839 eo
2662 785 2798 853 quod
2828 802 2931 839 non
2962 785 3104 854 potui
3131 786 3327 854 aliquid
3352 785 3448 839 tibi
3473 800 3686 839 nocere.
3709 784 3825 839 Htec

2264 894 2327 929 eo
2357 879 2587 945 dicente,
2619 879 2763 932 flevit
2802 882 3071 943 sacerdos,
3108 880 3389 948 imponens
3432 879 3697 934 silentium
3725 879 3825 932 cle-

2264 972 2392 1033 rico,
2428 986 2777 1040 reversusque
2804 972 3019 1025 domum
3062 986 3229 1026 caena:
3249 971 3539 1025 discubuit.
3568 972 3678 1038 Qua
3703 986 3823 1027 exa-

2262 1072 2365 1123 cta,
2399 1063 2451 1115 iu
2481 1072 2646 1115 strato
2670 1077 2766 1115 suo
2793 1064 3027 1131 quievit,
3061 1062 3259 1116 habens
3286 1064 3424 1118 circa
3456 1064 3652 1117 lectum
3681 1080 3823 1118 suum

2263 1151 2455 1204 multos
2500 1151 2720 1205 lectulos
2764 1151 3077 1205 clericorum
3117 1162 3165 1205 ε.
3212 1151 3449 1221 Denique
3500 1152 3659 1206 diffisi
3688 1152 3821 1208 bide

2265 1242 2423 1311 313
2453 1242 2666 1306 clerico,
2702 1258 2794 1309 per
2816 1258 2876 1297 se
2905 1242 3053 1297 nefas
3077 1243 3331 1309 perﬁcere
3360 1244 3677 1313 cogitantes,
3700 1259 3821 1299 nova

2259 1344 2564 1399 argumenta
2597 1332 2979 1395 machinantur,
3010 1349 3104 1402 per
3132 1349 3271 1402 quae,
3296 1343 3387 1388 aut
3414 1350 3536 1388 eum
3562 1336 3611 1388 vi
3637 1337 3822 1391 exstin-

2257 1434 2505 1491 guerent,
2532 1436 2624 1478 aut
2650 1434 2795 1479 certe
2823 1427 3048 1491 crimen,
3078 1442 3182 1494 quo
3220 1442 3251 1480 a
3282 1426 3584 1483 sacerdOtio
3613 1428 3820 1482 divelle-

2260 1526 2436 1577 retur,
2468 1514 2824 1584 imponerent.
2883 1515 3089 1570 Interea
3142 1519 3535 1585 quiescentibus
3587 1521 3821 1584 cunctis,

2259 1607 2431 1661 media
2465 1608 2578 1661 fere
2627 1618 2783 1663 nocte
2829 1610 3130 1664 cubiculum
3176 1611 3469 1665 sacerdotis
3513 1613 3821 1681 irrumpunt,

2258 1698 2614 1752 exclamantes
2665 1714 2796 1753 voce
2848 1716 3065 1771 magna,
3100 1711 3258 1771 atque
3283 1704 3517 1757 dicentes
3551 1704 3744 1759 vidisse
3770 1720 3822 1760 se

591 1804 649 1848 ut
678 1804 767 1848 aut
792 1804 933 1849 esset
960 1794 1049 1863 qui
1080 1792 1385 1855 redimeret,
1410 1800 1502 1845 aut
1530 1801 1674 1845 certe
1698 1791 1851 1843 morti
1878 1791 2151 1845 addicere-
2180 1798 2227 1855 Β
2257 1789 2531 1843 mulierem
2562 1805 2589 1840 a
2622 1790 2869 1844 cubiculo
2900 1792 3102 1859 egredi,
3135 1793 3407 1863 ipsamque
3442 1796 3511 1847 ob
3541 1797 3643 1849 hoc
3670 1796 3821 1849 dimi-

593 1898 677 1939 tur
716 1886 998 1940 obnoxius.
1040 1883 1276 1952 Cumque
1310 1883 1422 1936 hmc
1444 1882 1690 1957 Etherio
1708 1883 1957 1950 episcopo
1983 1882 2153 1934 delata

589 1978 838 2044 fuissent,
868 1974 1224 2031 misericordia
1275 1983 1484 2038 motus,
1515 1972 1653 2027 datis
1692 1972 1872 2041 viginti
1904 1972 2080 2025 aureis
2104 1970 2151 2035 δ,

588 2082 709 2121 eum
750 2066 815 2120 ab
849 2066 1139 2121 imminenti
1172 2065 1367 2120 exemit
1414 2065 1651 2117 interitu.
1688 2062 1847 2131 Igitur
1877 2073 2153 2131 postquam

587 2162 709 2213 vita:
731 2159 954 2213 donatus
978 2168 1080 2224 est,
1099 2157 1299 2225 profert
1323 2172 1381 2211 se
1404 2158 1693 2209 litterarum
1716 2170 1833 2208 esse
1858 2156 2152 2216 doctorem,

590 2252 903 2319 promittens
946 2249 1232 2311 sacerdoti,
1261 2247 1400 2315 quod
1449 2249 1494 2299 si
1543 2248 1591 2300 ei
1638 2261 1832 2315 pueros
1862 2246 2151 2315 delegaret,

590 2345 854 2414 perfectos
900 2358 993 2396 eos
1047 2343 1098 2395 in
1149 2343 1340 2395 litteris
1394 2342 1657 2395 redderet.
1719 2340 1941 2395 Gavisus
1970 2344 2153 2395 auditu

588 2433 859 2496 sacerdos,
884 2447 1074 2501 pueros
1097 2430 1323 2486 civitatis
1350 2430 1587 2499 collegit,
1620 2430 1827 2498 ipsique
1849 2430 2058 2497 delegat
2086 2431 2153 2484 ad

588 2524 909 2580 docendum.
942 2523 1179 2591 Denique
1206 2537 1324 2576 cum
1352 2520 1460 2589 jam
1489 2521 1840 2573 honoraretur
1866 2535 1895 2573 a
1923 2521 2147 2579 civibus,

588 2626 644 2673 et
669 2614 898 2686 pontifex
917 2616 961 2669 ei
980 2614 1173 2683 aliquid
1197 2623 1354 2667 terrae
1375 2614 1755 2678 vinearumque
1786 2612 1999 2680 largitus
2023 2613 2151 2667 fuis-

590 2719 695 2773 set,
711 2723 772 2763 ac
800 2722 893 2775 per
911 2707 1098 2761 domos
1114 2717 1388 2775 parentum
1419 2705 1577 2774 312
1603 2718 1783 2758 eorum
1799 2716 1931 2771 quos
1946 2701 2153 2756 erudie-

588 2801 701 2864 bat,
729 2799 1059 2860 invitaretur,
1090 2810 1339 2850 reversus
1368 2794 1431 2848 ad
1460 2796 1738 2857 vomitum,
1759 2792 1915 2846 unius
1946 2792 2151 2859 pueruli

586 2899 842 2950 matrem,
876 2889 1153 2941 immemor
1198 2883 1484 2939 anterioris
1532 2883 1766 2953 iujurite,
1801 2882 2147 2950 concupiscit.

589 2983 738 3050 Quod
764 2997 884 3037 cum
914 2982 1099 3050 pudica
1131 2980 1247 3033 viro
1278 2979 1467 3033 mulier
1508 2978 1851 3040 declarasset,
1884 2974 2149 3043 conjuncti

586 3084 832 3143 parentes
855 3074 969 3142 ejus
989 3070 1313 3141 gravissimis
1330 3069 1580 3123 clericum
1614 3067 1891 3122 tormentis
1918 3064 2149 3119 subden-

2256 1884 2410 1944 sissc,
2442 1882 2566 1935 dum
2597 1882 2662 1935 ad
2695 1884 2998 1951 episcopum
3051 1883 3412 1939 festinassent.
3451 1886 3515 1939 Et
3545 1902 3676 1941 sane
3712 1902 3822 1956 pars

2258 1975 2371 2026 ltzec
2400 1971 2424 2008 ἀ
2456 1984 2508 2025 et
2536 1974 2814 2026 consilium
2844 1974 3039 2029 diaboli
3072 1975 3207 2043 fuit,
3238 1987 3295 2029 ut
3339 1978 3389 2029 in
3422 1976 3513 2030 tali
3545 1987 3701 2032 aetate
3726 1980 3822 2031 cri-

2258 2080 2377 2118 men
2410 2066 2741 2133 imponerent
2767 2066 3052 2131 sacerdoti,
3078 2069 3165 2136 qui
3195 2076 3311 2122 erat
3354 2068 3465 2121 fere
3495 2072 3819 2139 septuaginta

2256 2168 2534 2207 annorum.
2565 2154 2670 2208 Nec
2696 2169 2844 2207 mora
2868 2197 2882 2220 ,
2915 2156 3202 2225 conjuncto
3245 2172 3423 2212 secum
3458 2161 3650 2213 iterum
3680 2170 3820 2215 ante-

2255 2244 2398 2298 dicto
2428 2244 2641 2309 clerico,
2672 2246 2915 2315 alligatur
2960 2249 3213 2303 sacerdos
3242 2252 3444 2304 catenis
3471 2253 3538 2304 ab
3567 2251 3685 2321 ejus
3714 2269 3821 2307 ma-

2256 2335 2430 2400 nibus,
2464 2336 2529 2390 de
2557 2336 2706 2404 cujus
2738 2338 2875 2390 collo
2912 2340 3106 2406 saepius
3152 2341 3364 2394 vincula
3396 2341 3739 2407 discusserat,
3768 2353 3819 2397 et

2254 2426 2433 2480 arduze
2457 2428 2715 2481 custodite
2758 2428 3088 2495 mancipatur
3116 2429 3183 2483 ab
3206 2445 3291 2494 eo,
3320 2446 3476 2499 quem
3504 2431 3571 2485 de
3600 2432 3819 2487 ctenOsis

2254 2518 2558 2572 carceribus
2586 2521 2893 2586 p'erumqne
2922 2519 3257 2575 liberaverat.
3288 2526 3354 2575 At
3381 2522 3469 2576 ille
3496 2538 3817 2593 cognoscens

2254 2611 2497 2666 inimicos
2526 2612 2625 2665 sibi
2653 2612 2998 2667 vehementer
3026 2614 3335 2677 invaluisse,
3372 2614 3574 2668 Domini
3606 2615 3819 2669 miseri-

2253 2702 2487 2754 cordiam
2523 2716 2642 2755 cum
2690 2702 2937 2773 lacrymis
2965 2705 3015 2755 in
3046 2704 3248 2757 vincula
3280 2716 3582 2773 compactus
3612 2716 3817 2759 exorat.

2256 2792 2370 2846 Mox
2402 2792 2772 2860 opprimuntur
2799 2808 2988 2848 somno
3018 2796 3289 2859 custodes,
3318 2797 3607 2865 solutisque
3637 2798 3820 2852 divini-

2254 2891 2336 2935 tus
2366 2882 2575 2945 vinclis,
2606 2882 2673 2935 de
2701 2883 2936 2937 custodia
2969 2886 3210 2952 procedit
3242 2886 3511 2951 innoxius,
3543 2888 3819 2941 noxiorum

2253 2974 2710 3042 frequentissimus
2728 2975 2980 3029 liberator
3002 2992 3016 3029 :
3036 2976 3229 3031 deinde
3244 2977 3500 3046 dilapsus,
3520 2978 3587 3031 ad
3607 2996 3819 3047 regnum

2252 3064 2637 3118 Guntcbramni
2666 3067 2804 3134 regis
2830 3068 3060 3120 transiit.
3093 3069 3208 3133 Quo
3238 3070 3569 3135 discedente,
3606 3072 3820 3127 liberius

587 3176 707 3231 tes,
737 3165 1043 3219 interimere
1090 3163 1385 3217 voluerunt.
1439 3163 1606 3225 Quem
1659 3160 1908 3214 sacerdos
1956 3160 2145 3212 iterum
2174 3161 2221 3223 ο
2246 3155 2357 3225 jam
2386 3156 2656 3225 conjuncti
2706 3159 2957 3213 satellites
3001 3159 3065 3213 ad
3112 3175 3289 3229 regem
3316 3163 3677 3232 Chilpericum
3711 3182 3821 3235 pro-

587 3251 946 3309 misericordia
988 3263 1195 3306 metus.
1229 3251 1541 3317 castigatum
1573 3248 1751 3302 verbis
1780 3247 1988 3300 lenibus
2015 3247 2147 3301 libe-

590 3341 761 3404 ravit,
796 3341 1089 3410 honorique
1120 3339 1367 3393 restituit.
1399 3339 1503 3393 Sed
1540 3354 1685 3392 mens
1724 3339 1851 3392 laeva
1882 3353 2145 3405 nunquam

587 3435 654 3489 ad
684 3433 972 3488 bonitatem
1005 3430 1175 3500 potuit
1217 3430 1481 3495 inclinari,
1515 3432 1606 3484 sed
1655 3430 1828 3498 potius
1858 3430 2026 3483 factus
2068 3439 2149 3484 est

588 3527 703 3594 eius
728 3524 991 3587 inimicus,
1023 3541 1052 3579 a
1079 3540 1182 3594 quo
1213 3525 1404 3591 saepius
1432 3524 1601 3576 fuerat
1639 3522 1703 3575 de
1745 3533 1911 3575 morte
1938 3522 2146 3575 redem-

589 3626 729 3683 ptus.
768 3612 1095 3684 Conjunctus
1135 3623 1215 3668 est
1244 3614 1383 3667 enim
1414 3611 1787 3665 archidiacono
1816 3611 2064 3676 civitatis,
2095 3619 2150 3665 et

587 3723 649 3764 se
677 3709 981 3777 episcopatu
1021 3707 1233 3775 dignum
1269 3707 1561 3772 proferens,
1600 3706 1904 3773 episcopum
1934 3705 2149 3757 molitur

586 3801 847 3855 occidere.
889 3800 1188 3867 Locatoque
1226 3798 1439 3862 clerico,
1478 3798 1563 3865 qui
1604 3812 1725 3849 eum
1766 3795 1993 3864 bipenne
2030 3809 2149 3861 per-

585 3901 808 3956 cuteret,
835 3894 934 3962 ipsi
973 3891 1164 3960 ubique
1201 3892 1526 3958 discurrunt,
1556 3892 1857 3952 mussitant,
1889 3889 2148 3941 amicitias

584 3987 719 4042 clam
743 3985 961 4054 illigant,
984 3985 1255 4053 proferunt
1280 3982 1518 4051 praemia,
1536 3991 1589 4035 ut
1606 3982 1648 4035 si
1675 3981 1925 4035 sacerdos
1950 3980 2143 4043 obiret,

587 4080 700 4148 ipse
725 4078 1051 4132 succederet.
1079 4077 1184 4133 Sed
1215 4076 1575 4130 misericordia
1610 4075 1816 4129 Domini
1846 4075 2149 4143 anticipavit

584 4184 766 4224 eorum
795 4168 1100 4237 perﬁdiam,
1133 4166 1606 4234 crudelitatemque
1642 4166 1938 4232 iniquorum
1971 4162 2143 4215 homi-

584 4276 708 4322 num
737 4260 904 4314 veloci
936 4259 1128 4327 pietate
1158 4258 1431 4327 repressit.
1476 4256 1571 4310 Die
1608 4270 1734 4309 vero
1765 4270 1869 4323 quo
1898 4253 2147 4315 sacerdos

582 4350 854 4417 operarios
888 4350 939 4401 in
970 4362 1096 4416 agro
1124 4354 1497 4417 aggregaverat
1525 4344 1589 4397 ad
1616 4344 1958 4407 sulcandum,
1988 4342 2146 4396 cleri-

582 4454 675 4493 cus
709 4438 1007 4493 antedictus
1049 4454 1171 4492 cum
1211 4437 1381 4492 securi
1427 4435 1763 4505 prosequitur
1809 4432 2142 4489 sacerdotem

2252 3258 2438 3316 perant
2484 3264 2579 3317 pro
2625 3251 2929 3318 episcopatu
2980 3254 3207 3321 petendo
3234 3296 3249 3320 ,
3282 3256 3444 3309 multa
3494 3257 3721 3313 crimina
3761 3259 3821 3312 de

2249 3339 2499 3407 episcopo
2548 3342 2963 3410 proloqueutes,
3017 3344 3273 3400 addentes
3317 3347 3535 3402 ista:ln
3585 3349 3689 3405 hoc
3737 3366 3821 3405 cc-

2251 3448 2465 3505 gnosce,
2494 3450 2585 3488 rex
2632 3434 3011 3503 gloriosissime
3034 3476 3047 3500 ,
3077 3451 3201 3490 vera
3227 3452 3345 3493 esse
3374 3439 3489 3493 huic
3538 3456 3659 3511 quae
3701 3443 3821 3497 dici—

2252 3540 2390 3589 mus,
2420 3526 2539 3592 quia
2586 3536 2809 3579 mortem
2860 3542 2953 3592 pro
3001 3528 3292 3583 sceleribus
3321 3530 3511 3587 timens
3554 3534 3619 3588 ad
3652 3534 3822 3588 fratris

2252 3617 2324 3668 tui
2378 3616 2585 3668 transiit
2614 3631 2857 3684 regnum.
2898 3617 3048 3683 Quod
3091 3619 3179 3673 ille
3224 3636 3326 3674 non
3359 3623 3607 3688 credens,
3636 3626 3737 3681 hos
3763 3626 3820 3679 ad

2250 3708 2515 3762 civitatem
2562 3710 2735 3763 redire
2758 3710 2925 3778 jubet.
2980 3711 3112 3765 Dum
3167 3713 3279 3766 haec
3311 3728 3620 3784 agerentur,
3653 3721 3820 3774 missu

2250 3803 2394 3857 cives
2422 3804 2487 3857 de
2514 3804 2739 3873 pastoris
2786 3805 3044 3869 absentia,
3086 3817 3471 3876 cognoscentes
3501 3810 3681 3863 omnia
3714 3826 3822 3880 qua:

2250 3894 2316 3960 de
2341 3908 2405 3946 eo
2435 3905 2547 3946 acta
2581 3894 2790 3948 fuerant
2828 3909 2921 3962 per
2961 3896 3210 3949 invidiam
3239 3905 3293 3951 et
3322 3899 3602 3951 avaritiam
3638 3914 3822 3969 perpe-

2251 3993 2411 4047 trata,
2442 3985 2833 4052 apprehensum
2863 4001 2982 4039 cum
3029 3988 3254 4041 satellite
3282 3988 3721 4044 arcltidiaconum
3746 3992 3821 4044 in-

2245 4075 2397 4144 jurite
2437 4076 2748 4141 subdentes,
2779 4079 2848 4131 ad
2881 4094 3059 4148 regem
3106 4080 3392 4148 petierunt,
3424 4093 3482 4135 ut
3526 4084 3820 4150 reciperent

2248 4168 2577 4223 sacerdotem
2610 4186 2785 4225 suum.
2821 4174 2887 4224 At
2937 4187 3033 4225 rex
3064 4172 3265 4239 legatos
3313 4173 3461 4225 fratri
3493 4188 3592 4225 suo
3623 4175 3819 4244 dirigit,

2248 4273 2493 4316 asserens
2521 4260 2651 4313 nihil
2673 4275 2730 4315 se
2752 4261 2989 4315 criminis
3014 4262 3065 4316 in
3090 4261 3346 4329 episcopo
3368 4264 3661 4330 reperisse.
3680 4263 3822 4317 Tunc

2249 4349 2677 4405 Guntcbramnus
2723 4366 2815 4405 rex
2843 4393 2857 4418 ,
2890 4361 2946 4405 ut
2969 4362 3084 4406 erat
3115 4352 3375 4421 benignus
3404 4363 3459 4406 et
3490 4354 3732 4420 proauus
3759 4356 3823 4408 ad

2249 4442 2630 4507 miserandum,
2658 4442 2820 4495 multa
2863 4442 2912 4496 ei
2943 4457 3163 4497 munera
3211 4442 3455 4507 contulit,
3484 4443 3617 4496 dans
3667 4446 3821 4498 etiam

582 4528 711 4584 nihil
753 4529 823 4584 de
872 4529 953 4584 bis
979 4530 1187 4596 penitus
1240 4530 1516 4584 scientem.
1564 4525 1798 4581 Tandem
1842 4524 2002 4596 igitur
2029 4526 2143 4581 hzec
2171 4534 2222 4592 D
2250 4532 2500 4600 epistolas
2544 4547 2638 4601 per
2672 4546 2856 4586 omnes
2882 4531 3163 4602 episcopos
3195 4534 3339 4603 regni
3372 4534 3476 4595 sui,
3506 4545 3564 4587 ut
3591 4537 3823 4605 peregri-

580 4620 1066 4687 advertens:Quid
1112 4631 1188 4685 tu,
1221 4621 1412 4690 inquit,
1461 4633 1549 4674 me
1595 4618 1849 4673 attentius
1878 4631 1998 4672 cum
2044 4618 2143 4672 bac

578 4714 809 4782 bipenne
839 4712 1210 4781 prosequeris?
1256 4716 1325 4766 At
1361 4712 1451 4766 ille
1492 4711 1685 4765 timore
1714 4708 2047 4777 perterritus,
2075 4708 2140 4762 ad

578 4818 748 4874 genua
773 4803 869 4858 viri
910 4802 1253 4871 provolvitur,
1285 4803 1470 4856 dicens
1496 4800 1706 4856 :Fortis
1735 4811 1872 4865 esto,
1894 4801 2141 4856 sacerdos

579 4895 696 4952 Dei.
719 4894 849 4949 Nam
880 4896 1023 4952 scias
1048 4908 1131 4953 me
1158 4894 1411 4949 emissum
1434 4893 1500 4947 ab
1522 4892 1894 4956 arcltidiacono
1916 4908 1977 4946 ac
2009 4909 2143 4960 pra:-

574 4998 813 5056 ceptore,
845 4996 902 5041 ut
930 4996 982 5042 te
1009 4986 1186 5040 securi
1214 4995 1565 5053 percuterem.
1617 4984 1767 5051 Quod
1797 4999 1915 5038 cum
1946 4986 2139 5051 saepius

576 5079 756 5135 facere
784 5081 1092 5139 voluissem.
1115 5088 1170 5133 et
1195 5080 1354 5132 ictum
1378 5078 1566 5131 dextra
1590 5092 1843 5144 suspensa
1869 5077 2135 5141 librarent,

578 5169 890 5238 tegebantur
913 5170 1146 5227 tenebris
1166 5170 1304 5232 oculi
1332 5170 1453 5235 mei,
1478 5178 1530 5222 et
1550 5182 1706 5237 aures
1730 5168 2132 5234 obserabautur,

578 5341 707 5396 teris
752 5344 999 5398 omnibus
1051 5344 1293 5407 habetur,
1338 5342 1462 5397 dicit
1491 5343 1686 5411 pariter
1726 5341 1794 5394 de
1840 5340 1894 5394 S.
1926 5340 2136 5393 Tetrico

577 5411 743 5473 episc.
795 5413 1139 5481 Lingonensi,
1170 5417 1434 5485 aqua"...
1466 5414 1758 5485 memoriam
1802 5411 2041 5477 fecimus;
2070 5412 2135 5465 de

576 5494 683 5548 quo
712 5492 883 5535 tamen
912 5486 1045 5548 apud
1071 5500 1189 5535 eum
1227 5483 1357 5536 nihil
1392 5483 1678 5536 invenitur.

594 5615 600 5623 Ι
646 5557 673 5623 _‘
707 5550 919 5623 _R_egm.,
951 5564 1238 5623 mutatoque
1267 5554 1478 5621 femineo
1506 5552 1679 5605 habitu
1707 5552 1757 5603 in
1788 5552 2001 5603 virilem.

646 5615 676 5661 ³
707 5615 845 5691 [dein
875 5622 1063 5684 codex,
1095 5615 1362 5691 argenteis.

652 5702 675 5747 ε
700 5689 853 5761 Juxta
880 5705 1138 5748 canonum
1159 5688 1571 5760 praescriptum,
1600 5689 1688 5759 qui
1717 5688 1898 5753 volunt
1928 5690 2132 5758 episco-

2246 4643 2369 4682 num
2415 4628 2591 4697 aliquo
2625 4637 2647 4664 θ
2673 4642 2768 4697 pro
2815 4626 2911 4683 Dei
2953 4627 3143 4682 intuitu
3191 4627 3616 4680 consolarentur.
3668 4626 3824 4698 315

2245 4720 2394 4773 Tunc
2445 4719 2759 4773 circumiens
2804 4716 3084 4780 civitates,
3132 4725 3273 4771 tanta
3320 4718 3425 4770 eia
3459 4718 3822 4772 sacerdotibus

2249 4811 2337 4862 Bei
2368 4809 2554 4863 collata
2590 4818 2729 4873 sunt,
2764 4817 2870 4861 tam
2910 4809 2962 4861 itt
3008 4809 3245 4862 vestibus
3272 4820 3428 4872 quam
3482 4808 3533 4859 in
3584 4820 3743 4871 auro,
3771 4819 3822 4860 ut

2244 4904 2326 4961 vix
2357 4902 2554 4955 civitati
2600 4917 2717 4970 qua:
2748 4908 3017 4955 meruerat
3047 4907 3225 4969 posset
3265 4899 3480 4963 inferri;
3515 4900 3822 4967 impletum-

2244 5014 2346 5065 que
2372 5006 2454 5050 est
2492 4996 2619 5049 illud
2649 4993 2787 5063 quod
2834 4993 2908 5046 ait
2958 4993 3279 5060 Apostolus:
3309 4991 3442 5056 Quia
3494 4992 3822 5062 diligentibus

2242 5090 2405 5142 Deum
2454 5089 2623 5141 omnia
2667 5095 2974 5139 concurrunt
3019 5086 3074 5137 in
3116 5086 3297 5137 bonum
3345 5084 3521 5153 (Rom.
3554 5101 3678 5149 vttt,
3708 5085 3820 5154 28).

2239 5183 2369 5237 Nam
2422 5182 2544 5235 huic
2590 5178 2947 5250 peregrinatio
2990 5176 3198 5231 divitias
3246 5176 3442 5242 attulit,
3472 5186 3527 5230 et
3574 5181 3821 5234 exsilium

2243 5351 2337 5403 pos
2383 5348 2592 5399 semper
2620 5332 2824 5403 habere
2858 5343 3037 5383 secum
3093 5336 3254 5403 testes
3287 5328 3805 5403 priva_t:e_su_:e_con-

2238 5398 2585 5465 versationis,
2617 5418 2736 5456 can.
2785 5399 2914 5452 Cum
2952 5401 3190 5468 pastoris,
3220 5398 3275 5459 ‘2,
3303 5415 3393 5466 qu.
3425 5398 3479 5449 7.
3503 5398 3615 5468 ΔίῘὶ
3656 5398 3813 5466 Greg.

2241 5476 2304 5529 M.
2342 5476 2435 5529 lib.
2488 5489 2558 5536 tv,
2590 5474 2744 5538 epist.
2778 5468 2867 5522 44.
2910 5466 3288 5539 Concellanens
3338 5466 3577 5539 appellat
3621 5468 3814 5539 syuod.

2240 5551 2388 5598 ttom.
2421 5546 2471 5597 in
2502 5536 2656 5597 causa
2686 5538 3015 5609 Symmachi,
3043 5536 3213 5609 cneci
3239 5538 3525 5607 syncellos.
3653 5536 3668 5539 '
3764 5574 3771 5583 .

2309 5614 2332 5650 ιι
2371 5613 2567 5673 tiasin.,
2598 5610 2661 5662 Et
2690 5607 2902 5663 insania:
2927 5624 3046 5677 pars
3070 5607 3205 5674 huic.

2311 5695 2331 5720 θ
2365 5686 2511 5748 “9.0.,
2539 5682 2753 5749 aliquid.
