3942 6190
174 298 279 356 ωδ

1126 308 1441 366 HISTORIA
1475 307 1917 364 FRANCORUM.
1962 314 2162 370 LIBER
2203 319 2483 376 SEXTUS.

3332 335 3441 390 ωδ

180 428 310 483 opes
352 415 564 469 multas
615 416 835 471 invexit.
889 418 1131 475 Posthaec
1176 424 1481 491 regrediens
1511 440 1539 476 a
1571 424 1773 481 civibus
1801 432 1854 487 A
1880 429 2061 485 urbem
2093 432 2383 488 Arvernam
2414 436 2671 503 residens,
2692 438 2949 508 judicium
2981 454 3269 506 emanaret,
3296 447 3440 502 scili-v

188 522 303 561 cum
334 507 426 559 tali
455 506 671 562 honore
699 521 981 578 susceptus
1007 523 1110 573 est.
1133 522 1191 567 ut
1220 529 1326 582 prta
1347 516 1538 584 gaudio
1560 515 1771 583 ﬁerent,

192 606 243 653 et
270 597 658 654 benedicerent
687 600 855 656 Deum
879 646 892 671 ,
925 618 1015 674 qut
1047 605 1257 660 tandem
1303 607 1543 661 ecclesiae
1571 620 1773 663 tantum

194 705 247 744 re
263 690 420 743 utituit
448 692 809 748 sacerdotem.

259 780 531 837 XXXVII.
566 784 859 853 Lupentins
890 795 915 823 ι
942 803 1070 843 vero
1117 788 1280 844 abbas
1323 790 1557 847 basilicze
1603 793 1772 847 sancti

189 871 384 926 Privati
416 874 677 944 martyris
708 876 856 930 urbis
888 873 1240 945 Gabalitatim,
1263 894 1292 932 a
1325 879 1663 935 Brunichilde
1689 897 1773 935 re-

188 963 305 1032 gina
338 966 678 1031 arcessitus,
707 967 950 1020 advenit.
976 968 1245 1022 lncusatus
1271 970 1411 1023 enim
1433 1013 1448 1038 ,
1474 980 1531 1025 ut
1561 971 1767 1037 ferunt,

186 1055 356 1108 fuerat
385 1055 459 1109 ab
485 1054 803 1112 Innocentio
851 1058 1169 1126 supradictae
1199 1060 1344 1113 urbis
1372 1063 1567 1115 comite
1588 1104 1602 1128 ,
1631 1063 1771 1132 quod

186 1144 470 1214 profanum
484 1145 687 1215 aliquid
702 1146 888 1202 effatus
901 1149 967 1203 de
979 1149 1161 1218 regina
1177 1150 1379 1205 fuisset.
1394 1152 1497 1207 Sed
1514 1153 1770 1209 discussis

187 1236 385 1301 causis,
415 1251 540 1290 cum
574 1236 706 1291 nihil
737 1238 806 1293 de
834 1239 1057 1294 crimine
1087 1240 1380 1310 majestatis
1407 1245 1654 1299 conscius
1681 1261 1769 1301 es-

186 1339 266 1383 set
298 1332 582 1397 inventus,
614 1332 890 1388 discedere
917 1334 1096 1401 jussus
1137 1343 1236 1389 est.
1270 1336 1462 1390 Verum
1504 1338 1595 1392 ubi
1629 1339 1765 1393 viam

183 1436 407 1488 carpere
430 1423 615 1491 cmpit,
646 1424 838 1478 iterum
873 1424 939 1477 ab
969 1427 1238 1480 antedicto
1262 1428 1457 1482 comite
1486 1440 1690 1497 captus,
1714 1440 1766 1485 et

181 1514 248 1567 ad
281 1516 640 1570 Ponticonem
662 1518 841 1571 villam
872 1518 1150 1584 deductus,
1178 1520 1359 1574 multis
1390 1522 1661 1590 suppliciis
1685 1532 1767 1577 est

182 1606 444 1673 affectus;
477 1608 838 1676 dimissusque
884 1610 1074 1664 iterum
1106 1621 1161 1666 ut
1189 1613 1421 1677 rediret,
1455 1629 1575 1667 cum
1606 1629 1765 1682 super

180 1700 429 1751 Axonam
462 1698 679 1753 ﬂuvium
718 1702 1005 1755 tentorium
1038 1704 1571 1768 tetendisset,iterum
1602 1705 1758 1760 irruit

1875 530 1959 574 cet
1990 533 2044 576 ut
2073 526 2370 592 parochias,
2397 541 2527 597 quas
2558 545 2822 597 nunquam
2850 532 3055 588 Rutena
3084 534 3322 591 Ecclesia
3359 546 3439 593 te-

1875 616 2056 669 nuisse
2086 617 2442 681 recolebatur,
2472 622 2732 690 reciperet
2773 641 2786 676 :
2835 626 2972 693 quod
3006 626 3075 680 ita
3107 626 3299 683 factum
3331 641 3432 684 est.

1945 704 2185 761 XXXIX.
2236 710 2505 780 Remigius
2536 722 2558 748 θ
2593 714 2878 784 Biturigum
2926 718 3206 788 episcopus
3249 721 3379 774 obiit
3419 739 3432 773 :

1874 795 2026 864 cujus
2057 807 2176 865 post
2206 803 2485 855 transitum
2513 806 2658 872 gravi
2687 806 2933 861 incendio
2963 823 3084 876 pars
3113 812 3336 864 maxima
3362 813 3435 866 ci-

1874 888 2057 941 vitatis
2084 900 2317 944 cremata
2345 902 2444 957 est,
2474 894 2651 971 iquue
2680 895 2697 933 ι
2730 898 2815 950 illa
2845 912 2961 966 qua:
2992 900 3264 956 hostilitati
3290 916 3437 955 rese-

1872 978 2080 1044 derant,
2112 982 2401 1048 perierunt.
2429 983 2670 1040 Posthaec
2698 987 2959 1065 Sulpicius
2985 990 3037 1043 in
3067 989 3181 1058 ipsa
3208 991 3338 1045 urbe
3367 992 3433 1045 ad

1871 1072 2249 1137 sacerdotium,
2265 1074 2660 1130 Guntchramno
2682 1093 2804 1149 rege
2832 1078 3061 1146 favente,
3084 1082 3430 1152 prmeligitur.

1870 1165 1999 1218 Nam
2030 1182 2147 1219 cum
2176 1168 2324 1221 multi
2354 1184 2575 1224 munera
2601 1170 2869 1238 offerrent,
2895 1173 3007 1227 haec
3037 1188 3127 1227 rex
3159 1174 3431 1242 episc0pa-

1870 1266 1977 1310 tum
2000 1260 2358 1327 quaerentibus
2385 1261 2721 1328 respondisse
2747 1262 2914 1316 fertur
2943 1280 2955 1315 :
2984 1263 3098 1316 Non
3128 1271 3212 1317 est
3239 1264 3431 1330 princi-

1869 1361 2025 1419 patus
2059 1352 2228 1405 nostri
2258 1352 2608 1419 consuetudo,
2631 1354 2982 1409 sacerdotium
3006 1354 3308 1409 venundare
3333 1354 3430 1407 sub

1870 1444 2070 1510 pretio,
2103 1445 2195 1497 sed
2241 1460 2339 1498 nec
2368 1456 2603 1501 vestrum
2635 1462 2753 1501 eum
2786 1449 3017 1516 prmmiis
3056 1461 3365 1516 comparare
3412 1464 3427 1498 :

1869 1555 1933 1591 ne
1964 1550 2016 1592 et
2045 1555 2141 1595 nos
2169 1542 2336 1610 turpis
2367 1541 2499 1596 lucri
2540 1541 2754 1598 infamia
2783 1556 3045 1610 notemur,
3068 1553 3123 1599 et
3146 1560 3240 1599 vos
3278 1545 3428 1615 Mago

1868 1631 2065 1685 Simoni
2113 1635 2513 1700 comparemini.
2556 1635 2659 1689 Sed
2704 1635 2859 1704 juxta
2905 1637 2997 1691 Dei
3048 1637 3428 1702 praescientiam

1874 1723 2138 1790 Sulpicius
2168 1724 2318 1778 vobis
2346 1724 2443 1777 erit
2474 1725 2772 1793 episcopus.
2804 1728 2867 1781 Et
2900 1729 2977 1781 sic
3013 1728 3076 1781 ad
3124 1727 3427 1782 clericatum

179 1803 349 1858 super
374 1806 497 1845 eum
532 1791 781 1847 inimicus
811 1796 947 1863 ejus.
978 1795 1142 1866 Cujus
1174 1799 1221 1850 vi
1252 1801 1490 1867 oppressi
1517 1813 1761 1869 amputa-
1796 1789 1839 1846 Β
1866 1812 2155 1878 deductus,
2181 1813 2544 1882 episcopatum
2575 1816 2812 1870 ecclesiae
2834 1818 3148 1882 supradictae
3174 1818 3425 1887 suscepit.

179 1892 288 1935 tum
319 1895 482 1953 caput
512 1887 566 1939 in
601 1886 810 1941 culeum
841 1898 1116 1943 oneratum
1164 1890 1426 1959 lapidibus
1467 1894 1674 1961 posuit,
1704 1906 1758 1950 et

177 1972 385 2029 flumini
436 1975 616 2042 dedit;
664 1977 925 2045 reliquum
959 1994 1085 2033 vero
1128 1995 1324 2050 corpus
1362 1983 1597 2037 vinctum
1636 1998 1755 2037 cum

174 2079 309 2117 saxo
360 2066 629 2121 immersit
674 2071 887 2137 gurgiti.
918 2071 1044 2124 Post
1073 2071 1187 2125 dies
1218 2089 1345 2127 vero
1372 2090 1566 2143 paucos
1598 2090 1757 2143 appa-

180 2160 291 2211 ruit
321 2159 643 2228 quibusdam
676 2162 977 2228 pastoribus
999 2205 1013 2228 ,
1043 2173 1096 2216 et
1124 2165 1201 2217 sic
1231 2173 1532 2218 extractum
1580 2181 1607 2219 a
1655 2166 1755 2220 ﬁu-

174 2248 321 2303 mine
351 2249 645 2318 sepultura:
669 2251 973 2306 mandatum
1006 2263 1105 2308 est.
1127 2254 1230 2309 Sed
1262 2256 1385 2309 dum
1414 2259 1755 2313 necessitates

178 2336 383 2394 funeris
412 2352 749 2410 pararentur,
778 2354 831 2397 et
861 2345 1195 2413 ignoraretur
1219 2348 1338 2415 quis
1364 2358 1509 2403 esset
1534 2364 1564 2404 e
1588 2365 1753 2420 popu-

176 2430 246 2494 lo,
281 2437 580 2496 prasertim
622 2448 742 2488 cum
790 2443 950 2503 caput
990 2440 1215 2491 truncati
1260 2455 1364 2493 non
1406 2441 1750 2509 inveniretur,

174 2525 353 2577 subito
395 2525 693 2581 adveniens
724 2528 897 2594 aquila
929 2529 1122 2583 levavit
1147 2532 1353 2585 culeum
1395 2548 1423 2586 a
1465 2534 1626 2588 fundo
1657 2536 1752 2590 ﬁu-

173 2615 353 2678 tninis,
379 2626 433 2669 et
466 2623 592 2682 ripae
624 2618 900 2686 deposuit:
930 2620 1360 2691 admirantesque
1385 2626 1473 2693 qui
1504 2626 1746 2693 aderant,

173 2706 512 2772 apprehenso
538 2708 724 2773 culeo,
752 2709 875 2763 dum
918 2712 1139 2766 sollicite
1169 2714 1295 2782 quid
1326 2717 1627 2771 contineret
1668 2720 1750 2773 in-

173 2798 411 2865 quirunt,
444 2809 605 2865 caput
638 2802 862 2855 truncati
891 2805 1180 2872 reperiunt,
1206 2816 1258 2860 et
1280 2806 1356 2859 sic
1383 2824 1501 2861 cum
1532 2811 1749 2878 reliquis

180 2886 405 2941 artubus
434 2897 516 2941 est
546 2889 832 2957 sepultum.
860 2891 989 2945 Nam
1023 2895 1196 2948 ferunt
1225 2912 1363 2949 nunc
1392 2906 1445 2951 et
1475 2899 1647 2953 lumen
1678 2902 1748 2956 iui

172 2976 425 3032 divinitus
451 2995 709 3048 apparere
740 2999 751 3033 :
781 2992 833 3036 et
860 2984 906 3036 si
955 2983 1197 3039 inﬁrmus
1226 2987 1288 3040 ad
1322 2989 1457 3043 hunc
1489 2992 1746 3047 tumulum

172 3069 399 3125 fideliter
421 3071 736 3140 deprecatus
765 3074 950 3143 fuerit,
978 3087 1193 3146 accepta
1236 3082 1492 3150 sospitate
1523 3084 1742 3140 recedit.

1866 1907 1957 1960 Est
1986 1907 2124 1960 enim
2157 1907 2236 1961 vir
2267 1906 2417 1961 valde
2450 1908 2673 1972 nobilis,
2700 1917 2753 1961 et
2778 1909 2844 1963 de
2874 1909 3057 1977 primis
3087 1910 3426 1964 senatoribus

1864 1998 2172 2067 Galliarum,
2198 2001 2248 2053 in
2277 2000 2464 2055 litteris
2488 2001 2621 2056 bene
2650 2001 2887 2056 eruditus
2914 2003 3213 2068 rhetoricis,
3239 2005 3290 2058 in
3314 2020 3422 2060 me-

1862 2091 2008 2144 tricis
2026 2106 2153 2145 vero
2174 2093 2377 2146 artibus
2400 2092 2529 2146 nulli
2552 2093 2835 2157 secundus.
2853 2094 2948 2147 Hic
2969 2095 3227 2163 synodum
3253 2094 3422 2163 illam,

1860 2179 2010 2243 cujus
2056 2194 2215 2248 supra
2260 2182 2625 2247 meminimus,
2664 2197 2759 2253 pro
2800 2184 3065 2252 parocbiis
3106 2183 3421 2242 Cadurcinis

1862 2270 1974 2323 ﬁeri
2006 2272 2353 2324 commonuit.

1930 2360 2040 2414 XL.
2071 2359 2296 2430 Legatus
2317 2378 2463 2429 vero,
2481 2362 2666 2431 Oppila
2695 2366 2926 2429 nomine,
2945 2363 3012 2419 de
3042 2364 3307 2434 Hispaniis
3326 2366 3419 2420 ad-

1857 2453 2024 2515 venit,
2052 2452 2215 2505 multa
2250 2468 2473 2507 munera
2501 2454 2663 2525 316
2690 2455 2989 2523 Chilperico
3016 2456 3125 2523 regi
3150 2454 3419 2513 deferens.

1856 2540 2099 2612 Timebat
2122 2543 2261 2595 enim
2285 2558 2379 2597 rex
2403 2542 2858 2612 Hispanorum,ue
2882 2543 3246 2600 Childebertus
3265 2560 3416 2600 exer-

1855 2633 2019 2685 citum
2050 2632 2115 2685 ad
2148 2633 2502 2687 ulciscendam
2531 2634 2731 2688 sororis
2758 2649 2868 2688 sua:
2896 2634 3140 2703 iniuriam
3176 2650 3415 2690 commo-

1853 2732 2004 2776 veret
2034 2740 2046 2774 :
2082 2725 2200 2791 quia
2233 2723 2604 2779 Leuvichildus
2645 2724 3031 2792 apprehensum
3063 2724 3225 2778 ﬁlium
3257 2740 3413 2780 suum

1856 2815 2342 2884 llermenegildum,
2362 2817 2446 2886 qui
2469 2831 2708 2871 sororem
2726 2825 2751 2863 ε
2769 2815 3091 2872 Childeberti
3113 2825 3412 2887 acceperat,

1852 2917 2141 2961 retruscrat
2167 2908 2219 2961 in
2247 2906 2559 2973 custodiam,
2583 2907 2695 2976 ipsa
2722 2906 2939 2961 muliere
2964 2922 3082 2961 cum
3110 2904 3308 2963 Grecis
3328 2924 3414 2964 re-

1852 2998 1994 3053 licta.
2015 2999 2177 3067 igitur
2196 3014 2314 3053 cum
2344 2999 2431 3054 die
2455 3008 2639 3054 sancto
2660 2998 2876 3054 Pascha:
2906 2998 2991 3053 hic
3020 2999 3224 3070 legatus
3243 3000 3412 3055 Turo~

1852 3092 1934 3144 nis
1978 3091 2307 3156 advenisset,
2328 3090 2583 3147 sciscitati
2614 3106 2827 3156 sumus,
2853 3100 3029 3147 utrum
3061 3102 3254 3148 nostra:
3283 3096 3408 3148 reli-

239 3159 528 3217 XXXVIII.
556 3164 887 3220 Theodosius
913 3167 939 3205 δ
976 3168 1302 3225 Rutenorqu
1334 3176 1744 3248 episcopus,qui
1772 3164 1820 3227 C
1850 3183 2022 3251 gionis
2066 3193 2227 3237 esset.
2263 3183 2555 3252 Respondit
2599 3184 2714 3252 ipse
2761 3200 2819 3240 se
2862 3185 2963 3240 hoc
3007 3186 3225 3241 credere
3268 3187 3408 3257 quod

171 3260 356 3307 sancto
387 3254 651 3309 Dalmatio
690 3256 848 3329 315
887 3272 1237 3328 successerat,
1269 3264 1407 3319 diem
1451 3267 1581 3321 obiit
1628 3287 1642 3324 :
1692 3272 1744 3325 in

172 3358 270 3411 qua
301 3346 528 3401 ecclesia
561 3347 823 3401 intantum
853 3364 949 3418 pro
980 3352 1289 3420 episcopatu
1330 3356 1652 3413 intentiones
1691 3368 1746 3415 et

171 3436 418 3492 scandala
447 3448 561 3491 orta
594 3440 994 3507 convaluerunt,
1030 3455 1082 3497 ut
1124 3460 1257 3513 pene
1299 3450 1463 3504 sacris
1509 3450 1746 3506 ministe-

171 3526 369 3582 riorum
397 3530 540 3583 vasis
579 3539 633 3584 et
674 3532 819 3585 omni
868 3533 1116 3588 facultate
1157 3539 1367 3593 meliori
1407 3541 1739 3597 nudaretur:

172 3630 539 3677 verumtamen
569 3623 946 3680 Transobadus
978 3628 1255 3699 presbyter
1283 3631 1539 3701 rejicitur,
1567 3640 1621 3689 et
1651 3634 1741 3689 ln-

171 3714 452 3767 uocentius
480 3724 502 3753 ε
538 3714 970 3774 Gabalitanorum
1001 3735 1181 3776 comes
1206 3724 1419 3793 eligitur
1444 3726 1508 3779 ad
1536 3729 1743 3795 episco-

177 3815 389 3872 patum,
423 3808 719 3876 opitulante
750 3811 1083 3867 Brunichilde
1114 3818 1313 3885 regina.
1341 3818 1444 3872 Sed
1471 3834 1743 3891 assumpto

174 3895 521 3967 episcOpatu,
566 3899 847 3957 confestim
890 3902 1191 3959 Ursicinum
1238 3907 1546 3963 Cadurcinac
1594 3912 1741 3968 urbis

177 3988 483 4059 episcopum
532 3990 796 4047 lacessere
841 3996 1033 4062 coepit,
1066 3996 1282 4059 dicens,
1313 3999 1433 4067 quia
1484 4002 1742 4058 dioeccses

180 4076 397 4134 Rutena:
427 4080 679 4136 Ecclesia:
704 4082 911 4138 debitas
937 4087 1208 4140 retineret.
1238 4086 1387 4143 Unde
1414 4090 1606 4146 factum
1637 4106 1738 4161 εει,

180 4180 235 4222 ut
261 4172 515 4226 diuturna
546 4172 843 4229 intentione
870 4177 1160 4245 gliscente,
1191 4190 1309 4248 post
1338 4182 1536 4252 aliquot
1574 4200 1741 4241 annos

178 4260 491 4331 coniunctus
512 4264 824 4332 metrOpolis
844 4263 871 4300 ἀ
892 4280 1011 4321 cum
1039 4268 1149 4322 suis
1172 4269 1582 4338 provincialibus
1602 4276 1741 4344 apud

244 4406 269 4434 ³
298 4398 410 4453 Hoc
438 4408 597 4468 caput
624 4399 772 4455 deest
798 4401 848 4455 in
879 4402 1017 4461 Vat..
1045 4403 1205 4459 Corb.
1228 4414 1281 4459 et
1308 4405 1455 4461 Colb.
1481 4424 1534 4463 a.
1553 4409 1608 4464 S.
1640 4411 1741 4465 Lu-

181 4470 335 4539 pentii
363 4484 556 4538 corpus
587 4470 929 4525 Catalaunum
957 4474 1195 4538 allatuen,
1220 4476 1273 4528 in
1302 4479 1526 4533 ecclesia
1557 4482 1740 4539 cathe-

182 4538 303 4616 drali
337 4550 607 4616 servatum
635 4551 908 4616 estusque
932 4544 995 4616 ad
1023 4560 1216 4616 annum
1253 4546 1408 4613 1667,
1434 4565 1538 4616 quo
1568 4538 1737 4607 eccle-
1763 4539 1816 4599 D

184 4610 253 4661 sia
278 4610 501 4689 fulmine
521 4612 607 4689 die
629 4611 694 4664 19
713 4611 946 4689 Januarii
970 4615 1068 4689 icta
1091 4610 1736 4689 conﬁagraviﬁsimulque

182 4692 335 4757 sacra:
356 4680 611 4749 reliquiae,
626 4696 743 4757 qua:
767 4683 837 4737 ibi
864 4684 1228 4757 servabantur,
1245 4680 1570 4757 consumpta
1590 4680 1731 4746 sunt.

184 4750 303 4814 Qua:
328 4765 459 4805 vero
488 4752 881 4825 superfuerunt,
906 4768 1025 4807 ossa
1048 4756 1253 4810 scilicet
1277 4750 1549 4825 semiusta,
1577 4771 1631 4816 et
1658 4764 1734 4817 ci-

184 4834 349 4884 neres,
371 4821 529 4875 simul
555 4833 798 4889 congesta
827 4824 879 4877 in
911 4825 1059 4878 theca
1086 4840 1426 4881 asservantur
1452 4821 1595 4885 retro
1625 4848 1737 4885 ma-

183 4889 260 4962 jus
286 4892 476 4945 altare.
505 4891 716 4947 Festum
748 4894 888 4949 beati
923 4895 1162 4962 Lupentii
1193 4898 1389 4951 ibidem
1420 4899 1505 4952 die
1533 4918 1582 4955 xi
1613 4902 1731 4961 Kal.

184 4961 485 5036 Novembris
506 4963 719 5036 colitur,
743 4961 1039 5033 diciturqu’e
1069 4968 1225 5036 vulgo
1248 4970 1376 5022 saint
1405 4968 1647 5028 Louvent.

245 5032 270 5071 δ
295 5032 478 5101 Neque
504 5034 606 5088 hoc
632 5047 787 5100 caput
808 5032 981 5090 exstat
1005 5037 1057 5089 in
1081 5032 1266 5100 Corb.,
1289 5039 1405 5092 Vat.
1431 5052 1483 5094 et
1507 5043 1658 5098 Colb.
1681 5060 1732 5098 a.

191 5100 256 5183 [ξς
284 5103 339 5159 S.
370 5100 652 5183 Dalmatia,
682 5104 968 5183 Theodosii
999 5108 1259 5183 ekctione
1287 5119 1340 5183 et
1367 5109 1730 5183 Transobado,

183 5173 288 5245 vide
312 5188 471 5239 supra
520 5174 613 5228 lib.
640 5190 689 5240 v,
737 5190 853 5245 cap.
896 5177 984 5231 47.
1026 5177 1400 5233 Transobadus
1441 5182 1633 5236 dicitur
1680 5173 1733 5238 in

183 5242 434 5317 Golb._m.
470 5242 851 5311 Trusobalaui;
899 5247 949 5301 in
1001 5246 1211 5317 Regm.,
1254 5250 1630 5317 Teusabaldua;
1679 5256 1731 5309 in

183 5313 308 5378 aliis,
334 5313 683 5370 Trasabadus.

245 5394 267 5458 ς
295 5384 339 5458 [ε
368 5387 503 5455 ipse,
526 5388 594 5441 de
625 5401 731 5456 quo
759 5401 877 5458 cap.
902 5388 1130 5457 prteced.
1156 5400 1208 5443 et
1237 5389 1329 5444 lib.
1354 5407 1405 5453 χ,
1430 5404 1547 5458 cap.
1571 5392 1623 5447 8.

240 5451 267 5491 δ
294 5451 551 5512 διοΌοΙΙ).
586 5451 658 5510 ηιξ
690 5466 745 5511 et
775 5451 982 5526 Regm.,
1013 5476 1129 5528 quae
1168 5472 1247 5512 est
1291 5451 1506 5515 sincera'
1547 5464 1720 5517 lectio.

184 5523 248 5579 lla
287 5528 420 5581 enim
470 5523 955 5599 Gregoriuset'alii
986 5523 1230 5584 auctores
1257 5530 1371 5599 ejus
1402 5534 1498 5585 ἱενί
1533 5533 1727 5587 trahent

186 5611 263 5668 pro
284 5600 724 5668 metmpolitanus.
756 5597 887 5651 Vide
915 5599 1079 5655 Cone.
1113 5597 1296 5654 Paris.
1316 5617 1404 5665 nt,
1434 5617 1553 5656 can.
1580 5606 1645 5665 8,
1676 5615 1728 5658 et

183 5665 381 5725 llamulﬁ
415 5665 699 5726 fbrmulas.
726 5668 877 5740 Unde
906 5672 1042 5724 male
1064 5672 1199 5736 apud
1230 5671 1423 5726 Chesn.
1448 5683 1502 5725 et
1529 5674 1729 5740 aliquot

180 5741 285 5797 alios
309 5744 514 5805 editos,
551 5739 987 5805 metropolitanis;
1021 5743 1209 5797 melius
1239 5744 1509 5805 nonnulli,
1546 5754 1726 5797 metro-

1848 3273 2097 3327 catholici
2145 3273 2385 3329 credunt.
2429 3274 2634 3330 Exinde
2678 3276 2972 3345 procedens
3020 3278 3293 3332 nobiscum
3340 3278 3407 3333 ad

1847 3363 2162 3426 ecclesiam,
2209 3364 2482 3418 lllissarum
2537 3366 2791 3420 solemnia
2837 3366 3036 3432 tenuit;
3085 3368 3179 3424 sed
3236 3384 3408 3437 neque

1847 3468 2029 3521 pacem
2058 3470 2178 3509 cum
2209 3457 2403 3510 nostris
2436 3455 2575 3521 fecit,
2630 3473 2799 3527 neque
2838 3459 2905 3513 de
2954 3460 3225 3513 sacriﬁciis
3256 3474 3407 3515 com-

1848 3544 2131 3598 municavit
2177 3544 2226 3598 δ.
2281 3545 2662 3617 Cognitumque
2730 3560 2810 3602 est
2883 3552 3213 3605 mendacium
3286 3567 3407 3607 esse

1847 3633 1986 3700 quod
2045 3633 2248 3687 dixerat
2291 3650 2349 3689 se
2393 3650 2512 3690 esse
2559 3637 2897 3691 catholicum.
2946 3638 3297 3696 Nihilominus
3335 3644 3404 3696 all

1846 3724 2141 3777 convivium
2210 3727 2459 3781 invitatus
2528 3728 2713 3781 adluit.
2770 3727 3008 3797 Cumque
3052 3746 3150 3799 ego
3204 3732 3403 3786 sollici-

1846 3826 1928 3869 tus
1988 3818 2307 3884 requirerem
2355 3820 2478 3885 quid
2543 3822 2801 3883 crederet,
2856 3824 3181 3891 respondit:
3232 3825 3402 3879 Credo

1844 3907 2051 3962 Patrem
2101 3916 2155 3961 et
2193 3909 2380 3962 Filium
2423 3920 2475 3964 et
2514 3911 2764 3979 Spiritum
2807 3922 3047 3967 sanctum
3094 3915 3248 3968 unius
3286 3930 3402 3971 esse

1843 4002 2071 4055 virtutis.
2097 4001 2191 4053 (iui
2218 4016 2315 4070 ego
2341 4003 2586 4069 respondi
2614 4020 2625 4055 :
2656 4004 2711 4059 Si
2746 4004 2875 4070 haec,
2896 4017 2949 4059 ut
2974 4008 3189 4071 asseris,
3205 4010 3400 4073 credis,

1846 4108 1961 4162 qua:
1991 4092 2196 4146 obstitit
2225 4107 2382 4147 causa
2412 4104 2467 4147 ut
2495 4094 2561 4148 de
2602 4095 2871 4149 sacriﬁciis
2890 4137 2905 4159 ,
2932 4112 3049 4165 quae
3081 4097 3189 4152 Deo
3225 4098 3401 4153 offeri-

1844 4199 1992 4246 mus,
2017 4184 2413 4238 communicare
2439 4183 2715 4240 differres?
2748 4185 2813 4239 Et
2842 4187 2930 4241 ille
2964 4206 2975 4240 :
3008 4189 3172 4257 Quia,
3198 4191 3401 4260 inquit,

1843 4275 2077 4330 Gloriam
2128 4290 2230 4330 non
2275 4284 2419 4329 recte
2462 4275 2820 4344 respondetis;
2854 4294 2972 4331 nam
2999 4277 3150 4347 juxta
3180 4280 3399 4336 Paulum

1843 4411 2119 4479 politanus.
2141 4410 2190 4464 ls
2216 4419 2330 4465 erat
2350 4408 2613 4481 Sulpicius
2632 4411 2879 4478 Severus,
2899 4425 2967 4466 ex
2996 4428 3112 4481 cap.
3136 4420 3398 4481 sequenti,

1843 4482 1908 4534 de
1932 4496 2034 4549 quo
2062 4481 2153 4535 lib.
2190 4498 2222 4553 χῖ
2243 4522 2263 4553 ,Α
2286 4495 2404 4549 cap.
2428 4479 2515 4535 26.
2545 4478 2811 4534 Patroclum.
2844 4497 2995 4545 vero,
3023 4478 3089 4536 de
3116 4478 3307 4553 quibus
3336 4478 3400 4544 lis

1842 4554 2180 4626 movebatur,
2213 4551 2315 4626 illae
2361 4560 2543 4626 erant,
2574 4554 2950 4626 utsuspicatur
2976 4551 3248 4622 Valesius,
3279 4574 3398 4626 quae

1840 4622 2118 4696 Arisitensi
2162 4624 2489 4696 episcopatui
2536 4621 2797 4675 attributa:
2846 4622 3071 4689 fuerant,
3101 4621 3411 4696 dequibus

1837 4707 1993 4758 snpra
2022 4693 2112 4745 lib.
2137 4707 2185 4756 ν,
2215 4706 2331 4758 cap.
2354 4692 2406 4745 ὅ.

1912 4772 1935 4799 ε
1969 4763 2128 4816 Deest
2155 4764 2312 4815 etiam
2341 4764 2439 4816 hoc
2468 4770 2626 4828 caput
2651 4762 2701 4816 in
2730 4762 2916 4827 Corb.,
2941 4764 3058 4818 Vat.
3084 4775 3138 4821 et
3162 4767 3314 4822 Colb.
3341 4785 3392 4823 a.

1840 4831 1979 4887 Idem
2010 4832 2227 4885 antistes
2252 4836 2348 4886 sub
2378 4833 2601 4886 Hemedii
2630 4837 2844 4889 nomine
2874 4836 3183 4902 subscripsit
3204 4837 3409 4892 Conci-

1837 4903 1908 4956 lio
1937 4903 2137 4956 Matisc.
2171 4917 2219 4965 ι,
2250 4918 2388 4955 anno
2420 4904 2541 4956 58L
2573 4903 2695 4970 Ejus
2733 4914 2786 4958 et
2816 4905 3137 4959 successoris
3165 4908 3247 4960 sui
3281 4908 3395 4965 Vita

1839 4973 2063 5026 habetur
2108 4973 2158 5025 in
2209 4974 2532 5026 Patriarchio
2580 4974 2921 5035 Bituricensi,
2949 4991 3063 5041 cap.
3095 4976 3163 5029 26
3202 4990 3256 5030 et
3298 4977 3364 5029 27

1838 5052 1979 5095 ιοιηο
2008 5042 2048 5095 ll
2080 5041 2329 5095 Biblioth.
2355 5059 2502 5096 nova:
2533 5042 2751 5099 Labhei.

1911 5110 1930 5149 ί
1964 5110 2169 5180 Ibique,
2192 5122 2321 5173 etc.,
2348 5127 2511 5176 usque
2540 5114 2603 5165 ad
2632 5116 2915 5182 perierunt,
2942 5113 3132 5169 desunt
3158 5115 3210 5168 in
3237 5114 3392 5173 Colb.

1835 5198 1909 5236 m.
1933 5184 2001 5236 At
2021 5183 2143 5234 Cas.
2172 5183 2328 5234 habet
2352 5183 2616 5235 hostilitati
2640 5186 2941 5235 restiterant.

1905 5263 1931 5299 ε
1963 5252 2248 5321 lngundem
2275 5251 2524 5319 Sigiberti
2555 5252 2737 5304 filiam.

1904 5322 1931 5360 ιι
1961 5323 2193 5375 Observa
2219 5332 2453 5374 nctatum
2482 5323 2747 5375 hominem
2769 5362 2783 5382 ,
2814 5322 2902 5389 qui
2940 5335 3060 5379 cum
3101 5324 3268 5378 sacris
3306 5328 3392 5383 in-

1836 5391 2123 5455 terfuisset,
2156 5393 2219 5445 iis
2249 5405 2352 5442 non
2384 5390 2806 5458 participaverat,
2834 5404 2931 5444 nec
2959 5407 3139 5460 pacem
3172 5396 3237 5449 ab
3266 5397 3389 5454 aliis

1834 5464 2072 5517 ﬁdelibus
2101 5469 2393 5530 acceperat.
2418 5460 2605 5530 Missas
2628 5472 2804 5515 autem
2831 5470 3031 5528 tenere,
3051 5464 3188 5519 idem
3218 5477 3299 5521 est
3325 5484 3390 5524 ac

1834 5534 1959 5600 ipsis
2004 5529 2280 5594 interesse,
2320 5547 2385 5604 ex
2434 5529 2645 5604 can._47
2698 5532 2901 5586 Concil.
2930 5535 3265 5604 Agathensis,
3299 5549 3391 5592 aut

1833 5613 1995 5667 certe,
2019 5604 2062 5657 si
2093 5604 2160 5658 de
2187 5603 2460 5657 sacerdote
2488 5601 2741 5655 habeatur
2761 5618 2958 5667 sermo,
2981 5601 3072 5659 eas
3092 5601 3386 5673 celebrare,

1833 5684 1889 5727 ut
1940 5676 1991 5728 in
2042 5675 2236 5744 Regula
2286 5673 2344 5728 S.
2374 5674 2433 5727 P.
2464 5673 2895 5744 Benedicti,_cap.
2930 5677 3021 5729 60.
3052 5675 3185 5731 Vide
3225 5677 3384 5733 Card.

1835 5747 1996 5813 Bona,
2023 5746 2112 5799 lib.
2128 5742 2155 5798 ⁷ι
2178 5747 2299 5800 lter.
2329 5744 2733 5815 Liturgic.,cap.
2760 5742 2811 5811 2,
2836 5760 2888 5798 ιι.
2914 5746 2966 5799 6.
