3942 6190
521 249 618 302 1-07

1494 247 1548 302 Ξ.
1589 245 1908 302 GREGORII
1949 243 2251 302 EPISCOPI
2291 245 2715 304 TL'RONENSIS
3649 237 3744 295 ιυὶὶ

517 363 811 433 apostolum
835 376 932 417 nos
952 362 1174 417 dicimus
1202 381 1212 414 :
1244 362 1417 417 Gloria
1445 363 1550 416 Deo
1569 364 1708 417 Patri
1733 380 1827 434 per
1848 360 2074 429 Filium;
2106 362 2157 422 A
2182 363 2383 433 Spiritu
2415 372 2622 430 sancto,
2654 363 2754 418 sub
2781 362 2998 418 Joannis
3033 376 3192 418 manu
3239 361 3617 432 baptizaretur.
3651 364 3750 421 Hic

517 471 613 511 vos
659 463 832 510 autem
872 456 1044 509 dicitis
1091 473 1101 507 :
1148 454 1323 509 Gloria
1355 455 1498 509 Patri
1528 466 1580 510 et
1611 457 1746 510 Filio
1775 467 1830 512 et
1859 457 2079 526 Spiritui

518 557 732 612 sancto;
775 563 892 601 cum
942 547 1190 602 doctores
1220 548 1559 602 ecclesiarum
1590 549 1813 603 doceant
1833 592 1846 612 ,
1872 549 2081 605 Patrem

519 655 614 704 per
655 640 842 694 Filium
887 642 1184 694 nttntiatum
1227 639 1393 696 fuisse
1440 644 1491 694 in
1539 643 1756 706 mundo,
1790 645 1924 698 sicut
1971 645 2084 712 ipse

521 730 715 783 Paulus
746 732 818 784 ait
847 747 860 784 :
899 730 1024 803 Regi
1052 745 1222 786 autem
1251 734 1550 786 sa’culorum
1580 734 1878 802 immortali,
1907 735 2084 789 invisi-

521 819 627 885 bili,
653 820 747 871 soli
771 819 878 872 Deo
906 820 1067 874 honor
1091 831 1135 875 et
1164 824 1326 891 gloria
1356 824 1408 874 in
1437 824 1624 876 stecula
1654 823 1975 890 saeculorum,
1997 841 2086 892 per

521 907 695 960 Jesum
725 908 979 962 Christum
1011 909 1283 965 Dominum
1312 923 1537 966 nostrum
1567 910 1615 981 (1
1653 911 1784 966 Tim.
1819 929 1857 979 ι,
1883 914 1992 982 17).
2023 915 2086 968 Et

521 1011 621 1063 ego
646 997 891 1064 respondi
925 1017 937 1050 :
974 1000 1184 1054 Patrem
1213 1015 1308 1068 per
1338 1000 1528 1056 Filium
1559 1002 1924 1057 annuntiatum
1957 1004 2087 1058 nulli

521 1088 785 1143 catholico
814 1105 933 1145 esse
965 1091 1286 1160 incognitum
1332 1109 1481 1159 reor;
1527 1096 1617 1149 sed
1663 1097 1754 1155 sic,
1783 1097 2088 1163 prmdicavit

523 1179 731 1235 Patrem
778 1186 832 1236 ln
881 1185 1104 1248 saeculo,
1151 1194 1206 1238 ut
1253 1196 1305 1241 et
1349 1202 1409 1242 se
1454 1188 1736 1242 virtutibus
1779 1190 2085 1244 ostenderet

523 1269 710 1324 Deum.
739 1271 847 1326 Deo
894 1285 1067 1329 autem
1111 1276 1248 1330 Patri
1297 1278 1412 1332 haec
1457 1281 1743 1335 necessitas
1770 1281 1868 1335 fuit
1899 1282 2085 1336 Filium

523 1363 762 1418 mittendi
812 1365 875 1419 ad
924 1377 1112 1434 terras,
1145 1380 1198 1422 ut
1241 1370 1548 1426 ostenderet
1596 1373 1760 1426 Deum
1807 1390 1820 1426 :
1869 1383 1924 1426 ut
1967 1375 2086 1443 quia

523 1453 750 1508 mundus
775 1456 1104 1522 patriarchis,
1128 1468 1181 1512 et
1211 1460 1497 1529 prophetis,
1517 1469 1674 1532 atque
1703 1463 1800 1529 ipsi
1829 1462 1982 1517 latori
2015 1464 2088 1520 le-

523 1545 603 1610 gis
631 1561 735 1600 non
758 1548 1077 1616 crediderat,
1097 1550 1281 1606 saltem
1306 1553 1390 1606 vel
1421 1553 1555 1608 Filio
1576 1555 1839 1611 crederet.
1860 1555 2088 1625 Ideoque

523 1647 740 1689 necesse
769 1646 881 1703 est,
915 1651 972 1691 ut
1003 1640 1099 1695 sub
1129 1641 1514 1710 signiﬁcatione
1542 1659 1893 1713 personarum
1924 1647 2083 1717 317

2181 467 2274 521 est,
2299 458 2390 526 ait,
2416 455 2583 512 Filius
2614 475 2753 513 meus
2797 459 3032 522 dilectus,
3063 458 3116 510 in
3155 473 3256 526 quo
3299 456 3420 510 bene
3465 458 3753 529 complacui

2183 543 2398 615 (Matth.
2431 561 2556 609 χιιι,
2588 544 2664 615 5).
2691 545 2846 602 Certe
2891 547 2934 600 si
2981 545 3239 616 oppilatas
3286 545 3452 602 habes
3492 561 3674 615 aures,
3699 556 3757 604 ut

2185 637 2286 690 ista
2316 652 2420 692 non
2452 639 2653 702 audias,
2681 638 2839 693 crede
2868 639 3120 708 apostolis
3145 638 3271 707 quid
3301 640 3464 714 318
3492 640 3548 695 in
3575 651 3759 697 monte

2185 726 2472 790 audierint,
2495 744 2615 782 cum
2646 728 3021 798 trauliguratus
3043 714 3198 785 Iesus
3229 730 3281 786 in
3307 731 3476 800 gloria
3505 731 3758 804 loquere-

2187 826 2271 872 tur
2296 834 2415 874 cum
2461 821 2642 891 Moyse
2670 831 2722 876 et
2755 822 2922 875 llelia.
2955 820 3155 890 Nempe
3197 823 3263 878 de
3309 822 3450 880 nube
3478 823 3762 894 splendida

2187 909 2342 964 Pater
2369 911 2444 965 ait
2471 928 2485 965 :
2519 911 2620 965 Hic
2647 923 2717 966 est
2745 911 2911 968 Filius
2941 930 3078 968 meus
3104 913 3452 980 charissimus,
3471 914 3640 982 ipsum
3668 932 3762 968 au-

2187 1003 2290 1057 dite
2321 1002 2405 1072 (II
2435 1002 2547 1058 Pet.
2579 1021 2615 1068 ι,
2642 1003 2751 1076 l7).
2779 1007 2855 1060 Ad
2882 1006 2996 1061 haec
3025 1005 3308 1062 hmreticus
3331 1007 3608 1076 respondit
3634 1026 3648 1060 :
3672 1008 3763 1064 Ni-

2189 1094 2262 1148 hil
2295 1095 2347 1148 in
2380 1096 2462 1149 his
2492 1097 2813 1150 testimoniis
2845 1098 3002 1152 Pater
3029 1097 3095 1153 de
3130 1097 3295 1168 gloria
3339 1098 3575 1168 loquitur
3602 1098 3760 1168 Filii,

2189 1186 2288 1239 nisi
2316 1194 2518 1240 tantum
2552 1187 2720 1255 ipsum
2746 1188 2938 1244 Filium
2969 1198 3247 1244 monstrat.
3273 1189 3336 1244 Et
3358 1204 3458 1258 ego
3486 1206 3502 1244 :
3530 1190 3586 1245 Si
3615 1191 3762 1246 enim

2190 1276 2289 1330 ista
2322 1278 2400 1332 sic
2430 1278 2656 1348 recipis,
2685 1279 2952 1345 proferam
2986 1280 3076 1336 tibi
3106 1281 3250 1334 aliud
3279 1281 3647 1336 tesﬁmoniurn
3666 1322 3683 1347 ,
3711 1283 3763 1338 in

2188 1382 2295 1436 quo
2321 1369 2474 1423 l’ater
2495 1370 2726 1424 reddidit
2748 1370 2939 1424 Filium
2971 1372 3281 1442 gloriosum.
3303 1372 3558 1427 Veniente
3580 1385 3763 1428 autem

2191 1460 2415 1514 Domino
2444 1461 2510 1515 ad
2541 1463 2860 1530 passionem,
2881 1477 3001 1516 cum
3035 1461 3122 1516 ille
3148 1463 3386 1517 diceret:
3420 1463 3577 1518 Pater
3603 1465 3764 1533 glori-

2192 1553 2290 1617 ﬁca
2317 1553 2511 1607 Filium
2541 1565 2709 1618 tuum,
2744 1566 2800 1608 ut
2833 1555 2998 1609 Filius
3025 1566 3141 1610 tuus
3170 1556 3461 1627 glorijicetd
3493 1567 3542 1612 te
3577 1556 3764 1626 (Joan.

2191 1659 2321 1713 xvn,
2341 1644 2395 1711 l)
2413 1687 2427 1711 ,
2452 1646 2576 1716 quid
2602 1648 2650 1700 ei
2679 1647 2833 1701 Pater
2855 1647 3129 1716 respondit
3156 1648 3222 1702 de
3250 1648 3420 1704 caelo?
3443 1649 3628 1704 Nonne
3650 1651 3766 1705 ait:

523 1723 687 1791 gloria
718 1725 874 1781 detur
898 1729 1023 1782 Deo.
1051 1731 1279 1786 Dicimus
1305 1747 1430 1803 ergo
1457 1751 1469 1786 :
1498 1732 1675 1787 Gloria
1709 1735 1812 1790 Deo
1837 1735 1977 1791 Patri
1998 1739 2087 1806 qui
2118 1727 2164 1786 B
2195 1734 2259 1787 Et
2307 1736 2609 1807 gloriﬁcavi,
2641 1746 2687 1790 et
2732 1738 2915 1792 iterum
2959 1738 3251 1808 gloriﬁcabo
3299 1737 3476 1810 (Joan.
3506 1755 3604 1803 xu,
3635 1740 3768 1810 28)?

525 1813 668 1868 misit
701 1816 930 1884 Filium;
961 1821 1128 1888 gloria
1160 1821 1268 1875 Deo
1297 1823 1449 1889 Filio,
1480 1826 1564 1894 qui
1596 1828 1851 1895 sanguine
1880 1842 1978 1882 suo
2005 1845 2088 1884 re-

526 1903 691 1958 demit
721 1910 970 1963 mundum
997 1928 1009 1976 ;
1039 1913 1204 1980 gloria
1238 1913 1346 1969 Deo
1371 1915 1590 1985 Spiritui
1622 1930 1827 1984 sancto,
1853 1921 1939 1989 qui
1971 1936 2092 1974 sau-

524 1998 716 2052 ctiticat
748 2000 1012 2056 hominem
1040 2005 1145 2068 jam
1177 2007 1528 2076 redemptum.
1555 2010 1682 2064 Nam
1716 2020 1770 2065 tu
1801 2015 1886 2081 qui
1918 2013 2050 2067 dicis
2071 2055 2087 2080 ,

525 2088 701 2142 Gloria
733 2089 873 2146 Patri
907 2109 1000 2161 per
1028 2095 1248 2161 Filium,
1281 2099 1470 2153 adimis
1495 2103 1715 2168 gloriam
1748 2104 1908 2170 Filio;
1940 2107 2089 2175 quasi

524 2180 636 2245 ipse
682 2197 784 2236 non
831 2185 898 2237 sit
942 2186 1201 2253 gloriosus
1247 2204 1366 2242 cum
1419 2191 1595 2259 Patre,
1629 2207 1904 2264 propterea
1951 2199 2088 2266 quod

524 2289 645 2326 eum
697 2279 1024 2332 annuntiavit
1070 2282 1121 2333 in
1165 2283 1381 2335 mundo.
1415 2284 1703 2352 Nuntiavit,
1737 2298 1793 2342 ut
1837 2290 2088 2354 diximus,

525 2365 691 2420 Filius
722 2368 927 2422 Patrem
957 2371 1008 2424 in
1058 2373 1275 2438 mundo,
1311 2375 1401 2429 sed
1429 2378 1577 2430 multi
1603 2394 1706 2432 non
1731 2380 2087 2447 crediderunt,

525 2455 736 2509 dicente
754 2455 956 2512 Joanne
987 2461 1305 2530 evangelista
1333 2481 1348 2516 :
1377 2461 1443 2516 In
1471 2481 1565 2518 sua
1587 2475 1610 2503 ⁸
1639 2470 1845 2539 propria
1872 2470 2026 2540 venit,
2045 2480 2093 2525 et

526 2546 605 2597 sui
636 2562 747 2599 eum
777 2563 876 2600 non
908 2561 1216 2618 receperunt.
1247 2553 1502 2624 Quotquot
1533 2568 1700 2611 autem
1740 2576 1852 2612 eum
1891 2577 2093 2630 recepe-

526 2645 673 2702 runt,
703 2639 840 2692 dedit
877 2641 951 2694 eis
988 2653 1286 2711 potestatem
1315 2647 1448 2714 ﬁlios
1481 2648 1568 2702 Dei
1598 2649 1710 2717 ﬁeri
1729 2694 1744 2717 ,
1770 2651 1848 2705 his
1872 2655 1956 2722 qui
1985 2670 2092 2706 cre-

527 2727 653 2780 dunt
699 2729 754 2781 in
798 2733 998 2785 nomine
1036 2735 1146 2802 ejus
1195 2735 1369 2806 (Joan.
1403 2754 1440 2802 ι,
1473 2740 1556 2803 Η,
1594 2740 1702 2810 12).
1731 2741 1859 2796 Nam
1907 2753 1960 2797 tu
2002 2747 2089 2814 qui

529 2821 695 2875 Paulo
718 2825 956 2891 apostolo
977 2825 1220 2898 derogas,
1241 2840 1291 2884 et
1317 2845 1532 2886 sensum
1561 2834 1672 2904 ejus
1695 2851 1795 2888 non
1819 2836 2086 2908 intelligis,

532 2915 742 2984 percipe
768 2930 923 2984 quam
968 2927 1121 2972 caute
1163 2920 1410 2990 loquitur,
1436 2934 1489 2976 et
1514 2923 1662 2991 juxta
1690 2925 1797 2992 [ΑΙ.
1829 2925 1988 2998 juste]
2037 2939 2092 2983 ut

528 3006 766 3072 recipere
794 3009 912 3077 quis
942 3017 1138 3075 potest,
1167 3013 1380 3067 adverte
1407 3017 1632 3082 qualiter
1663 3019 1906 3082 praedicat
1954 3020 2092 3076 inter

2194 1827 2328 1880 Ecce
2356 1825 2494 1881 enim
2527 1827 2684 1881 Pater
2713 1828 2976 1897 gloriﬁcat
3002 1845 3120 1883 eum
3147 1831 3355 1898 propria
3386 1845 3534 1897 voce,
3558 1840 3612 1886 et
3633 1841 3693 1886 tu
3719 1833 3768 1887 ei

2194 1918 2414 1981 gloriam
2444 1918 2656 1974 conaris
2683 1920 2956 1975 adimere?
2981 1920 3312 1977 Voluntatem
3342 1922 3555 1992 quidem
3585 1933 3769 1979 osten-

2194 2005 2278 2059 dis
2300 2047 2314 2071 ,
2343 2006 2438 2060 sed
2468 2016 2703 2078 potestas
2735 2008 2873 2062 nulla
2903 2009 3153 2078 suppetit.
3177 2011 3305 2064 Nam
3334 2011 3422 2082 qui
3456 2011 3602 2066 Pauli
3631 2027 3767 2083 apo-

2193 2096 2312 2152 stoli
2339 2109 2618 2153 accusator
2639 2100 2843 2165 existis,
2868 2099 2989 2154 audi
3022 2101 3191 2171 ipsum
3245 2103 3353 2156 imo
3395 2100 3664 2159 Christum
3713 2106 3766 2161 in

2194 2190 2310 2257 ipso
2342 2189 2645 2258 loquentem
2681 2208 2692 2243 :
2731 2190 2905 2246 Omnis
2936 2191 3112 2262 lingua
3140 2192 3462 2259 conﬁteatur,
3492 2196 3611 2263 quia
3654 2195 3765 2248 Do-

2192 2281 2360 2333 minus
2387 2281 2536 2334 Jesus
2566 2280 2798 2335 Christus
2828 2282 2878 2334 in
2907 2282 3073 2350 gloria
3098 2291 3169 2336 est
3203 2282 3292 2335 Dei
3323 2282 3495 2336 Patris
3538 2283 3765 2351 (Philip.

2193 2390 2252 2436 u,
2278 2375 2555 2443 ll).Quod
2588 2375 2632 2428 si
2664 2390 2803 2428 nunc
2833 2375 3127 2428 communis
3149 2385 3231 2428 est
3251 2389 3368 2428 cum
3396 2373 3552 2429 Patre
3571 2376 3765 2444 gloria,

2191 2474 2246 2518 et
2288 2465 2339 2517 in
2383 2466 2495 2534 ipsa
2540 2481 2641 2534 qua
2684 2480 2824 2519 nunc
2866 2467 3019 2521 Pater
3058 2475 3139 2519 est
3177 2465 3339 2535 gloria
3378 2475 3761 2530 commoratur,

2192 2554 2419 2622 qualiter
2443 2570 2562 2610 eum
2593 2565 2644 2607 tu
2676 2557 2823 2624 quasi
2855 2557 3132 2625 inglorium
3164 2557 3503 2610 exhonoras?
3531 2555 3631 2609 Aut
3657 2570 3762 2610 cur

2195 2661 2298 2700 non
2332 2646 2434 2700 erit
2463 2645 2510 2700 ei
2544 2645 2808 2701 reddenda
2841 2648 3008 2717 gloria
3039 2649 3173 2700 inter
3204 2649 3445 2702 homines
3468 2691 3482 2715 ,
3507 2647 3592 2718 qui
3639 2647 3761 2716 pari

2191 2737 2354 2804 gloria
2386 2751 2503 2791 cum
2537 2737 2694 2792 Patre
2723 2749 2907 2807 regnat
2952 2738 3003 2792 iu
3047 2739 3229 2792 caelis?
3265 2739 3592 2794 Conﬁtemur
3630 2753 3763 2808 ergo

2193 2829 2459 2884 Christum
2489 2830 2678 2885 Filium
2709 2829 2800 2883 Dei
2833 2831 2996 2885 Deum
3023 2845 3226 2885 verum.
3250 2831 3477 2900 Ideoque
3503 2830 3619 2902 quia
3647 2830 3763 2884 dei-

2204 2930 2283 2975 tas
2313 2936 2436 2987 una,
2462 2937 2560 2975 una
2592 2923 2693 2976 erit
2719 2930 2772 2976 et
2799 2922 2984 2991 gloria.
3015 2922 3254 2976 l’osthaec
3279 2922 3402 2976 dato
3433 2922 3669 2988 silentio,
3697 2921 3764 2976 ah

2194 3013 2539 3066 altercatione
2560 3023 2821 3066 cessatum
2849 3021 2945 3067 est.
2971 3012 3060 3066 Ille
3083 3027 3293 3081 quoque
3314 3012 3378 3067 ad
3399 3009 3763 3082 Chilpericum

528 3106 711 3161 gentes
744 3098 1057 3165 incredulas,
1078 3111 1132 3154 ut
1161 3103 1287 3156 nulli
1319 3118 1452 3157 onus
1481 3120 1641 3174 grave
1663 3108 1902 3164 videatur
1922 3109 2087 3178 impo-

2195 3116 2373 3169 regem
2406 3104 2698 3163 accedens,
2731 3102 2923 3156 oblatis
2955 3101 3263 3156 muneribus
3293 3117 3412 3170 quae
3439 3117 3531 3156 rex
3565 3101 3764 3172 Ilispa-

528 3202 676 3253 nere,
708 3189 841 3243 sicut
870 3191 1178 3259 quihusdam
1209 3193 1338 3248 dicit
1369 3213 1381 3248 :
1414 3196 1518 3249 Lac
1545 3195 1572 3236 δ
1602 3201 1736 3254 vobis
1767 3215 1938 3270 potum
1969 3203 2088 3256 dedi

529 3295 631 3332 non
667 3296 831 3334 escam
871 3297 891 3335 :
929 3285 1152 3337 nondum
1192 3287 1324 3340 enim
1363 3292 1623 3356 poteratis,
1656 3293 1745 3345 sed
1789 3311 1880 3348 nec
1921 3296 2088 3351 adhuc

528 3374 727 3437 quidem
758 3375 959 3442 potestis
989 3374 1039 3444 (1
1072 3374 1190 3429 Cor.
1224 3393 1280 3431 ιιι
1299 3419 1314 3444 ,
1342 3378 1426 3448 2).
1457 3379 1801 3451 Perfectorum
1827 3395 1898 3439 est
1926 3389 2085 3447 enim,

529 3461 724 3515 solidus
761 3463 898 3516 cibus
940 3463 1096 3530 (Hel).
1131 3480 1179 3531 ν,
1216 3465 1324 3537 14).
1357 3468 1460 3524 Sed
1490 3480 1541 3524 et
1567 3472 1682 3526 aliis
1709 3472 1839 3527 dicit
1877 3492 1892 3530 :
1941 3475 2088 3528 Nihil

529 3552 665 3605 vobis
693 3555 990 3622 pradicavi,
1020 3558 1118 3611 nisi
1148 3558 1429 3624 Christum,
1459 3571 1505 3615 et
1547 3563 1676 3616 hunc
1707 3566 2007 3634 cruciﬁxum
2037 3567 2089 3636 (I

532 3641 650 3696 Cor.
681 3660 738 3706 tt.
765 3645 842 3714 2).
872 3645 1020 3702 Nunc
1045 3658 1218 3704 autem
1247 3651 1370 3720 quid
1407 3652 1506 3718 vis,
1532 3667 1565 3707 ο
1593 3661 1647 3708 ιιι
1677 3654 1944 3722 literetice,
1969 3662 2088 3726 quia

530 3734 724 3791 Paulus
751 3738 1017 3794 Christum
1051 3749 1250 3796 tantum
1279 3744 1587 3800 cruciﬁxum
1626 3747 1932 3816 prmdicavit
1953 3790 1966 3810 ,
1994 3765 2086 3804 re-

530 3831 825 3885 surrexisse
853 3841 906 3885 tu
935 3832 1176 3888 dubitas?
1202 3836 1432 3890 Adverte
1461 3839 1634 3905 potius
1662 3839 1919 3894 cautelam
1952 3841 2088 3909 ejus,

531 3932 586 3974 et
613 3923 729 3975 vide
755 3923 1023 3989 astutiam,
1047 3926 1170 3994 quid
1199 3925 1317 3980 aliis
1339 3927 1488 3991 dicit,
1510 3944 1641 3997 quos
1669 3931 1989 3986 robustiores
2015 3933 2090 3985 vi-

531 4013 690 4068 debat
715 4015 768 4069 in
795 4014 898 4071 ﬁde
931 4034 944 4072 :
972 4015 1040 4071 Et
1065 4019 1129 4082 si,
1159 4019 1347 4090 inquit,
1376 4021 1603 4075 novimus
1633 4020 1889 4076 Christum
1918 4034 1939 4061 σ
1975 4041 2092 4077 cru-

531 4108 756 4174 ciﬁxum,
781 4126 914 4162 nunc
938 4121 1100 4165 autem
1137 4115 1252 4184 jam
1281 4129 1380 4166 non
1411 4118 1634 4168 norimus
1661 4113 1711 4182 (1
1722 4113 1746 4166 1
1775 4115 1957 4179 Conv,
1980 4115 2089 4185 16).

534 4198 673 4268 Nega
704 4215 830 4271 ergo
859 4209 912 4255 tu
941 4212 1218 4258 accusator
1245 4204 1424 4269 Pauli,
1457 4207 1501 4259 si
1548 4214 1686 4258 tanta
1732 4217 1960 4260 mentem
1991 4207 2088 4262 de-

536 4290 726 4342 ruentia
756 4290 916 4359 cepit,
936 4291 1057 4360 quia
1087 4307 1184 4347 nec
1206 4295 1489 4349 cruciﬁxus
1514 4306 1612 4349 est.
1639 4297 1761 4360 Sed,
1787 4312 1985 4364 quaeso,
2007 4313 2091 4352 re-

536 4380 712 4447 linque
729 4381 916 4445 ista,et
945 4385 1065 4439 audi
1091 4387 1369 4441 consilium
1399 4389 1624 4443 melius:
1654 4391 1845 4444 adhibe
1871 4391 2086 4461 collyria

532 4469 698 4521 oculis
731 4470 912 4537 lippis,
939 4481 991 4525 et
1021 4472 1190 4528 lucem
1222 4476 1614 4542 praedicationis
1640 4480 1943 4546 apostolicze
1972 4496 2088 4549 per-

532 4557 666 4624 cipe.
713 4558 1012 4614 Secundum
1065 4561 1304 4617 homines
1345 4565 1485 4620 enim
1537 4566 1847 4634 loquebatur
1896 4567 2088 4625 Paulus

535 4647 806 4714 humilius,
829 4659 882 4701 ut
909 4665 1002 4706 eos
1028 4654 1091 4705 ad
1122 4654 1362 4710 celsioris
1389 4657 1507 4710 ﬁdei
1539 4657 1742 4727 fastigia
1770 4661 2086 4727 sublevaret,

530 4741 670 4794 sicut
695 4741 816 4794 alibi
849 4745 923 4795 ait
955 4761 966 4794 :
1002 4745 1245 4800 Omnibus
1276 4750 1444 4802 omnia
1471 4752 1636 4818 factus
1665 4769 1804 4816 sum,
1836 4764 1889 4806 ut
1918 4771 2088 4810 omnes

531 4837 874 4902 lucrifacerem
924 4834 976 4905 (1
1003 4836 1118 4889 Cor.
1149 4853 1222 4902 ιιι,
1249 4839 1362 4910 ΞΞ).
1395 4841 1634 4911 Nunquid
1667 4845 1822 4898 homo
1850 4847 2086 4903 mortalis

533 4940 640 4978 ltou
669 4933 751 4977 est
780 4924 999 4979 daturus
1027 4926 1248 4992 gloriam
1281 4928 1436 4994 Fillo,
1467 4947 1622 4999 quem
1655 4933 1766 5001 ipse
1796 4935 1952 4990 Pater
1981 4951 2084 4992 non

531 5016 695 5069 semel
719 5055 734 5078 ,
757 5017 847 5070 sed
878 5016 959 5070 bis
989 5026 1042 5071 et
1072 5018 1225 5071 tertio
1249 5018 1559 5088 gloriﬁcavit
1584 5039 1613 5075 e
1639 5025 1808 5079 caelo?
1836 5029 2084 5084 Ausculta

531 5108 654 5175 quid
676 5107 742 5162 de
769 5110 918 5163 costis
945 5108 1196 5180 loquitur,
1217 5125 1334 5164 cum
1366 5111 1504 5168 idem
1532 5115 1713 5184 Filius,
1733 5117 2086 5176 descendente

603 5251 629 5319 ξι
668 5241 756 5296 Sic
782 5243 964 5319 Corb.,
1020 5244 1341 5319 8ec.,¢Colb_.
1374 5247 1630 5319 a.,7Cmo.
1659 5265 1709 5305 c.
1750 5262 1803 5303 et
1849 5252 2037 5319 Regm.
2066 5270 2079 5317 ;

533 5309 618 5365 alii
643 5328 750 5393 non
781 5315 972 5368 habent
999 5333 1112 5369 sua.
1160 5318 1223 5370 Et
1253 5317 1385 5370 iul‘ra
1427 5309 1582 5373 Corb.
1609 5332 1661 5374 et
1697 5322 1904 5392 Regm.,
1928 5309 2080 5393 quot;

538 5391 651 5448 quot
676 5397 808 5443 eum,
836 5395 938 5438 etc.

605 5449 631 5486 δ
658 5449 778 5503 Haec
801 5453 981 5530 verba,
1007 5457 1266 5530 usquead
1283 5458 1408 5510 nihil
1428 5459 1583 5523 vobis,
1607 5461 1795 5515 desunt
1817 5461 1868 5515 in
1889 5454 2086 5530 Corb.:

535 5533 654 5587 qua:
682 5531 761 5573 est
792 5527 1064 5583 scriptoris
1088 5527 1324 5578 omissio.

607 5600 628 5626 ο
673 5588 806 5641 Editi
826 5629 839 5648 ,
866 5588 1035 5642 Iesum
1056 5594 1327 5647 Christum.

601 5658 627 5696 ⁸
671 5662 878 5729 πιθειιι.,
909 5662 1166 5730 clari/iret.
1198 5665 1258 5718 Et
1290 5665 1442 5732 infra,
1474 5669 1856 5732 clnrifrcari.....
1885 5673 2076 5733 clariﬁ~

2194 3205 2383 3244 norum
2416 3191 2650 3255 miserat,
2677 3192 2727 3244 in
2760 3191 3059 3260 Hispaniam
3090 3200 3173 3246 est
3205 3206 3492 3260 regressus.

2262 3277 2395 3332 XLI.
2429 3279 2712 3348 Comperto
2729 3289 2900 3333 autem
2929 3279 3258 3350 Chilpericus
3284 3296 3375 3336 rex
3405 3281 3543 3352 quod
3574 3281 3752 3337 Gunt-

2191 3375 2478 3428 chramnus
2524 3373 2684 3427 irater
2723 3371 2839 3442 ejus
2881 3386 3000 3425 cum
3041 3371 3381 3427 Childeberto
3430 3382 3622 3441 nepote
3662 3389 3766 3429 suo

2192 3481 2374 3534 pacem
2409 3467 2626 3531 fecerat,
2656 3474 2708 3520 et
2736 3464 2996 3529 civitates,
3029 3479 3159 3534 quas
3186 3465 3443 3519 violenter
3464 3465 3762 3534 invaserat,

2191 3557 2238 3610 ei
2271 3559 2425 3609 simul
2462 3557 2655 3610 vellent
2683 3557 2910 3620 auferre,
2940 3570 3059 3611 cum
3092 3558 3336 3612 omnibus
3362 3557 3626 3612 thesauris
3646 3558 3764 3612 suis

2193 3647 2244 3701 in
2294 3647 2734 3702 Cameracensem
2777 3649 2959 3703 urbem
3012 3649 3287 3716 discessit,
3329 3659 3382 3703 et
3417 3650 3594 3704 omnia
3639 3667 3765 3716 quae

2192 3739 2382 3792 melius
2413 3739 2606 3792 habere
2632 3747 2891 3807 potuerat,
2917 3753 3098 3794 secum
3124 3739 3261 3794 tulit.
3295 3740 3536 3810 Misitque
3559 3741 3628 3795 ad
3659 3742 3762 3796 du-

2191 3843 2282 3883 ces
2312 3838 2365 3883 et
2393 3831 2615 3885 comites
2643 3832 2915 3886 civitatum
2949 3831 3163 3886 nuntios
3184 3871 3200 3900 ,
3227 3841 3285 3885 ut
3311 3846 3489 3886 muros
3530 3846 3761 3899 compo-

2192 3933 2384 3977 nerent
2412 3923 2641 3989 urbium,
2691 3938 2882 3990 resque
2929 3937 3052 3978 snas
3081 3939 3199 3978 cum
3231 3924 3488 3978 uxoribus
3528 3933 3583 3978 et
3633 3923 3764 3980 ﬁliis

2193 4018 2327 4074 inl‘ra
2360 4034 2630 4074 murorum
2664 4021 2984 4075 munimenta
3014 4020 3409 4086 concluderent,
3442 4029 3601 4089 atque
3629 4019 3762 4088 ipsi,

2192 4111 2238 4164 si
2276 4111 2566 4165 necessitas
2597 4111 2850 4181 exigeret,
2897 4121 3252 4180 repugnarent
3279 4110 3521 4178 viriliter,
3562 4123 3630 4164 ne
3679 4111 3762 4164 eis

2193 4215 2316 4271 pars
2363 4201 2585 4256 adversa
2626 4210 2874 4266 noceret,
2920 4201 3044 4255 illud
3093 4201 3331 4255 addens:
3360 4200 3426 4255 Et
3461 4201 3508 4255 si
3555 4199 3759 4269 aliquid

2193 4293 2552 4362 perdideritis,
2586 4308 2706 4347 cum
2735 4293 2803 4348 de
2834 4293 3060 4347 inimicis
3085 4293 3247 4362 319
3277 4292 3611 4356 ulciscemur,
3636 4307 3760 4345 ma-

2191 4383 2307 4453 jora
2347 4385 2700 4451 conquiretis;
2746 4384 2986 4438 nesciens
3017 4384 3369 4452 patrationem
3408 4382 3757 4437 victoriarum

2195 4477 2246 4530 in
2292 4490 2446 4528 manu
2495 4475 2585 4530 Dei
2633 4475 2943 4529 consistere.
2996 4475 3194 4529 Deinde
3241 4474 3435 4543 saepius
3459 4475 3760 4530 exercitum

2194 4577 2513 4633 commovet,
2565 4575 2618 4622 et
2664 4567 2853 4621 iterum
2903 4565 3040 4620 intra
3087 4566 3368 4622 terminum
3417 4566 3761 4637 requiescere

2188 4657 2358 4724 jubet.
2394 4656 2484 4710 llis
2520 4656 2704 4711 diebus
2735 4657 2784 4712 ei
2828 4656 2966 4709 ﬁlius
3008 4663 3164 4710 natus
3192 4663 3297 4719 est,
3329 4669 3490 4724 quem
3542 4654 3596 4708 in
3626 4656 3760 4712 villa

2192 4748 2572 4802 Victoriacensi
2603 4757 2626 4784 °
2660 4747 2860 4801 nutrire
2909 4748 3183 4818 praecepit,
3241 4747 3425 4801 dicens
3454 4761 3469 4801 :
3495 4745 3571 4801 Ne
3618 4746 3758 4804 forte

2189 4841 2313 4895 dum
2332 4843 2539 4908 publice
2553 4841 2774 4907 videtur,
2790 4840 2987 4909 aliquid
3013 4839 3137 4894 mali
3163 4840 3397 4895 incurrat
3408 4847 3463 4894 et
3474 4838 3758 4894 moriatur.

2263 4932 2418 4986 XLII.
2450 4931 2820 4987 Childebertus
2844 4947 2972 4985 vero
2993 4947 3084 4985 rex
3119 4931 3170 4985 iu
3200 4931 3401 4986 Italiam
3431 4931 3579 4986 abiit.
3603 4932 3757 4998 Quod

2193 5037 2309 5076 cum
2357 5022 2628 5077 audissent
2670 5020 3080 5088 Langobardi‘,
3131 5023 3376 5078 timentes
3421 5038 3485 5077 ue
3513 5022 3594 5100 .ah
3639 5023 3759 5092 ejus

2191 5119 2426 5171 exercitu
2471 5115 2823 5183 caederentur,
2871 5115 3218 5171 subdiderunt
3265 5130 3325 5172 se
3368 5116 3558 5172 ditioni
3604 5116 3758 5187 ejus,

2191 5249 2382 5371 “gain
2414 5317 2610 5386 Belgio.
2641 5315 2730 5370 ubi
2774 5317 2984 5370 occisus
3013 5316 3180 5370 fuerat
3208 5315 3508 5382 Sigibertus
3541 5331 3608 5370 ex
3650 5317 3755 5372 lib.

2188 5404 2236 5440 Iv
2263 5405 2378 5452 cap.
2414 5389 2507 5458 ult.
2541 5386 2704 5439 Filius
2731 5397 2905 5458 autem
2935 5386 3215 5453 Chilperici
3265 5387 3347 5440 hic
3395 5396 3752 5458 memoratus,

2189 5457 2517 5537 postmodum
2544 5458 2841 5512 Chlotarius
2880 5457 3050 5511 dictus
3089 5469 3191 5520 est,
3224 5467 3276 5510 et
3323 5458 3455 5526 patri
3485 5457 3540 5510 in
3582 5457 3755 5525 regno

2187 5535 2458 5580 successit.

2265 5597 2279 5632 τ
2327 5600 2397 5650 De
2419 5595 2578 5648 variis
2620 5595 2942 5650 Childeberti
2975 5598 3024 5649 in
3073 5596 3273 5650 Italiam
3313 5594 3752 5664 expeditionibus

2188 5669 2377 5721 Paulus
2408 5666 2547 5722 Diae.
2583 5668 2674 5723 lib.
2707 5682 2781 5736 ιιι,
2812 5682 2927 5735 cap.
2962 5668 3023 5720 l7
3061 5679 3114 5721 et
3145 5681 3291 5734 seqq.
3322 5667 3540 5722 Exstant
3578 5681 3641 5722 ca
3675 5671 3752 5723 tte
