3942 6190
76 247 149 298 ttl‘J
947 246 1265 303 HISTORIA
1306 245 1746 302 FRANCORUM.
1795 246 1996 302 LIBER
2034 246 2327 306 SEXTUS.

3214 253 3318 313 «ilo

84 367 225 419 multa
268 365 318 418 ei
358 365 557 418 dantes
600 376 845 428 munera,
893 377 957 417 ac
988 364 1357 432 promittentes
1396 377 1455 418 se
1495 362 1633 432 parti
1661 367 1714 428 Α
1739 361 1825 427 lis,
1853 361 2172 434 aeribusque
2196 362 2568 420 incommodis.
2589 367 2707 434 Quo
2731 366 3003 438 defuncto,
3035 371 3316 438 filiuseius

93 455 186 525 ejus
223 468 338 508 esse
381 454 560 509 lideles
605 461 766 524 atque
803 452 1103 524 subjectos;
1137 455 1464 526 patratisque
1508 468 1630 509 cum

94 550 159 602 liis
177 548 410 602 omnibus
432 563 546 618 qute
575 546 741 602 voluit
768 562 883 614 rex,
908 546 962 601 in
991 548 1191 603 Gallias
1220 557 1301 604 est
1327 563 1627 620 regressus,

97 651 228 706 atque
268 641 560 694 exercitum
627 640 956 696 commoveri
1019 644 1317 712 praecepit,
1370 657 1528 712 quem
1575 641 1631 696 in

95 729 365 797 Hispaniam
395 731 550 801 dirigi
577 730 777 800 jussit,
806 731 898 786 sed
930 732 1135 802 quievit
1163 742 1215 787 ει.
1265 735 1346 789 Ab
1397 748 1629 803 tmpera-

100 835 192 876 tore
236 833 411 878 autem
464 825 720 880 Mauricio
763 835 888 880 ante
925 825 1023 881 hos
1059 842 1227 881 annos
1253 830 1631 900 quinquaginta

95 916 228 968 millia
257 917 548 971 solidorum
576 926 879 986 acceperat,
908 928 963 972 ut
989 918 1363 989 Langobardos
1390 921 1456 975 de
1483 920 1631 975 Italia

93 1006 378 1063 extruderet.
411 1007 612 1063 Audito
647 1017 826 1063 autem
874 1009 1183 1078 imperator,
1218 1011 1357 1080 quod
1399 1025 1518 1065 cum
1550 1012 1631 1066 his

93 1101 131 1151 in
157 1114 271 1167 pace
312 1099 632 1169 eonjunctus
677 1111 793 1168 est,
841 1101 1120 1167 pecuniam
1167 1105 1474 1168 repetebat:
1524 1117 1618 1158 seu

91 1190 177 1248 hic.
205 1191 326 1246 ﬁdus
355 1206 383 1244 a
415 1193 624 1248 solatiis
647 1234 662 1260 ,
691 1207 757 1249 ne
805 1208 1119 1264 responsum
1151 1195 1366 1264 quidem
1397 1209 1493 1265 pro
1526 1195 1627 1250 hac

92 1298 137 1337 re
161 1285 306 1339 voluit
330 1285 584 1340 reddere.

146 1373 306 1431 XLIII.
345 1375 403 1430 In
433 1375 660 1432 Gallicia
705 1375 733 1415 δ
762 1393 975 1454 quoque
1018 1393 1174 1434 novae
1206 1393 1292 1433 res
1319 1388 1452 1435 actae
1482 1388 1632 1439 sunt.

94 1482 184 1533 qua:
204 1466 506 1538 desuperius
539 1479 560 1507 ο
591 1470 1048 1526 memorabuntur.
1079 1470 1242 1540 Igitur
1266 1486 1384 1527 cum
1413 1472 1632 1528 Herme-

93 1558 315 1627 uegildus,
342 1561 480 1616 sicut
501 1576 662 1631 supra
684 1561 916 1616 diximus
945 1558 996 1627 ἀ,
1029 1563 1164 1631 patri
1196 1562 1436 1617 infensus
1461 1571 1630 1632 esset,

93 1659 131 1702 et
157 1653 197 1704 in
222 1651 430 1706 civitate
462 1653 694 1722 quadam
727 1652 993 1722 Hispaniae
1023 1668 1144 1707 cum
1173 1652 1398 1723 conjuge
1427 1653 1632 1709 reside-

1736 453 1990 509 Euriehus
2019 455 2347 510 Leuvieliildi
2397 456 2536 527 regis
2580 459 2842 516 amicitias
2887 465 3122 533 expetit;
3153 467 3311 521 datu-

1733 557 1856 610 que,
1881 552 1936 597 nt
1959 552 2112 613 pater
2131 544 2351 612 fecerat,
2373 557 2724 614 sacramento,
2752 566 2968 621 regnum
2989 552 3102 609 Gall
3129 557 3312 615 cien~e

1733 633 1989 703 suscepit.
2023 634 2134 689 Hoc
2164 650 2289 690 vero
2317 650 2457 692 anno
2483 649 2735 706 cognatus
2764 644 2879 711 ejus
2909 645 3109 700 Andica
3139 644 3190 712 ιι,
3220 653 3311 718 qui

1731 735 1970 778 sororem
2015 724 2159 780 illius
2210 726 2583 796 desponsatam
2628 731 2875 797 habebat,
2911 751 3028 789 eum
3075 742 3314 796 exercitu

1731 818 1896 882 venit,
1929 817 2429 890 apprehensumque
2458 823 2706 878 clericum
2745 823 2758 862 ί
2793 825 2934 893 facit,
2970 844 3030 884 ac
3053 829 3304 885 diacnua--

1733 916 1816 960 tus
1846 907 1955 962 sive
1997 911 2313 980 presbyterii
2363 911 2409 968 ei
2458 914 2655 984 imponi
2693 917 2950 973 honorem
2977 921 3166 991 jubet:
3197 926 3312 992 ipse

1731 1012 1859 1050 vero
1885 1012 2100 1066 accepta
2130 1001 2304 1056 soceri
2349 1003 2432 1058 sui
2469 1020 2635 1062 uxore
2668 1010 2715 1073 ι,
2745 1009 3062 1067 Galliciense
3091 1029 3313 1085 regnum

1729 1091 1976 1147 obtinuit.
2011 1092 2387 1150 Leuvichildus
2439 1112 2568 1153 vero
2609 1100 2772 1154 filium
2813 1117 2969 1157 suum
3020 1105 3283 1162 llermene

1730 1181 1932 1250 gildum
1958 1184 2120 1252 cepit,
2156 1194 2209 1239 et
2237 1200 2417 1241 secum
2448 1204 2614 1259 usque
2641 1191 2883 1249 Toletum
2915 1195 3154 1264 adduxit,
3183 1214 3314 1254 con-

1733 1284 1992 1332 demnans
2021 1293 2143 1333 eum
2181 1281 2403 1350 exsilio;
2433 1299 2653 1341 uxorem
2696 1297 2870 1343 tamen
2903 1292 3017 1360 ejus
3047 1307 3077 1346 a
3109 1290 3313 1351 Graecis

1731 1366 1940 1433 eripere
1971 1383 2077 1423 non
2110 1372 2304 1438 potuit.

1805 1459 1984 1516 XLIV.
2027 1463 2271 1520 Locustae
2312 1482 2524 1538 quoque
2565 1469 2633 1525 de
2667 1471 2965 1542 Carpitania
2998 1476 3263 1544 provincia
3289 1519 3310 1546 ,

1731 1565 1889 1620 quam
1922 1568 2015 1622 per
2033 1555 2265 1626 quinque
2283 1568 2622 1615 vastaverant
2648 1577 2835 1630 annos,
2863 1566 2964 1621 hoc
2990 1581 3128 1622 anno
3151 1569 3308 1641 321

1732 1658 2049 1713 progressae,
2081 1662 2436 1719 aggeremque
2461 1652 2730 1720 publicum
2763 1664 3025 1725 tenentes,
3053 1659 3117 1714 ad
3149 1663 3311 1716 aliam

92 1749 168 1806 ret,
197 1741 375 1796 solatio
408 1743 581 1796 fretus
613 1742 971 1812 imperatoris,
1003 1753 1160 1812 atque
1190 1744 1410 1799 MirOniS
1445 1753 1468 1780 ο
1497 1744 1625 1799 Gal-

1740 1749 1791 1789 se
1819 1737 2173 1806 provinciam,
2207 1755 2324 1809 qua:
2350 1742 2471 1797 huic
2495 1745 2664 1797 vicina
2692 1755 2810 1800 erat
2841 1749 3148 1816 provinciis,
3181 1766 3312 1806 con-

94 1832 286 1888 lieiensis
331 1835 498 1905 regis,
555 1844 757 1904 patrem
805 1836 872 1888 ad
918 1851 978 1891 se
1008 1849 1127 1890 cum
1158 1838 1398 1890 exercitu
1446 1836 1632 1892 venire

94 1926 320 1993 cognovit,
353 1927 750 1996 consiliumque
775 1909 903 1979 iniit
943 1925 1172 1995 qualiter
1198 1927 1500 1981 venientem
1543 1936 1634 1981 aut

97 2019 378 2087 repelleret,
429 2030 527 2074 aut
577 2029 825 2074 necaret:
856 2019 1102 2075 nesciens
1152 2020 1316 2074 miser
1357 2020 1616 2089 judicium

97 2112 170 2165 sibi
195 2113 460 2170 imminere
481 2114 752 2179 divinum,
776 2116 864 2180 qui
890 2123 1073 2168 contra
1099 2117 1417 2186 genitorem,
1449 2128 1634 2183 quam-

101 2201 198 2257 libet
243 2205 576 2273 baeretieum,
627 2205 749 2260 talia
801 2205 1078 2276 cogitaret.
1130 2205 1324 2260 Ilabito
1367 2220 1494 2276 ergo
1526 2213 1633 2259 tra-

100 2306 225 2364 ctatu,
263 2299 324 2355 de
371 2300 560 2354 multis
606 2300 840 2353 virorum
885 2298 1120 2352 millibus
1169 2305 1438 2352 trecentos
1488 2297 1632 2351 viros

103 2389 224 2457 elegit
247 2399 504 2454 armatos,
541 2398 592 2445 et
635 2389 769 2443 infra
819 2397 1052 2443 castrum
1105 2385 1266 2443 Osser
1294 2385 1340 2453 ί,
1389 2386 1548 2457 320
1577 2386 1632 2441 in

103 2479 217 2546 cujus
240 2481 452 2536 ecclesia
485 2482 667 2535 fontes
695 2479 947 2536 divinitus
978 2479 1336 2546 complentur,
1367 2478 1627 2533 includit:

106 2580 147 2622 ut
167 2572 343 2626 scilicet
369 2573 550 2638 primo
583 2571 784 2640 impetu
811 2569 878 2623 ab
907 2569 995 2623 his
1025 2577 1175 2639 pater
1207 2568 1418 2622 territus
1445 2583 1506 2621 ac
1529 2568 1631 2621 las-

113 2669 240 2724 satus,
266 2661 468 2716 facilius
499 2661 572 2714 ab
597 2658 833 2713 inferiori
879 2673 1061 2724 manu,
1087 2672 1204 2728 qua:
1234 2665 1351 2712 erat
1380 2655 1628 2726 plurima,

109 2754 372 2810 vinceretur.
407 2753 652 2824 Denique
689 2753 770 2807 liis
805 2752 946 2808 doiis
976 2751 1354 2806 Leuvichildus
1402 2757 1490 2806 rex
1541 2765 1632 2805 co-

106 2846 239 2913 gnitis,
262 2849 584 2918 cogitatione
615 2846 844 2899 maxima
870 2845 1134 2915 fatigatur.
1163 2845 1250 2916 Si,
1286 2845 1478 2915 inquit,
1506 2843 1631 2900 illuc

108 2954 193 2994 cum
225 2943 354 2997 omni
401 2941 649 2998 exercitu
692 2939 906 3004 abiero,
959 2939 1311 3009 conglobatus
1355 2937 1410 2993 in
1462 2953 1625 2992 unum

108 3035 315 3090 exercitus
342 3033 781 3092 adversariorum
803 3029 1002 3100 jaculis
1029 3030 1398 3086 crudelissime
1425 3030 1629 3085 saucia-

1739 1827 1995 1882 mlerunt.
2045 1829 2223 1897 Quare
2270 1835 2496 1902 Spatium
2540 1835 2593 1887 in
2632 1845 2845 1892 centum
2873 1837 2899 1874 k
2930 1841 3308 1912 quinquaginta

1735 1923 2041 1979 extenditur
2073 1924 2235 1978 millia
2268 1926 2575 1995 longitudo;
2605 1929 2830 1985 latitudo
2859 1947 2988 1987 vero
3014 1933 3067 1988 in
3094 1944 3308 1992 centum

1737 2013 1968 2070 millibus
2017 2016 2349 2071 terminatur.
2396 2018 2505 2073 Iloe
2553 2035 2693 2074 anno
2725 2022 2887 2076 multa
2939 2024 3178 2092 prodigia
3205 2039 3302 2094 ap-

1735 2117 2026 2175 paruerunt
2069 2109 2120 2162 in
2155 2109 2365 2177 Galliis,
2403 2113 2833 2185 vastationesque
2883 2116 3064 2173 multa:
3093 2118 3307 2176 fuerunt

1735 2197 1786 2252 in
1833 2199 2048 2268 populo.
2091 2200 2220 2254 Nam
2268 2217 2452 2257 mense
2493 2203 2747 2260 Januario
2793 2221 2933 2261 rosae
2971 2210 3101 2262 visae
3141 2220 3304 2276 sunt;

1739 2287 1881 2340 circa
1907 2288 2074 2342 solem
2101 2304 2311 2358 quoque
2338 2289 2569 2345 circulus
2593 2307 2815 2363 magnus
2835 2297 3101 2365 apparuit,
3131 2297 3307 2352 diver-

1733 2378 1809 2431 sis
1841 2377 2111 2433 coloribus
2139 2381 2348 2448 mistus,
2375 2392 2429 2436 ut
2461 2386 2596 2437 solet.
2619 2384 2669 2437 in
2697 2385 2788 2438 illo
2817 2385 3050 2441 cmlestis
3073 2387 3166 2446 iris
3195 2404 3307 2443 ani-

1735 2468 1848 2523 liitu
1898 2469 2074 2539 pluvia
2104 2470 2411 2528 discedente
2452 2471 2469 2510 ι
2502 2477 2804 2530 monstrari.
2839 2476 3033 2534 Pruina
3076 2485 3308 2550 graviter

1733 2561 1917 2616 vineas
1969 2561 2206 2629 exussit;
2258 2574 2545 2632 tempestas
2594 2567 2756 2623 etiam
2799 2569 3080 2626 subsecuta
3123 2573 3308 2630 vineas

1732 2663 2047 2725 segetesque
2084 2671 2178 2725 per
2208 2658 2435 2727 plurima
2469 2659 2580 2715 loca
2610 2663 2857 2730 vastavit,
2884 2665 3156 2720 residuum
3188 2683 3308 2736 quo-

1731 2760 1835 2814 que
1879 2748 2156 2818 grandinis
2201 2751 2417 2807 siccitas
2472 2754 2731 2809 immensa
2776 2759 3128 2828 consumpsit.
3183 2761 3297 2817 Exi-

1731 2850 1973 2910 guusqne
2023 2841 2225 2897 fructus
2270 2845 2323 2898 in
2368 2843 2630 2915 aliquibus
2661 2847 2831 2902 vineis
2877 2849 3043 2916 visus,
3094 2851 3146 2905 in
3179 2850 3300 2908 aliis

1730 2946 1859 2986 vero
1886 2933 2081 2999 nullus,
2115 2934 2185 2989 ita
2217 2944 2272 2989 ut
2300 2935 2419 2990 irati
2447 2947 2631 2991 contra
2664 2938 2829 2994 Deum
2861 2939 3126 3010 homines,
3158 2952 3305 3004 nate-

1730 3026 1885 3083 factis
1914 3029 2148 3084 aditibus
2173 3031 2470 3098 vinearum,
2506 3047 2695 3101 pecora
2727 3035 2811 3089 vel
2831 3034 3095 3105 jumenta,
3129 3038 3298 3092 intro-

111 3134 184 3178 tur.
221 3126 270 3184 Si
295 3144 414 3183 vero
464 3142 598 3184 cum
644 3126 823 3196 paucis
864 3126 1048 3180 vadam
1073 3165 1089 3192 ,
1128 3125 1363 3180 virorum
1409 3123 1626 3179 fortium
1655 3132 1703 3197 α
1735 3119 2029 3185 mitterent,
2071 3122 2257 3177 noxias
2305 3123 2403 3177 sibi
2448 3125 2812 3181 immiscentes
2858 3127 3038 3183 miseri
3073 3145 3257 3198 preces
3283 3171 3302 3196 ,

111 3229 271 3272 uiauum
297 3234 495 3289 nequeo
533 3231 788 3287 superare
811 3232 825 3282 ;
857 3225 1032 3272 tamen
1056 3230 1175 3270 curn
1199 3215 1447 3271 omnibus
1469 3215 1556 3269 ibo
1580 3225 1630 3270 8.

112 3306 155 3360 Et
187 3313 412 3367 accedens
445 3312 528 3366 ad
562 3311 736 3366 locum
782 3311 928 3366 viros
979 3309 1250 3380 protrivit,
1287 3320 1631 3381 castrumque

115 3402 367 3469 tUltlbIISSII,
395 3408 551 3458 sicut
589 3402 701 3472 jam
742 3401 986 3472 superius
1014 3413 1365 3457 memoratum
1392 3413 1492 3459 est.
1528 3403 1630 3458 Pa-

113 3499 205 3545 trata
227 3510 414 3566 quoque
439 3497 698 3560 victoria,
731 3498 981 3565 cognovit
1009 3494 1263 3550 Mironem
1291 3509 1472 3565 regem
1503 3511 1634 3552 con-

115 3594 168 3635 tra
201 3601 248 3643 se
292 3607 402 3644 cum
455 3590 706 3644 exercitu
791 3588 1027 3644 residere
1101 3589 1217 3657 Quo
1265 3587 1628 3660 circumdato,

119 3689 384 3738 sacramenta
412 3684 583 3754 exigit
611 3683 712 3737 sibi
759 3683 813 3736 in
844 3695 1116 3752 posterum
1159 3683 1276 3739 fore
1307 3684 1538 3740 ﬁdelem.
1564 3685 1631 3739 Et

119 3771 169 3822 sic
201 3775 315 3830 datis
355 3778 454 3831 sibi
500 3775 737 3831 invicem
787 3775 1122 3842 muneribus,
1167 3778 1528 3846 unusquisque
1560 3777 1627 3831 ad

121 3866 274 3930 propria
293 3878 367 3922 est
392 3883 695 3940 regressus.
727 3866 832 3922 Sed
861 3866 994 3921 Miro
1017 3879 1295 3937 postquam
1323 3869 1374 3921 in
1404 3868 1629 3936 patriam

121 3954 252 4018 rediit,
279 3974 373 4013 non
397 3962 602 4014 multos
634 3967 753 4026 post
791 3958 906 4013 dies
934 3973 1226 4014 conversus
1255 3959 1319 4013 ad
1349 3960 1628 4026 lectulum,

120 4044 235 4102 obiit:
253 4051 530 4109 infirmatus
557 4053 706 4109 enim
730 4053 798 4106 ab
841 4053 992 4123 aquis
1019 4052 1286 4123 Hispania:
1315 4051 1489 4108 fuerat
1516 4068 1630 4110 ma-

124 4235 162 4301 re
178 4224 341 4301 aliquot
367 4231 633 4301 epistolae,
662 4245 781 4300 quae
806 4230 963 4287 editae
982 4239 1107 4287 sunt
1132 4248 1162 4286 a
1192 4231 1391 4289 Chesn.
1419 4243 1475 4292 et
1501 4234 1631 4292 Fre-

125 4290 232 4370 hero.
247 4290 293 4353 in
318 4290 500 4372 quibus
528 4290 818 4356 Mauricius
846 4311 901 4357 et
947 4302 1063 4372 ejus
1091 4302 1325 4371 praefecti
1354 4290 1441 4361 de
1460 4290 1630 4361 Fran-

124 4365 192 4440 C_i5.
212 4365 348 4442 quasi
368 4376 431 4427 de
454 4373 674 4428 violatae
700 4373 820 4426 tidei
845 4373 950 4426 reis
976 4365 1398 4442 conqueruntur.
1427 4379 1630 4432 Autha-

123 4445 200 4518 Qus
217 4441 495 4518 t_.lepigfili_us
522 4454 654 4518 tunc
675 4443 813 4512 apud
839 4441 1219 4518 Langobardos
1237 4447 1512 4516 regnabat,
1535 4451 1628 4518 qui

125 4500 366 4588 nmen
391 4515 693 4588 dignitatem
713 4500 1032 4588 'appellat'us
1063 4525 1139 4588 est
1163 4531 1176 4580 ;
1206 4500 1453 4586 isttrdque
1479 4500 1630 4588 bili:
1656 4518 1709 4582 D

125 4587 257 4659 tamen
281 4585 715 4659 subsequentibus
739 4586 952 4659 regibus
977 4587 1285 4659 gentisgsua:
1309 4585 1625 4659 transmisit,

124 4653 162 4694 ut
182 4650 312 4724 reiert
336 4650 520 4709 Paulus
546 4656 697 4709 Diae.
726 4650 824 4709 lib:
849 4671 928 4720 ιιι,
952 4650 1072 4724 cap.
1100 4656 1187 4711 16.

125 4725 191 4832 ηδ·
224 4719 411 4793 Regm.,
449 4728 539 4781 sed
573 4727 741 4792 nescio
769 4744 866 4796 qua
896 4719 957 4780 de
996 4719 1148 4781 causa
1177 4730 1441 4785 remansit.
1490 4730 1632 4786 Nam

126 4853 385 4970 ιπξηςοτδη
412 4865 564 4922 Colb.
596 4876 649 4922 et
675 4867 860 4933 Freh.,
891 4867 1086 4923 Gallia.
1110 4869 1238 4925 Bad.
1270 4873 1484 4940 melius,
1512 4873 1632 4928 Cal-

139 4939 233 4982 εσια,

175 5006 192 5085 ξ
223 5001 418 5085 βᾳμὶεε,
444 5011 684 5085 desectis;
711 5009 847 5085 unde
870 5011 1023 5085 Colb.
1050 5027 1102 5085 3.
1131 5011 1296 5085 habet
1318 5015 1551 5085 inferius.

175 5067 324 5148 [μὴ.
342 5067 417 5148 νγξ
433 5097 548 5148 cap.
583 5067 677 5145 59,
706 5081 845 5148 quod
873 5083 1014 5136 vide.
1049 5083 1187 5138 Urbs
1211 5085 1298 5138 hic
1331 5067 1614 5140 memorata

127 5140 418 5224 amamus,
445 5140 529 5224 cui
559 5140 684 5224 tunc
709 5140 934 5220 prmerat
961 5154 1242 5224 episcopus
1264 5157 1321 5210 S.
1359 5155 1620 5223 Leander.

126 5209 173 5292 ἶίξ
192 5208 424 5292 Tiberium
449 5223 578 5290 imp.
609 5208 829 5292 legatus,
861 5233 916 5277 ut
954 5208 1620 5292 opemiadversuvaeuvi:

125 5281 610 5368 ﬁtldumintploraret.
659 5281 688 5292 ν
818 5281 828 5288 1
934 5365 943 5368 _
992 5281 1048 5368 In

180 5357 200 5385 ⁸
234 5353 271 5406 Is
291 5353 393 5413 erat
416 5364 724 5429 catholicus,
760 5372 905 5431 patre
933 5353 1098 5431 ipsi‘us
1128 5382 1247 5421 eum
1277 5377 1384 5422 tota
1414 5368 1622 5424 Suevoo

127 5426 386 5504 ξιξιηηῐςῐιιο,
402 5435 481 5486 cui
504 5426 816 5503 imperabat,
852 5426 1245 5504 per-Martinum
1271 5439 1610 5494 Dumiensem

198 5488 346 5576 fidem
373 5488 594 5576 'rectam'
617 5488 870 5560 adducio'.
894 5488 1150 5563 ieiune;

131 5550 312 5641 !‘i||0ras_
331 5575 558 5641 vulgatus
603 5575 656 5629 in
687 5579 953 5631 Chronico
989 5581 1226 5635 scribunt
1263 5553 1531 5636 Mironetn.
1565 5583 1616 5636 in

130 5621 364 5768 ﬁglpzllgiuldi
383 5621 621 5702 auxilium
643 5663 951 5718 accessisse,
979 5653 1238 5723 vitamque
1263 5653 1462 5709 liniissc
1482 5655 1620 5724 apud

229 5720 347 5763 διιω.

1734 3224 1893 3284 atque
1918 3215 2154 3271 dicentes
2191 3231 2208 3271 :
2242 3215 2520 3287 Nunquam
2564 3217 2617 3272 in
2659 3219 2740 3274 his
2768 3220 2939 3276 vineis
2970 3222 3170 3290 palmes
3202 3240 3300 3277 na-

1733 3318 1911 3363 scatur
1939 3309 1994 3363 in
2035 3310 2446 3380 sempiternum.
2487 3311 2721 3369 Arbores
2770 3329 2918 3382 vero,
2965 3331 3082 3385 quze
3121 3331 3309 3372 mense

1732 3398 1872 3454 Julio
1917 3414 2074 3470 poma
2123 3404 2476 3471 protulerant,
2516 3419 2702 3460 mense
2750 3404 3056 3477 Septembri
3104 3410 3310 3464 fruetus

1732 3490 1866 3547 alios
1900 3492 2203 3549 ediderunt.
2239 3495 2454 3550 Morbus
2493 3511 2743 3565 pecorum
2782 3499 3002 3554 iteratus
3052 3498 3308 3568 invaluit,

1732 3583 1804 3638 ita
1835 3593 1892 3638 ut
1921 3585 2008 3638 vix
2035 3584 2324 3657 quidquam
2356 3598 2684 3643 remaneret.

1803 3695 1961 3752 XLV.
2003 3699 2219 3754 Interim
2263 3700 2667 3758 advenientibus
2696 3703 2947 3760 Kalendis
2976 3705 3307 3775 Septembri-

1730 3789 1852 3858 bus,
1882 3790 2204 3847 Gottltorum
2234 3809 2426 3863 magna
2474 3795 2672 3865 legatio
2700 3798 2768 3851 ad
2817 3813 2994 3865 regem
3038 3798 3307 3868 Cliilpcrio

1730 3895 1850 3936 cum
1881 3882 2104 3936 accedit.
2136 3883 2255 3952 Ipse
2278 3899 2403 3939 vero
2427 3883 2538 3954 jam
2571 3901 2844 3955 regressus
2874 3889 3122 3954 Parisios,
3152 3889 3307 3944 fami-

1731 3973 1829 4028 lias
1858 3972 2049 4028 multas
2074 3973 2142 4028 de
2170 3973 2416 4028 domibus
2455 3975 2726 4032 fiscalibus
2754 3986 2790 4012 τη
2814 3979 3011 4034 auferri
3042 3981 3308 4050 praecipit,

1729 4072 1784 4131 et
1811 4063 1863 4119 in
1893 4063 2144 4133 plaustris
2185 4067 2470 4134 componi;
2523 4065 2717 4122 inultos
2765 4084 2978 4138 quoque
3023 4069 3211 4127 ﬂentes
3253 4083 3308 4131 et

1806 4235 1825 4274 ί
1868 4237 1970 4292 Alii
2000 4237 2168 4304 Osset,
2199 4252 2293 4292 seu
2337 4237 2496 4303 Oser;
2528 4249 2758 4294 castrum
2808 4251 2920 4296 erat
2959 4258 3025 4298 ex
3072 4242 3305 4303 adverso

1733 4306 1984 4378 llispalis,
2015 4309 2141 4364 olim
2173 4325 2200 4362 a
2230 4309 2484 4364 Romanis
2509 4311 2654 4364 Julia
2683 4312 2980 4367 Constantia
3009 4313 3231 4373 dictum.

1804 4390 1828 4426 ε
1871 4380 2058 4446 Corb.,
2083 4381 2195 4447 ibit,
2225 4396 2320 4449 pro
2345 4382 2455 4434 ivit.

1808 4451 1833 4485 ιι
1870 4450 2040 4526 _Edit.,
2069 4454 2302 4526 Auduco.
2340 4452 2742 4526 ltegannmen
2778 4469 2885 4510 non
2913 4456 3187 4526 exprimit.

1809 4530 1826 4558 ι
1869 4521 2104 4576 Isidorus
2130 4525 2182 4576 in
2204 4521 2488 4587 Chronico,
2517 4524 2838 4578 Euboricutn
2868 4521 3190 4584 monachum
3224 4528 3305 4585 fa-

1732 4602 1876 4646 ctum
1908 4593 1962 4646 in
1985 4593 2308 4647 monasterio
2329 4594 2637 4647 damnatum
2666 4597 2733 4650 ab
2756 4598 2958 4654 Audica
2986 4601 3146 4655 luisse
3175 4602 3305 4656 scri-

1734 4664 1830 4718 bit.
1857 4663 2002 4718 ldem
2030 4666 2187 4738 refert
2211 4664 2577 4738 Leuvigildum
2601 4665 2795 4738 Suevis
2816 4668 3013 4724 bellum
3037 4673 3300 4738 intulisse,

1736 4739 1788 4788 in
1817 4749 1922 4803 quo
1952 4737 2120 4788 victus
2148 4736 2368 4812 etidica,
2401 4737 2715 4812 presbyterii
2757 4739 2936 4812 officio
2962 4736 3301 4812 mancipatus

1736 4814 1837 4868 est,
1862 4820 1966 4882 quo
1992 4814 2142 4882 pacto
2161 4806 2467 4882 summum
2485 4809 2839 4882 imperiumin
2869 4806 3305 4882 HiSpaniis'dele-

1737 4883 1849 4928 tum
1881 4876 1992 4928 fuit.
2024 4875 2157 4928 Vide
2179 4875 2332 4930 Joan.
2365 4875 2923 4936 Biclar.‘Clironicum.

1813 4947 1840 5018 ιγ
1873 4944 2173 5014 Siseguntia
2215 4948 2466 5002 nimirum
2505 4949 2725 5005 Mironis
2780 4967 2945 5009 uxore
2979 4992 2995 5018 ,
3037 4968 3104 5009 ex
3144 4951 3302 5008 Joan.

1737 5016 1926 5070 Biclar.
1953 5018 2242 5071 Chronico.

1801 5087 1825 5124 Ιι
1866 5087 1920 5138 In
1952 5086 2085 5141 Cod.
2115 5087 2276 5142 Corb.
2310 5089 2461 5144 deest
2493 5101 2710 5146 centum.

1808 5159 1817 5194 '
1864 5157 1994 5210 Cod.
2026 5159 2202 5220 Colb.,
2229 5160 2578 5214 descendente.

1798 5238 1836 5266 πε
1868 5228 2062 5303 llnjus__
2087 5229 2188 5282 loci
2221 5234 2502 5303 occasione
2532 5233 2598 5303 de
2627 5229 3165 5303 domibusfiscalibus
3193 5234 3303 5303 agit

1727 5299 1968 5370 Valesius
2012 5300 2104 5353 lib.
2161 5315 2239 5354 xi.
2293 5302 2484 5353 lterum
2533 5299 2802 5370 Francic.,
2851 5301 3030 5370 aitque
3083 5299 3296 5360 veteres

1723 5367 2016 5424 Germanos
2069 5385 2173 5422 non
2224 5371 2403 5434 urbes,
2451 5369 2546 5423 sed
2597 5372 2746 5424 villas
2795 5381 2848 5426 et
2881 5367 3023 5427 vicos
3054 5373 3296 5432 habitare

1723 5443 2090 5506 consuevisse,
2141 5443 2192 5494 in
2224 5443 2416 5508 quibus
2471 5455 2620 5494 suam
2671 5443 2894 5510 quisque
2923 5442 3196 5509 familiam,
3241 5453 3302 5503 es

1724 5526 1888 5582 pecus
1919 5513 2366 5580 quamplurimum
2413 5522 2639 5581 poterat,
2673 5513 2870 5567 alebat.
2912 5513 3087 5568 Nostri
3118 5527 3297 5572 autem

1726 5597 1899 5649 reges,
1934 5598 2081 5637 more
2125 5584 2226 5636 hoc
2268 5591 2502 5647 retento,
2531 5585 2835 5653 complures
2857 5585 3120 5654 ejusmodi
3145 5589 3300 5644 villas

1731 5655 2046 5717 habuerunt,
2079 5670 2172 5723 per
2203 5664 2369 5709 tntum
2409 5670 2630 5726 regnum
2677 5669 2911 5723 Sparsas,
2969 5660 3040 5712 ita
3072 5667 3131 5711 ut
3162 5673 3298 5712 nuu-

1732 5741 1891 5794 quam
1921 5726 2033 5782 fere
2081 5736 2232 5782 extra
2265 5742 2388 5782 suas
2427 5729 2636 5796 domos,
2685 5728 2844 5783 etiam
2890 5730 2944 5786 in
2992 5728 3298 5797 itineribus,
