3942 6190
612 264 702 320 Ml
1590 267 1649 327 S.
1689 264 2018 325 GREGORII
2059 263 2360 321 EPISCOPI
2397 263 2823 321 TURONENSIS
3733 270 3830 323 412

610 376 847 434 nolentes
872 377 1040 439 abire.
1068 378 1121 433 in
1169 379 1463 434 custodiam
1508 380 1712 435 retrudi
1757 378 1936 449 jussit,
1969 387 2030 433 ut
2074 391 2167 432 eos
2196 379 2246 437 Α
2271 388 2383 428 mas
2404 383 2458 429 et
2482 374 2688 441 oscula,
2719 389 2837 428 cum
2883 376 2950 429 de
2990 382 3138 443 porta
3170 375 3537 446 egrederetur,
3571 392 3676 431 uno
3721 395 3832 434 car-

608 466 811 522 lacilius
853 482 975 524 cum
1028 469 1135 524 ﬁlia
1180 472 1542 526 transmittere
1580 480 1778 541 posset.
1821 472 1950 523 Nam
2003 468 2179 524 ferunt
2278 481 2423 520 mea:
2453 464 2671 521 eﬁ‘racto
2696 482 2813 526 axe.
2842 480 3029 521 omnes
3057 466 3351 521 Mala-hora
3391 468 3677 522 dixerunt:
3703 469 3835 539 quod

607 559 802 612 multos
827 559 925 613 sibi
965 560 1034 615 ob
1064 560 1199 615 hanc
1232 562 1636 617 amaritudinem
1666 563 1827 615 vitam
1875 561 2061 629 laqueo
2087 574 2179 613 ex—

609 650 845 715 torsisse,
875 650 999 705 dum
1026 651 1093 706 de
1124 653 1429 721 parentibus
1479 652 1710 721 propriis
1739 652 1935 706 auferri
1976 659 2179 706 metue-

606 738 755 794 bant.
787 741 1142 811 Separabatur
1166 754 1341 799 autem
1370 743 1511 798 ﬁlius
1541 760 1569 798 a
1593 756 1764 814 patre,
1798 753 1971 799 mater
1990 760 2021 798 a
2048 743 2176 814 ﬁlia,

606 837 659 880 et
684 844 803 882 cum
830 832 975 899 gravi
999 832 1199 901 gemitu
1227 848 1289 886 ac
1312 832 1774 888 maledictionibus
1799 831 2175 898 discedebant;

608 931 890 992 tantusque
920 925 1161 993 planctus
1202 927 1253 980 in
1284 927 1414 980 urbe
1439 926 1598 997 322
1648 925 1911 981 Parisiaca
1942 933 2077 993 erat,
2123 933 2181 979 ut

609 1013 838 1077 planctui
866 1026 1259 1085 compararetur
1284 1012 1556 1088 Egyptio.
1598 1017 1745 1072 Multi
1773 1031 1902 1072 vero
1928 1017 2179 1071 meliores

607 1116 731 1158 natu
764 1115 788 1141 ³
807 1150 822 1173 ,
852 1108 941 1177 qui
965 1107 1017 1163 vi
1037 1108 1492 1178 compellebantur
1520 1109 1691 1174 abire,
1721 1116 2036 1163 testamenta
2064 1122 2182 1163 con-

607 1198 876 1266 didernnt,
922 1217 1113 1273 resque
1165 1218 1289 1258 suas
1341 1203 1578 1259 ecclesiis
1634 1202 1972 1272 deputantes,
2023 1209 2181 1272 atque

606 1304 864 1360 petentes,
901 1305 955 1349 ut
983 1310 1103 1350 cum
1136 1296 1187 1350 in
1218 1297 1497 1365 Hispanias
1532 1296 1705 1366 puella
1742 1296 2040 1359 introisset,
2069 1305 2180 1351 sta-

606 1382 698 1437 tim
727 1394 1038 1441 testatnenta
1066 1385 1175 1452 illa,
1216 1399 1465 1458 tanquam
1509 1388 1554 1441 si
1580 1386 1689 1456 jam
1734 1395 1916 1442 essent
1959 1388 2177 1455 sepulti,

550 1542 557 1547 Α
608 1485 998 1530 reserarentur.
1033 1478 1239 1534 Interea
1269 1479 1424 1548 legati
1470 1478 1610 1548 regis
1654 1477 1978 1531 Childeberti
2038 1479 2181 1531 Pari-

606 1567 715 1618 sios
767 1567 1117 1633 advenerunt,
1168 1579 1532 1625 contestantes
1579 1569 1885 1639 Chilperico
1938 1570 2069 1636 regi,
2123 1581 2179 1623 ut

607 1658 740 1712 nihil
771 1660 836 1714 de
866 1661 1184 1726 civitatibus,
1212 1675 1341 1731 quas
1363 1662 1431 1717 de
1462 1676 1623 1731 regno
1649 1662 1812 1730 patris
1834 1660 1916 1715 sui
1943 1660 2174 1723 tenebat,

2278 569 2308 609 a
2335 557 2650 626 quibusdam
2693 572 2793 627 pro
2847 558 3085 627 auspicio
3131 569 3434 627 susceptum
3464 568 3565 614 est.
3615 560 3839 630 Denique

2283 647 2399 702 hinc
2427 648 2495 703 de
2525 649 2742 703 Parisiis
2787 663 3089 720 progressa,
3130 658 3318 705 octavo
3346 651 3413 705 ab
3443 652 3574 706 urbe
3603 652 3840 708 milliaria

2278 742 2503 796 tentoria
2539 741 2626 810 ﬁgi
2668 744 2937 811 praecepit.
2977 743 3265 813 Surgentes
3295 745 3437 799 enim
3467 744 3837 817 quinquaginta

2278 834 2377 889 viri
2418 834 2486 890 de
2546 844 2734 903 nocte,
2778 835 3122 906 apprehensis
3164 846 3377 891 centum
3425 837 3691 907 equitibus
3733 838 3835 909 [ΑΙ.

2278 925 2448 997 equis]
2474 928 2708 996 optimis,
2740 928 3063 997 totidemque
3102 927 3267 982 frenis
3304 931 3499 993 aureis,
3536 944 3597 984 ac
3642 930 3840 985 duabus

2278 1019 2482 1073 catenis
2510 1022 2736 1089 magnis,
2768 1019 2835 1073 ad
2866 1018 3267 1075 Childebertum
3298 1036 3478 1092 regem
3510 1021 3631 1092 fuga
3660 1022 3841 1092 dilapsi

2278 1107 2545 1162 abierunt.
2599 1108 2703 1164 Sed
2745 1116 2800 1164 et
2829 1124 2923 1178 per
2970 1117 3138 1163 totum
3181 1110 3283 1164 iter
3310 1126 3430 1165 cum
3463 1113 3568 1166 labi
3617 1114 3842 1182 quispa-

2279 1198 2487 1265 tuisset,
2520 1198 2823 1269 eﬁ‘ugiebat,
2853 1200 3029 1254 ferens
3074 1216 3256 1255 secum
3288 1216 3420 1270 quae
3473 1204 3712 1271 arripere
3756 1218 3842 1272 po-

2278 1291 2485 1347 luisset.
2517 1294 2810 1361 Apparatus
2849 1309 3059 1362 quoque
3094 1309 3315 1363 magnus
3345 1310 3593 1364 expensa;
3623 1294 3651 1332 ά
3679 1296 3745 1351 de
3767 1296 3843 1349 di-

2280 1384 2448 1437 versis
2474 1383 2773 1439 civitatibus
2818 1385 2869 1439 in
2914 1385 3106 1440 itinere
3148 1396 3500 1455 congregatus
3525 1396 3633 1452 est,
3666 1389 3719 1442 in
3747 1404 3844 1459 quo

2277 1470 2408 1525 nihil
2445 1472 2513 1527 de
2540 1472 2668 1527 ﬁsco
2709 1489 2805 1528 suo
2852 1489 2945 1528 rex
2972 1474 3085 1528 dari
3114 1478 3382 1545 praecepit,
3430 1478 3529 1530 nisi
3575 1478 3755 1532 omnia
3781 1480 3845 1533 de

2278 1579 2566 1634 pauperum
2598 1565 2920 1635 conjecturis
2961 1576 3008 1621 ε.
3041 1566 3147 1621 Sed
3191 1568 3441 1636 quoniam
3474 1569 3714 1636 suspicio
3740 1579 3847 1625 erat

2278 1654 2388 1723 regi
2418 1694 2435 1719 ,
2464 1670 2532 1708 ne
2561 1656 2726 1709 l'rater
2746 1666 2835 1708 aut
2863 1670 3028 1724 nepos
3057 1657 3263 1726 aliquas
3310 1657 3529 1711 insidias
3561 1659 3750 1726 puella
3790 1660 3845 1713 in

605 1748 864 1819 auferret,
909 1764 997 1809 aut
1041 1754 1106 1808 de
1138 1756 1401 1809 thesauris
1431 1753 1546 1823 ejus
1576 1754 1627 1806 in
1657 1752 1837 1821 aliquo
1870 1752 2028 1805 ﬁliam
2061 1766 2176 1804 mu-
2206 1749 2252 1810 B
2279 1745 2361 1801 via
2393 1758 2657 1814 pararent,
2693 1748 2940 1801 vallatam
2988 1748 3056 1802 ab
3108 1749 3345 1804 exercitu
3398 1764 3621 1820 pergere
3666 1750 3841 1820 jussit.

605 1854 838 1909 neraret,
882 1860 943 1900 ac
978 1860 1080 1900 non
1128 1846 1411 1915 mancipia,
1443 1859 1549 1898 non
1588 1844 1793 1913 equites
1823 1842 1932 1915 [ΑΙ.
1966 1840 2176 1915 equos],

604 1935 854 2005 nonjuga
886 1937 1073 2004 boum,
1122 1953 1294 2007 neque
1326 1937 1529 2006 aliquid
1576 1935 1946 2005 hujuscemodi
1993 1936 2059 1989 de
2100 1934 2182 1988 his

603 2024 825 2079 auderet
852 2026 1134 2097 attingere.
1166 2028 1240 2081 De
1289 2028 1480 2096 quibus
1557 2026 1745 2095 legatis
1791 2042 1953 2080 unum
2006 2025 2183 2080 ferunt

602 2119 735 2170 clam
766 2118 1164 2187 interemptum,
1207 2119 1304 2173 sed
1349 2119 1585 2173 nescitur
1612 2132 1641 2171 a
1668 2134 1791 2187 quo.
1831 2118 2075 2187 SUSpicio
2105 2127 2184 2171 ta-

605 2222 727 2261 men
758 2211 1066 2263 vertebatur
1087 2210 1154 2263 ad
1183 2224 1388 2279 regem.
1420 2209 1741 2263 Promittens
1764 2224 1889 2265 vero
1917 2209 2181 2278 Chilperi-

606 2311 703 2351 cus
727 2312 820 2351 rex
851 2298 983 2352 nihil
1014 2299 1080 2353 de
1111 2299 1193 2353 his
1231 2301 1560 2368 contingere,
1592 2302 1904 2355 convocatis
1941 2301 2182 2355 meliori-

604 2388 703 2444 bus
731 2390 972 2458 Francis,
1008 2393 1331 2461 reliquisque
1365 2393 1625 2454 tidelibus.
1660 2392 1870 2461 nuptias
1893 2395 2184 2449 celebravit

606 2479 725 2535 lilia:
755 2496 865 2535 sua}
907 2481 952 2539 δ.
1004 2482 1325 2552 'l‘raditaque
1356 2484 1540 2552 legatis
1573 2484 1909 2551 Gotthorum,
1960 2500 2182 2554 magnos

609 2572 658 2625 ei
692 2571 970 2627 thesauros
1021 2572 1197 2639 dedit;
1227 2574 1321 2628 sed
1364 2582 1419 2627 et
1464 2587 1635 2628 mater
1691 2572 1805 2642 ejus
1866 2576 2181 2630 immensum

603 2667 810 2737 pondus
835 2670 947 2724 auri
973 2671 1305 2740 argentique,
1337 2671 1449 2725 sive
1477 2670 1915 2725 vestimentorum
1945 2671 2181 2741 protulit,

606 2764 679 2814 ita
719 2772 778 2816 ut
800 2762 985 2818 videns
1017 2764 1130 2818 lucc
1151 2780 1266 2831 rex,
1299 2762 1429 2818 nihil
1457 2762 1556 2817 sibi
1600 2764 1920 2818 remansisse
1952 2773 2180 2831 putaret.

606 2853 774 2920 Quem
796 2870 1021 2910 cernens
1041 2856 1226 2928 regina
1247 2866 1593 2921 commotum,
1632 2869 1890 2910 conversa
1920 2856 1985 2909 ad
2016 2857 2183 2910 Fran-

603 2959 719 3008 cos,
748 2944 820 2999 ita
852 2947 966 3004 ait:
998 2945 1075 3001 Ne
1124 2947 1341 3016 putetis,
1391 2960 1425 3001 ο
1468 2946 1591 3011 viri,
1645 2944 1935 3014 quidquam
1984 2945 2071 3000 hic
2117 2947 2183 3001 de

606 3036 872 3093 thesauris
918 3040 1243 3095 anteriorum
1302 3054 1483 3109 regum
1540 3038 1742 3095 haberi.
1796 3039 1983 3093 Omnia
2039 3041 2180 3095 enim

2286 1841 2448 1896 Erant
2475 1851 2649 1895 autem
2699 1856 2820 1895 cum
2853 1856 2915 1896 ea
2950 1842 3047 1896 viri
3092 1842 3351 1912 magniﬁci
3386 1859 3399 1896 :
3451 1844 3595 1898 Bobo
3620 1843 3749 1909 dux,
3793 1845 3848 1897 ﬁ-

2286 1930 2387 1983 lius
2428 1930 2794 1995 Mnmmoleni,
2844 1945 2967 1985 cum
3005 1946 3195 2000 uxore,
3228 1934 3377 2001 quasi
3424 1937 3850 2005 paranymphus;

2286 2022 2668 2092 Domegiselus,
2718 2031 2771 2077 et
2814 2022 3182 2089 Ansoualdus;
3216 2024 3389 2094 major
3435 2027 3628 2079 domus
3678 2034 3851 2079 autem

2282 2116 2489 2172 Waddo
2523 2114 2567 2183 ί,
2598 2116 2686 2187 qui
2726 2116 2851 2171 olim
2880 2116 3223 2172 Santonicum
3251 2127 3460 2172 rexerat
3496 2120 3803 2172 comitatum
3834 2135 3851 2173 :

2283 2207 2546 2276 reliquum
2572 2222 2702 2261 vero
2724 2209 2907 2277 vulgus
2935 2223 3096 2277 super
3125 2216 3349 2278 quatuor
3370 2209 3534 2262 millia
3567 2220 3702 2264 erat.
3740 2209 3850 2264 Ca:-

2285 2301 2378 2354 teri
2410 2310 2585 2356 autem
2627 2300 2789 2355 duces
2813 2313 2865 2356 et
2895 2302 3168 2357 camerarii
3214 2310 3239 2349 Β
3258 2344 3275 2370 ,
3299 2303 3388 2372 qui
3418 2318 3539 2357 cum
3580 2318 3641 2358 ea
3670 2318 3851 2373 prope-

2284 2401 2555 2457 raverant,
2602 2392 2669 2447 de
2699 2392 2911 2446 Pictavo
2957 2394 3187 2462 regressi
3222 2402 3378 2458 sunt;
3430 2395 3517 2447 isti
3570 2409 3699 2448 vero
3732 2386 3853 2449 ‘iter

2283 2484 2644 2552 conﬁcientes,
2675 2484 2965 2554 pergebant
2993 2495 3051 2539 ut
3094 2495 3357 2555 poterant.
3389 2484 3492 2540 Per
3528 2501 3683 2555 quam
3711 2487 3851 2540 viam

2287 2585 2432 2631 tanta
2459 2578 2655 2645 spolia,
2688 2586 2951 2645 tantasque
2973 2577 3165 2647 prada:
3196 2575 3349 2631 facta:
3387 2586 3527 2641 sunt,
3568 2587 3620 2631 ut
3645 2578 3733 2631 vix
3761 2594 3852 2631 va-

2285 2670 2427 2724 leant
2467 2671 2734 2734 enarrari;
2768 2686 2888 2724 nam
2938 2670 3217 2740 hospitiola
3264 2685 3550 2740 pauperum
3577 2672 3854 2741 exspolia-

2285 2762 2432 2826 bant,
2464 2762 2649 2817 vineas
2688 2761 3061 2827 devastabant,
3097 2762 3168 2815 ita
3219 2770 3275 2815 ut
3321 2762 3501 2815 incisis
3545 2762 3853 2816 caudicibus

2286 2868 2404 2908 cum
2437 2854 2551 2908 uvis
2588 2851 2616 2890 ιι
2658 2853 2949 2919 auferrent,
2982 2854 3218 2907 levantes
3248 2868 3458 2921 pecora,
3491 2854 3574 2907 vel
3603 2852 3851 2922 quidquid

2285 2944 2523 2999 invenire
2559 2945 2873 3013 potuissent,
2908 2943 3148 3013 nihilque
3180 2958 3276 3013 per
3325 2943 3465 2997 viam
3509 2959 3611 3012 qua
3649 2943 3850 3013 gradie-

2286 3036 2477 3091 bantur
2516 3039 2911 3107 relinquentes;
2944 3037 3326 3105 impletumque
3370 3044 3453 3091 est
3480 3037 3624 3106 quod
3654 3036 3851 3091 dictum

606 3146 726 3198 qua}
748 3132 987 3197 cernitis,
1018 3131 1086 3187 de
1115 3146 1231 3187 mea
1277 3132 1603 3201 proprietate
1645 3132 1819 3185 oblata
1872 3140 2017 3196 sunt,
2063 3132 2181 3201 quia
2212 3125 2257 3188 C
2288 3135 2369 3180 est
2392 3142 2485 3196 per
2514 3126 2631 3181 Joel
2675 3128 2986 3196 prophetam
3021 3145 3033 3178 :
3070 3126 3345 3179 Residuum
3384 3126 3593 3181 locusta!
3640 3128 3851 3180 comedit

604 3223 735 3276 mihi
764 3223 1180 3292 gloriosissimus
1224 3240 1313 3279 rex
1354 3224 1518 3277 multa
1569 3224 1789 3293 largitus
1818 3232 1921 3277 est.
1974 3224 2043 3276 Et
2083 3238 2181 3292 ego

604 3313 857 3367 nonnulla
879 3315 947 3369 de
977 3315 1190 3384 proprio
1215 3315 1529 3383 congregavi
1578 3315 1757 3368 labore
1790 3324 1812 3352 ο
1832 3352 1848 3380 ,
1882 3321 1936 3368 et
1978 3314 2044 3368 de
2088 3313 2184 3370 do-

603 3404 777 3457 tnibus
802 3404 931 3458 mihi
956 3406 1249 3469 concessis,
1286 3416 1389 3458 tam
1418 3409 1483 3459 de
1510 3405 1769 3459 fructibus
1800 3421 1958 3473 quam
1990 3405 2057 3461 de
2089 3408 2183 3460 tri-

603 3492 763 3559 butis;
794 3494 1020 3565 plurima
1045 3499 1304 3565 reparavi.
1336 3496 1441 3551 Sed
1491 3507 1545 3549 et
1592 3511 1685 3550 vos
1733 3498 2040 3566 plerumque
2096 3514 2182 3553 me

601 3586 907 3641 muneribus
934 3588 1124 3642 vestris
1171 3587 1402 3651 ditastis,
1450 3586 1518 3642 de
1547 3588 1740 3657 quibus
1765 3597 1890 3642 sunt
1922 3589 2022 3642 ista
2062 3602 2181 3657 quas

604 3690 745 3731 nunc
770 3690 951 3731 coram
985 3677 1214 3743 videtis;
1246 3693 1365 3731 nam
1402 3680 1486 3732 hic
1535 3678 1601 3733 de
1660 3679 1923 3732 thesauris
1955 3678 2182 3745 publicis

602 3767 734 3823 nihil
768 3769 1012 3823 habetur.
1064 3767 1131 3822 Et
1159 3770 1239 3823 sic
1264 3769 1474 3823 animus
1502 3769 1646 3840 regis
1670 3769 1885 3824 delusus
1908 3779 2010 3823 est.
2046 3767 2178 3822 Nam

600 3870 744 3917 tanta
772 3861 870 3917 fuit
892 3863 1172 3918 multitudo
1202 3878 1403 3928 rerum,
1445 3872 1501 3915 ut
1544 3878 1734 3917 aurum
1765 3873 2176 3932 argentumque,

600 3966 652 4009 et
680 3955 883 4025 reliqua
912 3964 1247 4019 ornamenta,
1296 3956 1680 4025 quinquaginta
1735 3954 1969 4023 plaustra
2027 3955 2175 4007 leva-

599 4055 737 4102 rent.
766 4047 957 4101 Franci
1002 4061 1133 4101 vero
1175 4048 1338 4101 multa
1369 4046 1527 4117 323
1561 4060 1779 4101 munera
1816 4044 2128 4099 obtulerunt
2160 4061 2174 4098 :

598 4138 689 4192 alii
713 4151 923 4204 aurum,
943 4138 1033 4193 alii
1059 4147 1359 4207 argentum,
1381 4138 1842 4205 nonnulliequites
1867 4135 1942 4209 [1.
1961 4133 2174 4205 equos],

599 4229 836 4299 plerique
863 4232 1203 4295 vestimenta,
1236 4240 1289 4285 et
1319 4230 1683 4299 unusquisque
1725 4238 1782 4281 ut
1812 4229 1984 4297 potuit
2011 4229 2177 4282 dona-

600 4322 764 4377 tivum
787 4322 955 4379 dedit.
979 4322 1097 4378 Jam
1124 4338 1252 4378 vero
1282 4320 1600 4376 valefaciens
1626 4320 1824 4390 puella,
1856 4329 1976 4388 post
2005 4320 2177 4389 lacry-

599 4488 1031 4569 comminuet-ent;
1065 4480 1351 4569 eanuibus
1380 4479 1482 4533 sibi
1523 4478 1737 4558 suisque
1761 4477 1956 4569 Iomnia
1998 4476 2165 4558 [erme
2194 4509 2247 4569 Β

598 4548 1093 4617 suppeditabantur.
1125 4547 1196 4605 Ibi
1221 4552 1361 4606 enim
1389 4558 1540 4603 erant
1574 4547 1946 4617 agricultores,
1971 4548 2166 4602 vinito-

599 4633 706 4685 res,
740 4628 999 4686 pastores,
1030 4623 1208 4690 coqui,
1240 4623 1648 4690 pistores,etc.,
1678 4619 1765 4685 qui
1795 4632 1950 4690 suum
1972 4618 2167 4688 quique

596 4704 731 4758 opus
759 4689 1123 4757 exercebant,
1148 4692 1328 4760 illique
1371 4689 1511 4743 servi
1541 4690 1745 4760 li~cales
1795 4689 2167 4760 sivehregales

596 4757 942 4825 dicebantur;
973 4776 1105 4830 quos
1124 4761 1211 4815 alii
1236 4757 1481 4815 familiam
1516 4757 1860 4826 dominicam,
1887 4758 1974 4812 alii
2008 4757 2165 4815 mini-

596 4832 843 4888 steriales
873 4832 1046 4901 regios
1098 4833 1455 4900 appellabant.
1515 4830 1581 4883 lis
1630 4840 1735 4883 tam
1788 4831 1948 4895 villis,
2004 4846 2165 4899 quam

597 4903 902 4959 hominibus
952 4913 1214 4971 praeerant
1254 4902 1536 4956 domestici
1590 4902 1730 4969 regis
1785 4915 2161 4970 nonnunquam

595 4978 757 5030 etiam
785 4974 1014 5043 majores
1042 4974 1231 5028 domus
1258 4974 1404 5038 dicti,
1427 4975 1517 5041 qui
1543 4988 1608 5027 eo
1634 4975 1957 5039 potentiores
1986 4980 2156 5035 erant,

594 5061 700 5115 quo
729 5046 964 5115 pluribus
995 5046 1133 5099 villis
1166 5045 1621 5111 praeﬁciebantur;
1646 5044 1939 5115 unicuique
1973 5052 2158 5115 autem

594 5112 742 5170 villze
765 5130 893 5171 suus
920 5130 1035 5171 erat
1067 5126 1398 5185 procurator,
1432 5123 1581 5168 actor
1625 5114 1926 5167 dominicus
1956 5112 2153 5175 dictus,

594 5188 682 5252 qui
708 5186 1002 5242 domestico
1030 5188 1320 5256 subjectus,
1353 5186 1453 5254 ipsi
1486 5186 1744 5239 rationein
1778 5185 2002 5238 reddere
2024 5193 2161 5237 tene-

595 5257 769 5326 batur.
797 5257 953 5313 Tales
972 5272 1124 5312 erant
1148 5273 1331 5326 regum
1360 5266 1661 5311 nostrorum
1686 5256 1919 5320 tantilim,
1952 5269 2016 5307 ex
2044 5256 2161 5321 qui-

595 5327 696 5395 bus
719 5325 1186 5395 Chilpericusjure
1219 5325 1316 5383 Suo
1346 5336 1522 5395 utens,
1556 5331 1749 5382 multos
1775 5328 1935 5381 etiam
1968 5326 2159 5378 invitos

594 5394 648 5450 in
674 5394 976 5471 Hispaniam
1011 5394 1158 5454 abire
1186 5402 1381 5471 coegit.

670 5467 805 5539 {Sic
829 5467 1161 5534 dicebantur,
1191 5466 1567 5539 qui'dignitate
1612 5470 1785 5538 aliqua
1825 5477 1917 5522 aut
1969 5466 2160 5536 apibus

595 5536 901 5611 pollebant;
930 5536 1304 5611 nonnunquam
1332 5536 1493 5597 etiam
1534 5536 1753 5611 majores
1789 5550 1931 5603 natu,
1962 5548 2055 5591 aut
2081 5555 2161 5591 se-

596 5608 766 5665 niores
819 5608 1257 5677 appellabantur;
1312 5622 1367 5667 et
1411 5608 1711 5665 econtrariu
1764 5612 1983 5663 minores
2036 5617 2161 5661 natu

595 5684 684 5751 qui
725 5678 857 5734 nihil
895 5694 1056 5749 supra
1104 5682 1342 5751 plebeios
1392 5682 1678 5737 habebant.
1729 5681 1859 5737 Vide
1915 5680 2154 5735 Glossar.

599 5754 802 5826 Cungii.

2286 3236 2434 3273 eruca
2465 3218 2510 3284 ί,
2537 3231 2581 3273 et
2607 3222 2862 3273 residuum
2889 3234 3055 3274 erqu
3103 3219 3318 3272 comedit
3361 3219 3599 3284 bruchus,
3650 3229 3698 3274 et
3734 3220 3850 3274 resi-

2285 3313 2441 3367 duum
2471 3313 2644 3366 bruchi
2671 3314 2884 3366 comedit
2931 3314 3109 3383 rubigo
3151 3311 3289 3384 (Joel
3317 3328 3363 3378 l,
3410 3312 3491 3382 4).
3538 3312 3613 3366 Ita
3657 3322 3714 3369 et
3756 3315 3849 3367 hoc

2284 3415 2459 3459 actum
2489 3415 2572 3461 est
2609 3416 2871 3473 tempore,
2902 3403 3065 3475 32h.
3093 3413 3148 3457 ιιι
3190 3402 3456 3458 residuum
3488 3404 3692 3471 pruina:
3734 3422 3847 3475 pro-

2285 3506 2481 3553 tereret
2511 3506 2821 3566 tempestas,
2866 3508 2919 3550 et
2948 3495 3220 3550 residuum
3252 3496 3583 3560 tempestatis
3606 3506 3849 3551 exureret

2284 3587 2518 3654 siccitas,
2551 3594 2605 3641 et
2628 3587 2894 3640 residuum
2923 3585 3179 3639 siccitatis
3200 3585 3432 3638 auferret
3459 3584 3754 3640 hostilitas.

2353 3679 2534 3733 XLVI.
2593 3679 2685 3733 liis
2727 3680 2905 3748 itaque
2956 3692 3075 3731 cum
3120 3678 3219 3732 hac
3258 3678 3434 3747 prada
3488 3679 3848 3747 pergentibus,

2281 3772 2635 3842 Chilpericus,
2670 3770 2808 3825 Nero
2854 3772 3021 3825 nostri
3060 3772 3315 3839 temporis
3366 3780 3419 3825 et
3467 3772 3735 3836 Herodes,
3785 3774 3847 3827 ad

2284 3864 2465 3917 villam
2522 3860 2825 3925 Calensem,
2888 3876 3008 3930 quae
3071 3859 3232 3915 distat
3284 3860 3350 3915 ab
3400 3861 3531 3915 urbe
3588 3860 3849 3916 Parisiaca

2281 3954 2430 4023 quasi
2486 3962 2698 4006 centum
2748 3950 2958 4014 stadiis,
3011 3950 3264 4016 accedit,
3318 3952 3499 4021 ibique
3544 3955 3848 4008 venationes

2283 4052 2518 4100 exercet.
2550 4044 2788 4110 Quadam
2830 4058 2958 4098 vero
3000 4045 3085 4097 die
3129 4058 3406 4113 regressus
3453 4046 3520 4100 de
3549 4046 3847 4110 venatione,

2277 4139 2387 4208 jam
2415 4137 2741 4193 subobscura
2771 4144 2946 4201 nocte,
2974 4136 3098 4191 dum
3129 4135 3195 4191 de
3226 4152 3363 4205 equo
3385 4137 3772 4205 susciperetur,
3802 4147 3849 4192 et

2280 4246 2437 4285 unam
2468 4246 2680 4284 manum
2713 4242 2876 4298 super
2907 4228 3176 4298 scapulam
3204 4229 3354 4296 pueri
3380 4232 3662 4295 retineret,
3693 4232 3849 4284 adve-

2280 4322 2430 4378 niens
2457 4319 2672 4391 quidam
2698 4335 2820 4375 eum
2849 4319 3027 4375 cultro
3068 4318 3296 4389 percutit
3327 4318 3427 4374 sub
3452 4321 3729 4387 ascellam,
3762 4321 3850 4376 ite-

2344 4476 2373 4515 ι)
2417 4476 2547 4531 Vide
2569 4491 2687 4544 cap.
2718 4476 2750 4530 9
2777 4475 2897 4529 libri
2927 4472 3222 4544 sequentis.

2316 4559 2365 4587 νο
2408 4549 2462 4600 ln
2491 4548 2653 4603 Corb.
2679 4547 2829 4603 deest
2850 4546 3043 4600 labore.

2339 4616 2365 4656 ἀ
2426 4618 2614 4689 Regm.
2659 4627 2714 4674 et
2757 4617 2997 4682 Chesn.,
3052 4625 3099 4671 et
3148 4629 3486 4685 expensar...

2274 4699 2412 4746 sunt.

2342 4770 2365 4798 ο
2407 4759 2463 4815 id
2486 4768 2570 4815 est
2594 4757 3074 4814 contributionibus
3098 4771 3190 4812 seu
3211 4754 3473 4821 collectis,
3507 4755 3845 4825 potissimum

2267 4846 2385 4901 quae
2410 4840 2560 4886 extra
2589 4830 2828 4901 ordinem
2856 4827 3054 4901 ﬁebant
3083 4828 3276 4901 :_alias
3321 4827 3843 4901 co_njecta_diceban-

2269 4896 2373 4965 tur,
2403 4912 2458 4954 ut
2486 4902 2734 4955 observat
2756 4898 3132 4969 Bignoniusad
3170 4899 3262 4952 lib.
3294 4896 3608 4969 x.Marc_u_lﬁ,
3640 4912 3763 4969 cap.
3790 4897 3841 4950 3.

2340 4972 2358 5010 ί
2400 4972 2550 5026 Colb.
2583 4988 2654 5025 ιιι.
2675 4979 2729 5025 et
2748 4966 2844 5024 Ch'.
2866 4970 2961 5034 al.,
2994 4967 3213 5025 Watdo.‘
3235 4968 3443 5037 Regni”
3473 4966 3698 5033 Wardo;
3730 4968 3848 5022 Bec.

2270 5042 2480 5098 Waldo.
2510 5042 2567 5096 In
2608 5041 2783 5096 indice
2804 5040 3033 5104 capitum
3066 5038 3217 5092 Colb.
3249 5053 3324 5099 a.,
3354 5036 3600 5091 Walado.

2337 5122 2363 5162 ε
2402 5112 2738 5167 Camerarios
2758 5110 2975 5166 eosdem
3007 5124 3068 5165 ac
3108 5108 3464 5165 cubicularios
3509 5106 3683 5163 fuisse
3728 5121 3850 5163 cen-

2265 5193 2346 5238 set
2371 5183 2658 5252 Bignonius
2706 5183 2760 5235 in
2810 5180 3025 5234 l‘ormul.
3076 5178 3145 5252 25
3175 5180 3267 5234 ιιι).
3304 5178 3609 5252 ιίΜποιιιιί,
3648 5179 3843 5234 Eorum

2271 5248 2461 5308 ollicia'
2496 5254 2809 5307 llincmarus
2837 5253 3055 5315 exponit
3094 5250 3176 5304 his
3207 5251 3427 5304 verbis:
3480 5248 3557 5303 De
3586 5250 3849 5304 honestate

2266 5341 2384 5379 vero
2409 5325 2602 5395 palatii,
2632 5339 2719 5376 seu
2742 5310 3026 5395 specialiter
3056 5329 3353 5395 ornamenta
3382 5321 3569 5395 regali,
3612 5336 3715 5374 nec
3754 5334 3847 5395 non

2268 5388 2572 5450 etde'donis
2614 5394 2798 5446 annuis
2849 5393 3083 5453 militum,
3141 5393 3328 5457 absque
3374 5391 3485 5442 cibo
3534 5404 3580 5442 et
3604 5400 3735 5457 potu
3781 5388 3849 5441 vel

2266 5467 2425 5536 equis,
2478 5464 2545 5518 ad
2562 5468 2788 5532 reginam
2816 5464 3194 5536 pracip_ue,_e_t_
3228 5458 3316 5514 sub
3344 5460 3457 5536 ipsa
3502 5461 3571 5512 ad
3613 5476 3845 5536 camera-

2267 5528 2725 5605 rium-pertinebat,
2759 5543 2862 5605 etc.
2919 5532 3047 5605 Vide
3092 5530 3308 5605 _Tili_utn,
3365 5528 3644 5605 Falcetum
3696 5532 3839 5599 Orig,

2268 5609 2361 5665 lib.
2386 5600 2436 5665 ιζ
2468 5620 2585 5674 cap.
2615 5606 2703 5669 ll,
2726 5614 2779 5659 et
2807 5603 3055 5674 Cangium
3090 5602 3143 5655 in
3170 5600 3463 5656 Glossario.

2341 5675 2367 5714 ιι
2404 5672 2589 5739 Colb.,
2624 5674 2864 5727 calicibus
2891 5672 3101 5727 curratis.

2345 5746 2363 5786 ί
2415 5746 2600 5812 Corb.,
2632 5760 2807 5815 erugo.

3528 4622 3849 4687 congregata
