3942 6190
547 255 654 313 415

549 367 732 425 xxv.
772 368 850 423 De
867 369 1044 438 spoliis
1090 366 1364 438 Marileiﬁ.

546 439 762 498 XXVI.
812 436 959 502 Quod
987 437 1350 493 Gundovaldus
1381 437 1610 490 ciuitates
1651 436 1903 488 circumit.

1532 251 1592 309 S.
1631 249 1956 308 GREGOBII
2001 249 2309 306 EPISCOPI
2349 249 2775 308 TUROPIENSIS

3697 241 3834 295 ιη»

545 511 650 581 XX
661 508 807 581 VII.
843 509 918 564 De
940 509 1133 581 injuria
1178 506 1436 581 Magnulﬁ
1465 506 1610 579 [Mss.
1637 507 1709 581 al_.
1741 503 1993 576 Aginulﬁ]
2022 505 2268 576 episcopi.

548 580 654 635 XX
669 579 830 635 VIII.
868 577 1019 647 Quod
1046 577 1290 634 exercitus
1319 577 1488 631 inante
1515 577 1746 630 accessit.

550 650 765 704 XXIX.
815 649 891 703 De
937 651 1146 704 interitu
1199 647 1452 713 Eberulﬁ.

549 721 707 791 XXX
715 760 742 791 ._
778 720 854 773 De
883 721 1058 791 legatis
1081 719 1426 791 Gundovaldi.

549 789 763 845 XXXI.
813 791 888 844 De
909 787 1135 856 r'eliquiis
1163 789 1324 843 sancti
1354 788 1522 859 Sergii
1551 787 1809 858 martyris.

547 861 799 916 XXXII.
845 860 920 914 De
944 863 1060 914 aliis
1090 859 1414 914 Gundovaldi
1442 860 1648 928 legatis.

552 930 835 985 XXXIII.
889 933 1035 995 Quod
1071 928 1421 984 Childebertus
1449 927 1517 982 ad
1547 928 1987 982 Guntclzramnum
2015 936 2250 995 patruum
2274 942 2426 979 suum
2455 927 2609 981 venit.

550 1000 820 1057 XXXIV.
875 1002 1025 1065 Quod
1053 1000 1424 1056 Gundovaldus
1453 1000 1712 1054 Convenas
1755 999 1900 1052 abiit.

551 1071 784 1126 XXXV.
837 1073 914 1125 De
941 1072 1149 1125 basilica
1177 1072 1340 1125 sancti
1379 1069 1628 1140 Vincentii
1655 1070 1896 1140 martyris
1923 1068 2232 1135 Aqenncnsis
2259 1074 2471 1122 vastata.

552 1141 710 1195 XXX
726 1142 820 1196 VI.
862 1142 939 1195 De
958 1143 1293 1195 collocatione
1320 1139 1644 1195 Gundovaldi
1680 1156 1793 1193 cum
1824 1144 2065 1195 exercitu.

550 1211 860 1266 XXXVII.
905 1212 981 1266 De
1017 1213 1147 1266 bello
1171 1223 1348 1266 contra
1382 1212 1572 1266 urbem.

552 1281 890 1337 XXXVIII.
921 1282 996 1336 De
1022 1283 1229 1336 interitu
1273 1281 1614 1338 Gundovaldi.

551 1352 601 1424 ζ
609 1351 708 1424 XX
714 1352 814 1408 IX.
862 1351 938 1406 De
959 1353 1163 1424 interitu
1185 1353 1453 1423 Sagittarii
1475 1349 1698 1424 episcopi
1725 1359 1772 1404 et
1801 1347 2092 1404 Mummoli.

551 1421 670 1476 XL.
727 1425 806 1478 De
831 1424 1080 1478 thesauris
1109 1421 1400 1477 Muminoli.

551 1491 711 1564 Χ
740 1494 816 1548 De
857 1495 1079 1564 gigante.

552 1563 735 1616 XLII.
778 1562 873 1618 De
905 1562 1087 1617 uirtute
1115 1563 1276 1618 sancti
1318 1562 1552 1618 Martini.

553 1632 771 1688 XLIII.
818 1633 893 1687 De
922 1635 1189 1689 Desiderio
1231 1644 1279 1689 et
1305 1635 1369 1687 de
1403 1634 1658 1689 Wadone.

554 1701 605 1774 ζ
611 1703 680 1774 LI
697 1703 758 1758 V.
804 1705 881 1758 De
917 1707 1127 1759 muliere
1153 1705 1472 1774 pythonissa.

554 1771 733 1846 XV.
776 1775 850 1830 De
873 1777 1009 1846 fame
1036 1771 1162 1830 anni
1184 1771 1469 1842 prtesentis.

556 1843 761 1899 XLVI.
807 1843 882 1900 De
912 1848 1122 1901 interitu
1153 1844 1531 1913 ChristOphori.

558 1913 650 1969 XL
667 1915 792 1972 VII.
831 1917 910 1972 De
934 1918 1062 1973 bello
1082 1918 1217 1972 civili
1245 1923 1375 1971 inter
1396 1915 1521 1969 ciues
1544 1914 1843 1969 Turonicos.

566 2077 3829 2103 ———————————-——-—_—-"——‘-——-——————-———

1479 2215 1957 2324 LIBER
2030 2212 2322 2320 SEP
2342 2209 2884 2334 TIMUS,

629 2449 790 2519 329
832 2446 871 2500 1.
905 2445 1052 2500 Licet
1080 2453 1106 2481 ι
1135 2445 1201 2498 sit
1249 2441 1482 2497 studium
1528 2439 1804 2494 historiam
1850 2437 2132 2508 prosequi,
2163 2441 2219 2502 Α
2241 2438 2504 2508 integram
2533 2438 2858 2494 detulerunt.
2885 2438 3123 2505 Quodam
3167 2450 3342 2498 autem
3377 2451 3632 2510 tempore,
3669 2444 3833 2501 febre)

564 2557 718 2610 quam
753 2540 984 2609 priorum
1029 2538 1283 2591 librorum
1314 2534 1445 2590 ordo
1488 2533 1736 2602 reliquit,
1765 2541 1942 2586 tamen
1989 2533 2135 2602 prius

564 2635 732 2702 aliqua
777 2631 846 2687 de
890 2631 1026 2686 beati
1074 2629 1239 2685 Salvii
1264 2628 1499 2698 episcopi
1533 2627 1682 2683 obitu
1712 2625 1951 2696 exposcit
1992 2624 2132 2694 loqui

564 2724 792 2790 devotio,
820 2726 908 2793 qui
941 2724 1040 2778 hoc
1068 2738 1208 2776 anno
1237 2721 1435 2776 obiisse
1465 2721 1716 2790 probatur
1742 2719 1791 2772 ι).
1826 2718 1922 2773 llic
1958 2718 2130 2784 enim,

565 2825 620 2868 ut
658 2815 770 2883 ipse
811 2813 1011 2868 referre
1037 2820 1157 2867 erat
1201 2811 1413 2876 solitus,
1457 2810 1545 2864 diu
1575 2810 1627 2863 in
1670 2810 1850 2862 habitu
1896 2807 2136 2861 surculari

567 2913 934 2966 commoratus,
966 2917 1088 2958 cum
1122 2901 1389 2972 judicibus
1418 2901 1598 2956 szeculi
1625 2899 1921 2954 mundialcs
1947 2911 2136 2952 causas

567 3007 644 3052 est
689 3007 1012 3051 exsecutus:
1061 3009 1332 3065 nunquam
1383 3003 1557 3046 tamen
1606 3008 1666 3047 se
1717 2991 1770 3045 in
1817 2990 1898 3044 bis
1940 3003 2138 3044 concu-

569 3087 833 3156 piscentiis
860 3087 1123 3156 obligans.
1153 3087 1344 3154 quibus
1382 3083 1776 3137 adolescentium
1809 3079 2021 3135 animus
2048 3092 2135 3134 so—

568 3182 690 3234 litus
717 3187 798 3232 cst
843 3177 1123 3245 implicari.
1153 3176 1270 3229 .lam
1302 3189 1423 3229 cum
1470 3175 1632 3228 divini
1665 3172 1976 3243 spiramenti
2007 3171 2139 3224 odor

569 3278 774 3325 tnterna
821 3270 1086 3322 viscerum
1116 3270 1417 3338 attigisset,
1451 3268 1631 3322 relicta
1669 3267 1909 3322 sazculari
1951 3265 2138 3319 militia

571 3362 945 3416 monasterium
987 3362 1271 3431 expetivit,
1325 3361 1690 3430 intellexitque
1734 3360 1814 3412 vir
1857 3375 1967 3428 tam
2016 3367 2140 3415 tunc

572 3454 831 3508 divinitati
858 3453 1086 3518 deditus,
1111 3455 1301 3508 melius
1322 3467 1441 3506 esse
1463 3453 1537 3506 uti
1567 3461 1871 3520 paupertate
1895 3467 2014 3504 cum
2044 3450 2138 3506 Dei

573 3544 779 3608 timore,
809 3558 966 3612 quam
992 3546 1172 3598 saeculi
1215 3542 1489 3613 pereuntis
1519 3543 1660 3596 lucra
1691 3541 1881 3596 sectari
1910 3558 1922 3593 :
1955 3541 2006 3595 in
2035 3556 2142 3610 quo

575 3635 897 3688 monasterio
925 3634 1015 3688 diu
1046 3635 1145 3689 sub
1174 3633 1354 3703 regula
1376 3649 1406 3686 a
1436 3633 1672 3702 patribus
1702 3632 1941 3685 instituta
1963 3646 2143 3686 versa-

575 3731 656 3776 tus
685 3734 785 3778 est.
816 3724 928 3778 Jatn
957 3739 1085 3780 vero
1124 3741 1244 3779 cum
1287 3723 1340 3778 in
1385 3725 1577 3779 robore
1606 3723 1795 3792 majori
1839 3735 1945 3778 tam
1989 3725 2143 3779 intel-

2238 2531 2401 2585 nimia
2430 2530 2741 2595 exhaustus,
2770 2531 2996 2585 anhelus
3032 2531 3246 2600 jacebat
3274 2533 3326 2586 in
3358 2533 3570 2598 lectulo;
3600 2544 3658 2588 et
3689 2551 3836 2593 ecca

2239 2621 2413 2676 subito
2457 2635 2650 2692 magno
2692 2621 2890 2676 lumine
2922 2622 3113 2676 cellula
3143 2623 3428 2679 clariﬁcata
3468 2630 3835 2684 contremuit.

2239 2713 2426 2767 Atille
2454 2713 2693 2767 extensis
2724 2713 2790 2766 ad
2834 2713 3028 2767 coelum
3080 2715 3321 2769 manibus
3363 2731 3482 2770 cum
3525 2721 3836 2786 gratiarum

2240 2805 2474 2870 actione,
2503 2805 2749 2875 spiritum
2775 2805 3063 2860 exhalavit.
3093 2805 3248 2860 Misto
3275 2822 3486 2876 quoque
3513 2809 3672 2879 331
3707 2813 3836 2864 ulu-

2240 2897 2351 2950 latu
2391 2896 2640 2951 monachi
2684 2911 2806 2950 cum
2853 2896 3020 2965 ipsius
3065 2897 3319 2967 genitrice
3347 2912 3542 2966 corpus
3583 2899 3834 2955 defuncti

2241 2989 2553 3055 extrahunt,
2581 3004 2714 3058 aqua
2739 2988 2972 3057 diluunt,
3006 2990 3334 3045 vestimentis
3377 2988 3632 3055 induunt,
3657 3000 3719 3045 et
3749 2992 3837 3047 fe-

2241 3091 2388 3137 retro
2429 3091 2832 3150 superponunt,
2877 3090 3034 3148 atque
3079 3082 3129 3135 in
3178 3082 3457 3152 psallentio
3484 3083 3722 3146 ﬂetuque
3754 3085 3836 3138 la-

2242 3173 2456 3228 bentem
2495 3175 2712 3244 exigunt
2741 3180 2975 3227 noctem.
3009 3172 3159 3227 Mane
3201 3181 3379 3228 autem
3426 3173 3589 3239 facto,
3624 3175 3835 3232 funeris

2242 3267 2420 3322 officio
2446 3277 2766 3336 praeparato,
2791 3281 2988 3333 corpus
3019 3267 3219 3321 moveri
3245 3268 3408 3336 coepit
3435 3269 3488 3322 in
3513 3267 3738 3324 feretro.
3767 3271 3834 3324 Et

2241 3371 2370 3412 ecce
2410 3357 2563 3412 malis
2593 3356 3021 3422 rubescentibus,
3051 3358 3132 3411 vir
3168 3359 3317 3426 quasi
3360 3358 3426 3413 de
3452 3361 3599 3429 gravi
3631 3374 3833 3414 somno

2243 3451 2547 3517 suscitatus,
2579 3451 2867 3515 excutitur,
2909 3451 3218 3520 apertisque
3260 3451 3446 3519 oculis,
3480 3461 3534 3506 et
3581 3454 3833 3506 manibus

2245 3543 2486 3605 elevatis,
2510 3543 2584 3596 ait
2608 3560 2619 3593 :
2646 3540 2690 3596 Ο
2716 3541 2938 3596 Domine
2961 3542 3287 3607 misericors,
3317 3543 3438 3611 quid
3469 3542 3638 3596 fecisti
3672 3544 3832 3607 mihi,

2246 3641 2304 3687 ut
2349 3648 2434 3689 me
2473 3633 2528 3687 in
2577 3634 2720 3688 hunc
2765 3633 3111 3688 tenebrosum
3157 3633 3437 3688 mundana:
3488 3634 3836 3689 habitationis

2248 3724 2423 3779 locum
2465 3725 2640 3780 redire
2669 3725 3035 3794 permitteres,
3065 3741 3187 3778 cum
3218 3725 3348 3779 mihi
3390 3724 3580 3780 melior
3604 3736 3753 3780 esset
3780 3730 3835 3781 in

577 3816 744 3868 lectus
784 3831 940 3883 quam
986 3817 1156 3870 aetatis
1185 3826 1403 3870 evectus
1444 3823 1617 3880 esset,
1649 3814 1895 3868 defuncto
1931 3815 2139 3878 abbate,
2173 3827 2221 3888 Β
2246 3816 2386 3871 θωΙο
2416 3827 2500 3870 tua
2549 3816 2938 3879 misericordia,
2972 3831 3130 3886 quam
3181 3817 3336 3872 istius
3379 3817 3564 3870 mundi
3596 3818 3706 3872 vita
3741 3834 3836 3872 ne-

578 3908 663 3974 qui
697 3906 819 3961 huic
860 3909 1183 3962 monasterio
1214 3915 1472 3978 prmerat,
1503 3905 1680 3960 alendi
1723 3907 1897 3976 gregis
1926 3907 2149 3974 suscipit

577 3997 839 4064 officium;
879 4011 932 4054 et
977 3999 1065 4068 qui
1112 4014 1172 4054 se
1219 3998 1392 4068 magis
1441 3998 1689 4052 lratribus
1738 3998 2004 4068 publicum
2052 4013 2150 4068 pro

579 4090 739 4160 330
782 4095 1115 4146 correctione
1163 4091 1392 4146 reddere
1432 4089 1723 4154 debuerat,
1775 4090 1835 4142 fit
1879 4101 2151 4157 assumpto

581 4182 783 4239 honore
830 4185 1104 4240 remotior.
1154 4184 1305 4240 Illico
1357 4184 1460 4238 sibi
1515 4183 1857 4237 secretiorem
1906 4185 2150 4236 cellulam

581 4276 786 4338 quaerit.
819 4273 951 4328 Nam
995 4277 1046 4328 in
1092 4276 1291 4343 priore,
1334 4283 1389 4328 ut
1430 4273 1544 4341 ipse
1582 4271 1884 4336 asserebat,
1928 4273 2154 4339 amplius

584 4380 740 4430 quant
773 4381 961 4421 novem
989 4369 1194 4422 vicibus
1226 4367 1392 4421 nimia
1418 4379 1610 4420 exesus
1652 4364 1970 4418 abstinentia
1996 4404 2011 4426 ,
2046 4365 2155 4432 pel-

585 4457 689 4508 lem
738 4459 976 4526 corporis
1015 4459 1325 4513 demutavit.
1376 4458 1614 4524 Denique
1660 4467 1880 4523 accepto
1931 4455 2154 4519 honore,

588 4561 708 4599 cum
739 4547 792 4601 in
831 4548 929 4604 hac
975 4552 1278 4605 contentius
1308 4550 1632 4619 parcimonia
1681 4549 1907 4601 orationi
1951 4559 2004 4602 et
2049 4549 2158 4604 lec-

589 4639 719 4692 tioni
765 4651 1008 4706 vacaret,
1049 4643 1178 4697 illud
1225 4644 1538 4711 plerumque
1585 4640 1920 4702 revolvebat,
1968 4639 2158 4694 melius

589 4730 689 4785 sibi
731 4731 878 4796 fieri,
907 4731 952 4784 si
995 4740 1139 4786 esset
1177 4732 1318 4786 inter
1356 4732 1645 4786 monachos
1688 4731 1948 4795 occultus,
1996 4745 2154 4800 quam

591 4837 787 4877 nomen
817 4823 1082 4891 acceperit
1107 4822 1314 4878 abbatis
1336 4822 1389 4877 in
1420 4823 1663 4893 populos.
1696 4821 1833 4888 Quid
1866 4822 2048 4891 plura?
2076 4822 2163 4876 ln-

591 4915 819 4968 cluditur
849 4915 1148 4970 valedicens
1174 4914 1442 4982 fratribus,
1474 4913 1682 4983 sibique
1707 4913 1836 4982 ipsis
1863 4913 2164 4968 valedicen-

593 5007 751 5062 tibus.
787 5005 844 5060 In
881 5021 984 5077 qua
1021 5006 1314 5062 inclusione
1355 5007 1409 5060 in
1439 5007 1585 5062 omni
1614 5007 1966 5072 abstinentia,
1997 5008 2163 5075 magis

595 5115 753 5166 quam
785 5098 930 5170 prius
958 5108 1176 5171 egerat,
1208 5108 1571 5154 commoratur
1597 5117 1608 5152 :
1641 5097 1862 5154 studens
1894 5113 1989 5166 pro
2032 5098 2162 5150 cha-

2249 3907 2540 3977 quissima?
2588 3908 2936 3976 Stupentibus
2985 3918 3160 3965 autem
3206 3909 3337 3975 suis,
3384 3919 3439 3963 et
3487 3909 3836 3979 interrogan-

2251 4005 2411 4070 tibus,
2443 4003 2568 4073 quid
2601 4003 2758 4058 fuerit
2787 4003 2894 4058 tale
2923 4005 3223 4075 prodigium
3243 4047 3257 4071 ,
3290 4003 3417 4058 nihil
3450 4005 3835 4075 interroganti-

2251 4095 2351 4150 bus
2379 4095 2467 4150 ille
2508 4095 2805 4166 respondit.
2841 4095 3076 4164 Surgens
3104 4106 3283 4151 autem
3324 4096 3392 4150 de
3433 4095 3655 4161 feretro,
3703 4097 3836 4150 nihil

2253 4187 2378 4241 mali
2407 4189 2644 4242 sentiens
2670 4185 2738 4241 de
2765 4185 3105 4240 incommodo
3130 4201 3235 4255 quo
3260 4186 3622 4248 laboraverat,
3654 4185 3838 4240 triduo

2253 4277 2453 4346 absque
2481 4275 2586 4331 cibi
2629 4291 2691 4332 ac
2721 4276 2897 4344 poculi
2929 4277 3160 4344 perstitit
3204 4277 3484 4331 alimento.
3512 4275 3609 4330 Die
3654 4287 3837 4329 autem

2258 4365 2434 4432 tertio,
2463 4366 2772 4420 convocatis
2798 4365 3074 4420 monachis
3099 4374 3154 4420 et
3180 4376 3370 4430 matre,
3398 4366 3471 4419 ait
3505 4381 3518 4416 :
3553 4364 3771 4428 Audite,
3805 4381 3840 4419 ο

2257 4457 2622 4524 dilectissimi,
2653 4466 2708 4512 et
2738 4458 3034 4529 intelligite,
3071 4458 3192 4527 quia
3234 4457 3366 4510 nihil
3412 4465 3495 4511 est
3531 4457 3672 4526 quod
3713 4472 3840 4512 cer-

2257 4549 2382 4604 nitis
2409 4549 2465 4604 in
2509 4549 2610 4604 hoc
2649 4550 2881 4616 mundo;
2911 4549 3006 4605 sed
3037 4560 3193 4613 sunt,
3224 4549 3378 4617 juxta
3419 4549 3469 4602 id
3503 4549 3643 4617 quod
3685 4549 3841 4603 Salo-

2257 4654 2382 4695 mon
2429 4643 2687 4711 propheta
2729 4641 2952 4705 cecinit,
2993 4640 3180 4694 Omnia
3220 4641 3415 4694 vanitas
3444 4638 3643 4711 (Eccle.
3675 4656 3723 4705 t,
3753 4641 3837 4708 2).

2261 4731 2409 4788 Felix
2439 4740 2520 4787 est
2563 4733 2735 4796 enim,
2767 4733 2852 4799 qui
2896 4745 2958 4785 ea
3003 4745 3163 4800 agere
3193 4739 3368 4799 potest
3415 4730 3468 4783 in
3515 4729 3737 4796 saeculo,
3781 4737 3842 4783 ut

2261 4826 2484 4899 gloriam
2519 4825 2608 4879 Dei
2647 4838 2866 4879 cernere
2891 4833 3157 4877 mereatur
3184 4822 3234 4876 in
3266 4822 3423 4877 coelo.
3455 4821 3522 4876 Et
3549 4835 3672 4876 cum
3720 4821 3836 4877 haec

2262 4919 2498 4982 diceret,
2531 4915 2780 4970 dubitare
2807 4917 2969 4986 coepit
3009 4926 3188 4970 utrum
3235 4915 3542 4984 loqueretur
3581 4915 3839 4984 amplius,

2265 5025 2331 5063 an
2353 5011 2553 5064 sileret.
2571 5008 2689 5073 Quo
2707 5007 3246 5076 tacente,,implicitus
3262 5005 3486 5059 fratrum
3509 5007 3761 5073 precibus
3780 5016 3840 5060 ut

2265 5103 2391 5172 quid
2417 5102 2638 5156 vidisset
2660 5109 2994 5172 exponeret,
3023 5101 3099 5154 ait
3123 5117 3136 5153 :
3167 5099 3300 5153 Cum
3326 5113 3412 5152 me
3441 5109 3564 5153 ante
3590 5100 3687 5155 hos
3713 5115 3844 5169 qua-

601 5193 774 5246 ritatis
803 5195 1081 5265 obsequio,
1115 5203 1173 5250 ut
1199 5208 1318 5249 cum
1349 5194 1572 5264 quisque
1599 5191 1828 5247 venisset
1857 5203 2164 5256 extrancus,
2195 5197 2239 5257 (ζ
2271 5205 2391 5249 tuor
2415 5194 2530 5248 dics
2565 5192 3009 5248 contremiscente
3037 5191 3225 5247 cellula
3265 5191 3568 5248 exanimem
3613 5192 3840 5257 vidistis,

601 5291 655 5333 et
678 5285 968 5339 orationem
1001 5287 1288 5353 tribueret,
1322 5295 1375 5341 et
1404 5287 1642 5354 eulogias
1667 5286 1830 5356 gratia
1862 5285 2165 5351 plenissima

603 5373 962 5430 ministraret:
993 5393 1110 5446 qua:
1139 5381 1318 5433 multis
1347 5379 1572 5434 infirmis
1602 5384 1912 5448 plerumque
1945 5377 2167 5429 salutem

677 5519 703 5584 ξ
735 5511 893 5566 Deest
923 5513 1025 5570 hoc
1047 5525 1206 5584 caput
1235 5517 1285 5570 in
1315 5517 1466 5570 Colh.
1491 5533 1519 5570 a
1548 5526 1600 5571 et
1628 5516 1747 5571 Vat.

679 5581 705 5619 δ
735 5585 1049 5655 (ἐοιηυς-νιιίθ
1091 5581 1155 5639 tt)
1195 5587 1541 5653 Septembris.
1576 5588 1861 5655 Gregorius
1905 5585 2039 5640 infra
2070 5587 2164 5640 lib.

609 5669 734 5719 VIII,
763 5669 882 5720 cap.
903 5653 999 5718 2:3,
1037 5658 1236 5708 habet:
1274 5657 1393 5709 Post
1440 5658 1628 5709 obitum
1656 5653 1816 5709 sancti
1849 5656 2044 5718 Saluti,
2077 5659 2169 5709 hoc

616 5744 750 5781 anno
778 5726 1000 5795 (scilicet
1040 5725 1198 5792 ὅδε),
1243 5723 1572 5780 Destdcratus
1601 5727 1946 5793 Albigensibus
1977 5730 2167 5792 episco-

2271 5291 2634 5356 apprehensus
2655 5299 2683 5338 a
2701 5284 2908 5338 duobus
2920 5283 3118 5353 angelis
3137 5283 3189 5337 in
3210 5285 3470 5337 caelorum
3482 5283 3702 5339 excelsa
3719 5286 3846 5339 sub-

2275 5380 2412 5435 latus
2439 5394 2580 5445 sum,
2627 5380 2695 5431 ita
2729 5387 2785 5431 ut
2803 5392 2906 5431 non
2928 5377 3100 5430 solum
3125 5376 3226 5430 hoc
3248 5376 3547 5446 squalidum
3565 5379 3841 5440 saeculum,

2279 5535 2374 5587 pus
2408 5517 2557 5571 datus
2595 5526 2687 5569 est.
2721 5514 2852 5568 Hinc
2888 5513 3088 5587 aliquot
3132 5513 3319 5567 saltem
3369 5515 3648 5568 mensibus
3699 5517 3850 5571 sedes

2279 5585 2497 5642 vacasse
2518 5587 2734 5641 dicenda
2757 5594 2858 5639 est.
2885 5585 3024 5640 lnter
3045 5593 3321 5653 utrumque
3345 5587 3586 5642 nonnulli
3608 5590 3846 5643 scribunt

2283 5660 2623 5715 Thcol‘ridum
2669 5657 2892 5712 sedisse.
