3942 6190
140 219 203 273 Il?
1012 223 1326 284 HISTORIA
1369 229 1808 286 FRANCORUSI.
1851 232 2048 289 LIBER
2080 235 2418 294 SEPTIMUS

3256 256 3361 308 MS

138 357 289 394 rerum
319 341 482 395 etiam
525 344 702 398 solem
749 359 813 400 ac
861 344 1071 412 lunam,
1113 348 1280 402 nubes
1307 358 1362 403 et
1396 348 1568 403 sidera
1597 347 1695 402 sub
1725 347 1768 405 A
1799 347 1930 399 riam
1962 349 2202 406 scribens
2232 362 2304 405 ait
2332 351 2380 416 δ,
2413 352 2498 406 ubi
2542 353 2607 409 de
2635 357 2832 415 virtute
2858 369 3016 431 atque
3058 367 3221 436 gloria
3268 378 3356 431 lio.

137 439 333 507 pedibus
378 438 582 494 habere
624 450 865 508 putarem
899 458 912 495 :
953 441 1148 497 deinde
1191 458 1285 511 per
1327 453 1533 513 portam
1578 444 1692 496 luce

135 531 212 583 ista
243 530 528 584 clariorem
559 531 897 586 introductus
923 545 1038 586 sum
1066 533 1118 586 in
1149 533 1276 587 illud
1303 534 1687 601 habitaculum,

127 635 164 672 ιη
208 635 313 688 quo
357 636 522 675 omne
551 629 908 690 pavimentum
947 632 1065 677 eratl
1088 624 1236 692 quasi
1270 639 1456 678 aurum
1502 639 1690 693 argen-

124 721 325 780 tumque
351 711 609 776 renitens,
647 712 735 766 lux
762 711 1061 780 inell‘abilis,
1092 714 1386 780 amplitudo
1416 715 1689 768 inenarra-

119 800 255 864 bilis;
287 816 448 869 quam
477 803 550 858 ita
578 804 861 858 multitudo
885 805 1168 875 promiscui
1196 821 1356 860 sexus
1381 807 1686 872 obtexerat,

116 900 159 945 ut
194 893 477 962 longitudo
515 907 580 948 ac
625 893 855 948 latitudo
898 904 1124 950 caterva:
1163 910 1381 963 prorsus
1421 895 1686 964 pervideri

112 998 203 1036 non
252 985 447 1052 possit.
479 983 722 1052 Cumque
764 985 917 1038 nobis
945 985 1030 1039 via
1072 986 1209 1040 inter
1246 987 1682 1053 comprimentes,

107 1077 161 1128 ab
187 1075 278 1129 bis
308 1075 399 1145 qui
432 1075 809 1142 praecedebant
834 1078 1060 1147 angelis,
1105 1085 1405 1147 pararetur,
1439 1078 1686 1147 perveni-

105 1180 214 1219 mus
246 1166 316 1218 ad
347 1167 524 1220 locum
548 1206 564 1231 ,
594 1181 751 1234 quem
777 1170 888 1236 jam
920 1167 988 1222 de
1035 1169 1328 1238 longinquo
1355 1169 1684 1236 contempla-

103 1256 292 1311 bamur
316 1275 329 1309 :
360 1257 416 1310 in
445 1272 550 1326 quo
579 1259 1003 1327 superpendehat
1030 1261 1198 1315 nubes
1223 1262 1366 1315 omni
1401 1261 1520 1317 luce
1551 1262 1683 1316 luci-

103 1348 232 1413 dior,
255 1345 308 1400 in
328 1361 436 1416 quo
457 1361 562 1400 non
581 1348 687 1414 sol,
715 1363 818 1401 non
845 1349 987 1412 luna,
1010 1365 1114 1404 non
1137 1359 1341 1405 astrum
1364 1353 1512 1406 cerni
1537 1361 1680 1420 pote-

103 1449 193 1501 rat,
217 1439 316 1492 sed
341 1454 502 1508 super
527 1439 609 1494 his
632 1440 876 1496 omnibus
899 1443 1123 1496 naturali
1151 1443 1269 1498 luce
1295 1443 1626 1513 splendidius
1651 1453 1677 1482 α

103 1529 412 1598 eli'ulgebat.
441 1538 494 1584 et
517 1545 617 1584 vox
644 1531 965 1599 procedebat
984 1533 1052 1586 de
1077 1533 1217 1588 nube
1241 1542 1492 1603 tanquam
1516 1533 1677 1612 332

104 1635 190 1674 τοι
224 1636 486 1688 aquarum
538 1623 844 1679 multarum.
892 1624 966 1678 lbi
1015 1623 1172 1680 etiam
1214 1640 1302 1680 me
1342 1635 1673 1695 peccatorem

1794 452 1984 492 norum
2015 457 2219 497 memor
2245 453 2366 498 est:
2404 462 2422 495 ι
2461 446 2590 511 Quae
2617 450 2718 504 sibi
2756 455 2980 524 quisque
3021 459 3188 518 facilia
3223 466 3360 525 factu

1793 539 1972 598 putat,
2005 548 2160 602 aequo
2203 537 2380 590 animo
2425 540 2663 610 accipit:
2696 559 2857 614 supra
2893 564 2985 615 ea,
3028 556 3184 610 veluti
3233 562 3354 619 ficta

1792 638 1887 691 pro
1917 623 2065 678 falsis
2094 627 2258 682 ducit.
2288 647 2308 680 ι
2346 630 2474 684 Nam
2518 643 2682 688 testor
2710 635 2874 693 Deum
2903 640 3354 720 omnipotentem,

1789 715 1911 785 quia
1952 717 2020 772 ab
2063 719 2231 787 ipsius
2271 736 2365 776 ore
2408 724 2567 795 333
2596 729 2772 783 omnia
2819 746 2936 800 qua:
2965 739 3151 805 retuli,
3180 715 3357 800 auditu

1787 807 2029 873 cognovi.
2064 808 2190 862 Post
2235 812 2457 866 multum
2483 829 2610 868 vero
2642 827 2847 886 tempus
2895 821 3008 890 ipse
3056 827 3139 881 vir
3169 830 3357 889 beatus

1787 895 1975 948 cellula
2008 912 2103 950 sua
2134 907 2424 966 extractus,
2456 904 2521 957 ad
2563 907 2923 978 episc0patum
2962 915 3185 986 electus,
3218 922 3356 978 iuvi-

1784 993 1870 1040 tus
1896 995 1982 1041 est
2007 990 2322 1045 ordinatus:
2355 993 2406 1046 in
2446 1011 2574 1060 quo,
2608 1007 2668 1052 ut
2715 1001 2922 1068 opinor,
2954 1007 3220 1065 decimum
3263 1028 3357 1069 an-

1785 1089 1910 1128 num
1937 1092 2056 1133 cum
2086 1091 2299 1150 ageret,
2331 1084 2690 1143 invalescente
2719 1092 2856 1159 apud
2889 1095 3230 1167 Albigensem
3260 1119 3355 1158 ur-

1781 1165 1905 1221 bem
1933 1167 2233 1238 inguinario
2263 1177 2474 1241 morbo,
2501 1186 2556 1232 et
2591 1181 2817 1236 maxima
2842 1183 2952 1252 jam
2981 1165 3132 1256 parte
3163 1191 3232 1247 de
3260 1209 3354 1262 po-

1781 1259 1904 1327 pulo
1930 1260 2024 1314 illo
2049 1261 2318 1329 defuncta,
2357 1279 2476 1320 cum
2501 1266 2611 1336 jam
2654 1274 2805 1339 pauci
2836 1275 2903 1330 de
2942 1279 3143 1336 civibus
3182 1259 3352 1338 rema-

1780 1361 1998 1416 nerent,
2027 1354 2110 1406 vir
2138 1354 2344 1419 beatus,
2376 1366 2622 1427 tanquam
2654 1362 2823 1419 bonus
2854 1378 3052 1438 pastor,
3085 1389 3350 1443 nunquam

1778 1443 1845 1498 ab
1872 1443 1962 1497 ille
1989 1444 2107 1499 loco
2136 1449 2391 1502 recedere
2431 1452 2626 1518 voluit,
2673 1457 2765 1510 sed
2798 1473 3010 1528 semper
3040 1465 3350 1522 hortabatur

1777 1545 1872 1588 eos
1899 1535 1988 1603 qui
2015 1537 2184 1591 relicti
2229 1549 2408 1606 erant,
2440 1545 2667 1599 orationi
2707 1547 3035 1618 incumbere,
3068 1571 3131 1611 ac
3157 1559 3350 1627 vigiliis

1778 1624 2039 1682 instanter
2067 1628 2331 1694 insistere,
2363 1642 2416 1688 et
2448 1634 2584 1688 bona
2627 1652 2840 1709 semper
2869 1652 2973 1698 tam
3017 1647 3068 1700 in
3097 1624 3348 1718 operibus

107 1711 373 1765 humiliter
404 1712 708 1766 salutabant
740 1714 839 1767 viri
872 1713 925 1768 in
958 1725 1108 1770 veste
1136 1717 1452 1773 sacerdotali
1476 1732 1540 1775 ac
1566 1734 1662 1775 sa:-

1773 1727 1929 1782 quam
1960 1715 2012 1769 in
2041 1719 2362 1786 cogitatione
2391 1736 2626 1790 versare,
2654 1727 2840 1785 dicens
2864 1749 2877 1784 :
2911 1732 3034 1788 Haec
3061 1711 3222 1805 agite,
3257 1751 3344 1809 ut,
3427 1773 3430 1776 -

105 1804 296 1866 calari,
344 1818 481 1871 quos
528 1803 655 1857 mihi
702 1804 791 1872 qui
837 1806 1240 1872 praecedebant,
1289 1817 1672 1866 enarraverunt

105 1907 210 1944 esse
238 1901 506 1961 martyres
531 1907 592 1946 ac
619 1893 974 1962 confessores,
999 1909 1134 1965 quos
1161 1896 1247 1949 hic
1276 1911 1485 1951 summo
1513 1913 1672 1955 exco-

105 1982 254 2035 limus
285 1983 564 2038 famulatu.
594 1983 750 2038 Stans
783 1985 942 2052 igitur
985 1987 1038 2039 in
1087 1987 1203 2040 loco
1241 1987 1292 2040 in
1340 2001 1447 2058 quo
1486 1987 1669 2058 jussus

106 2086 236 2138 sum,
267 2075 478 2142 operuit
505 2088 590 2127 me
618 2074 749 2129 odor
773 2077 948 2130 nimia:
974 2077 1270 2142 suavitatis,
1294 2078 1365 2132 ita
1396 2087 1456 2133 ut
1479 2081 1546 2134 ab
1568 2080 1669 2136 hac

107 2166 355 2218 suavitate
404 2165 659 2231 refectus,
709 2167 911 2221 nullum
950 2169 1123 2223 adhuc
1160 2169 1336 2224 cibum
1381 2181 1668 2241 potumque

108 2256 416 2311 desiderem.
467 2258 532 2312 Et
570 2258 747 2313 audivi
793 2273 971 2315 vocem
1014 2260 1318 2316 dicentem:
1350 2262 1668 2318 Revertatur

110 2349 181 2402 hic
227 2350 280 2402 in
311 2352 565 2404 saeculum
591 2395 605 2418 ,
635 2353 885 2419 quoniam
928 2354 1262 2409 necessarius
1297 2365 1380 2409 est
1425 2357 1666 2411 ecclesiis

109 2440 312 2492 nostris.
351 2440 462 2493 Vox
498 2442 640 2494 enim
680 2443 1012 2510 audiebatur,
1058 2459 1179 2498 nam
1227 2446 1316 2512 qui
1363 2446 1665 2516 loqueretur

110 2532 303 2595 penitus
331 2532 483 2586 cerni
517 2548 621 2586 non
671 2543 897 2602 poterat.
933 2536 998 2588 Et
1037 2550 1135 2605 ego
1181 2546 1475 2604 prostratus
1504 2553 1665 2608 super

111 2628 498 2693 pavimentum,
539 2643 660 2682 cum
704 2628 827 2682 ﬂetu
869 2629 1105 2683 dicebam
1140 2648 1153 2683 :
1188 2632 1332 2685 Heu!
1381 2633 1516 2686 heu'
1564 2635 1666 2689 Do-

108 2720 265 2776 mine!
292 2736 391 2775 cur
415 2721 543 2775 mihi
577 2721 692 2776 haec
720 2723 1023 2789 ostendisti,
1053 2723 1098 2777 si
1125 2724 1193 2778 ab
1221 2723 1304 2779 his
1330 2723 1662 2780 frustrandns

107 2813 267 2864 eram!
304 2811 445 2866 Ecce
475 2811 636 2866 hodie
665 2811 813 2881 ejicis
843 2827 928 2866 me
960 2828 986 2864 a
1017 2812 1150 2867 facie
1184 2825 1269 2868 tua
1290 2855 1306 2881 ,
1338 2823 1394 2868 nt
1424 2826 1664 2870 revertar

106 2901 154 2952 ad
181 2904 436 2956 saeculum
472 2904 675 2972 fragile,
707 2912 760 2958 et
791 2904 892 2958 huc
923 2904 1058 2958 ultra
1089 2906 1266 2960 redire
1294 2922 1400 2960 non
1432 2907 1657 2960 valeam.

105 2991 185 3056 Ne,
214 3008 419 3062 quaeso,
465 2992 708 3059 Domine,
742 2995 949 3048 auferas
993 2993 1407 3050 misericordiam
1458 3008 1597 3051 tuam
1629 3013 1660 3051 a

1773 1803 1817 1857 si
1848 1819 1941 1858 vas
1975 1806 2112 1861 Deus
2137 1810 2204 1863 de
2234 1809 2334 1864 hoc
2370 1814 2569 1869 mundo
2599 1818 2827 1887 migrare
2859 1803 3118 1891 voluerit,
3151 1803 3254 1883 non
3288 1803 3344 1886 iu

1766 1893 2054 1962 judicium,
2087 1898 2181 1952 sed
2221 1899 2274 1953 in
2303 1903 2537 1970 requiem
2583 1908 2802 1963 introire
2834 1914 3063 1978 possitis.
3094 1916 3224 1973 Cum
3250 1937 3344 1975 au-

1770 1995 1876 2039 tem
1897 2023 1913 2051 ,
1943 1997 2000 2040 ut
2030 1988 2214 2057 credo,
2257 1991 2365 2057 jam
2410 1994 2684 2050 revelante
2724 2000 2968 2067 Domino,
2999 2015 3206 2076 tempus
3232 2026 3342 2066 sum

1768 2077 2061 2132 vocationis
2089 2091 2434 2148 agnosceret,
2467 2084 2581 2153 ipse
2613 2088 2712 2141 sibi
2753 2092 3082 2163 sarcofagum
3122 2113 3339 2169 compo-

1767 2168 1907 2230 suit,
1941 2183 2134 2238 corpus
2164 2171 2360 2238 abluit,
2393 2186 2595 2229 vestem
2630 2178 2829 2246 induit,
2860 2193 2914 2236 et
2957 2187 3034 2238 sic
3078 2168 3337 2247 intentum

1767 2273 1980 2329 semper
2004 2264 2140 2317 cmlo
2166 2262 2377 2319 beatum
2418 2268 2662 2336 spiritum
2693 2273 2979 2330 exhalavit.
3015 2277 3134 2334 Fuit
3160 2293 3338 2337 autem

1771 2366 1978 2422 magna:
2023 2356 2341 2422 sanctitatis,
2389 2362 2726 2432 minimaeque
2776 2369 3100 2436 cupiditatis,
3148 2390 3333 2431 aurum

1769 2459 2035 2514 nunquam
2069 2448 2266 2502 habere
2293 2451 2498 2505 volens.
2528 2453 2658 2506 Nam
2689 2458 2733 2511 si
2766 2469 2982 2515 coaetus
3015 2466 3338 2534 accepisset,

1765 2540 2006 2606 protinus
2054 2541 2374 2608 pauperibus
2403 2546 2679 2613 erogabat.
2726 2549 2891 2618 Cujus
2932 2563 3170 2624 tempore
3212 2572 3334 2614 cum

1766 2628 2081 2686 Mummolus
2142 2633 2393 2700 patricius
2446 2637 2643 2690 multos
2694 2642 2937 2708 captivos
2985 2645 3052 2697 ab
3097 2661 3158 2700 ea
3209 2653 3338 2704 urbe

1765 2719 2040 2788 duxisset,
2071 2734 2384 2790 prosecutus
2413 2727 2502 2781 ille
2527 2745 2712 2784 omnes
2742 2732 2977 2793 redemit,
3020 2736 3338 2806 famamque

1765 2815 1814 2868 ei
1846 2815 2105 2870 Dominus
2133 2821 2357 2886 gratiam
2388 2835 2506 2875 cum
2539 2826 2735 2894 populo
2764 2826 2857 2882 illo
2898 2834 3108 2896 trihnit,
3143 2843 3200 2887 ut
3236 2839 3339 2905 Ipsi

1763 2907 1920 2960 etiam
1949 2909 2038 2977 qui
2076 2914 2312 2978 captivos
2341 2913 2643 2981 duxerant,
2677 2927 2731 2971 ct
2760 2919 2827 2973 de
2857 2921 3026 2989 pretio
3066 2927 3114 2979 ei
3145 2941 3338 2984 concev

1763 2997 1986 3068 derent,
2030 3011 2083 3057 et
2132 3003 2182 3056 in
2214 3005 2428 3088 \rcliqno
2475 3022 2819 3066 munerarent
2847 3023 2869 3051 ο
2901 3030 2915 3066 :
2942 3025 2994 3068 et
3038 3019 3116 3072 sic
3155 3022 3338 3088 patriai

106 3099 196 3150 me,
229 3086 319 3139 sed
353 3085 615 3154 deprecor
644 3094 700 3140 ut
746 3087 1020 3154 permittas
1065 3102 1150 3142 me
1181 3087 1266 3140 hic
1305 3087 1564 3155 liabi:are,
1597 3103 1668 3145 no
1689 3089 1740 3156 C
1766 3103 1876 3144 sua:
1904 3093 2143 3159 captivos
2170 3071 2401 3150 libertati
2431 3099 2668 3166 pristina:
2699 3107 3036 3162 restauravit.
3070 3071 3338 3182 Mu'ltaque

105 3175 217 3231 izloc
254 3175 509 3230 decidens
547 3190 782 3245 peream.
833 3175 899 3230 Et
940 3176 1017 3230 ait
1053 3191 1156 3231 vox
1196 3193 1313 3246 qua
1352 3179 1664 3246 loquebatur

102 3264 215 3318 mihi
242 3282 254 3315 :
285 3265 435 3320 Vade
466 3267 516 3317 in
549 3279 698 3334 pace.
731 3265 840 3334 Ego
868 3265 1007 3318 enim
1038 3280 1156 3320 sum
1187 3275 1366 3322 custos
1400 3276 1540 3334 tuus,
1567 3269 1664 3324 do-

101 3369 188 3408 nec
218 3355 474 3410 reducam
502 3364 553 3410 te
593 3357 642 3409 in
685 3357 825 3410 hunc
862 3356 1056 3409 locum.
1086 3356 1236 3412 Tunc
1266 3359 1482 3413 relictus
1510 3374 1538 3413 a
1565 3374 1661 3415 co-

98 3443 303 3499 mitibus
333 3448 488 3512 meis,
512 3445 841 3500 descendens
869 3459 989 3499 cum
1016 3445 1164 3512 ﬂetu,
1197 3462 1289 3514 per
1325 3458 1530 3516 portam
1559 3464 1661 3518 qua

94 3535 360 3605 ingressus
395 3535 631 3603 fueram,
675 3537 778 3590 huc
818 3551 935 3591 sum
980 3552 1272 3607 regressus.
1320 3539 1444 3594 Haec
1482 3554 1548 3594 eo
1587 3542 1663 3595 lo-

92 3638 299 3694 quente,
330 3628 670 3697 stupentibus
705 3629 914 3682 cunctis
954 3629 1044 3698 qui
1090 3630 1345 3695 aderant,
1375 3632 1535 3699 cmpit
1562 3631 1662 3686 ite-

90 3733 199 3772 rum
230 3730 453 3775 sanctus
485 3719 576 3775 Dei
606 3735 725 3774 cum
765 3721 1014 3789 lacrymis
1042 3721 1257 3776 dicere:
1296 3722 1382 3776 Va:
1412 3723 1662 3793 mihi-qui

89 3813 186 3866 tale
217 3814 532 3884 mysterium
561 3827 720 3866 ausus
750 3829 863 3868 sum
898 3815 1158 3869 revelare.
1193 3815 1330 3870 Ecce
1358 3816 1499 3870 enim
1527 3817 1663 3872 odor

87 3904 375 3970 suavitatis,
406 3919 565 3974 quem
597 3905 664 3959 de
691 3904 809 3959 loco
836 3913 1021 3958 sancto
1049 3905 1361 3975 hauseram,
1388 3915 1444 3961 et
1473 3907 1524 3961 in
1553 3921 1660 3977 quo

89 4010 176 4056 ter
202 3995 304 4050 hoc
345 3996 577 4049 triduum
623 3996 741 4050 sine
781 3996 891 4049 ullo
921 3996 1042 4051 cibo
1069 4007 1303 4066 potuque
1332 4006 1659 4054 sustentatus

90 4099 200 4139 sum
225 4129 238 4151 ,
269 4089 499 4142 recessit
525 4103 553 4140 a
584 4105 691 4143 me.
737 4089 840 4144 Sed
872 4098 926 4144 et
955 4091 1130 4159 lingua
1161 4106 1275 4146 mea
1303 4090 1552 4161 gravibus
1577 4101 1662 4147 est

91 4191 268 4245 operta
321 4181 656 4248 vulneribus,
705 4192 759 4236 et
806 4182 873 4236 ita
929 4183 1238 4249 tumefacta,
1288 4192 1345 4237 ut
1392 4200 1553 4240 omne
1596 4200 1658 4240 os

89 4286 256 4326 meum
287 4273 534 4327 videatur
564 4274 806 4343 implere.
852 4275 914 4328 Et
942 4277 1054 4329 scio
1080 4275 1202 4342 quia
1235 4289 1342 4329 non
1371 4275 1467 4329 fuit
1495 4276 1658 4331 bene-

89 4362 334 4426 placitum
363 4365 590 4418 Domino
621 4365 729 4419 Deo
757 4380 898 4430 meo,
933 4376 990 4420 ut
1021 4368 1135 4421 hinc
1161 4381 1355 4421 arcana
1384 4368 1660 4438 vulgaren-

1762 3180 1831 3236 de
1859 3182 1962 3237 hoc
1988 3185 2103 3237 viro
2128 3185 2265 3240 bona
2289 3186 2465 3243 audivi
2493 3207 2504 3241 :
2537 3191 2632 3246 sed
2657 3192 2786 3248 dum
2828 3195 2894 3249 ad
2932 3198 3167 3255 historia:
3192 3180 3338 3272 ccep-

1763 3281 1872 3329 tum
1895 3276 2087 3332 reverti
2113 3279 2292 3347 cupio,
2321 3280 2550 3349 plurima
2579 3289 2950 3354 praetermitto.

1835 3430 1895 3485 ll.
1933 3432 2190 3488 Defuncto
2216 3435 2371 3506 igitur
2397 3436 2721 3509 Chilperico,
2754 3443 3071 3517 inventaque
3117 3445 3144 3485 ά
3175 3466 3334 3521 quam

1762 3523 1852 3577 diu
1881 3528 2165 3593 quaesierat
2194 3541 2383 3594 morte,
2439 3532 2851 3592 Aurelianenses
2897 3553 3016 3593 cum
3072 3539 3340 3600 Blesensi--

1763 3613 1863 3669 bus
1893 3625 1917 3653 ο
1954 3617 2121 3685 juncti
2168 3635 2330 3688 super
2361 3621 2636 3680 Dunenses
2663 3626 2891 3695 irruunt,
2940 3646 3138 3702 eosque
3169 3637 3334 3704 inopi-

1769 3718 1959 3760 nantes
1993 3718 2303 3779 proterunt;
2335 3714 2524 3770 domos
2560 3732 2927 3790 annonasque,
2955 3725 3039 3777 vel
3079 3741 3195 3793 quze
3227 3743 3333 3781 mo-

1772 3816 1896 3854 vere
1928 3800 2082 3854 facile
2112 3800 2132 3839 ί
2161 3819 2266 3856 non
2291 3814 2556 3872 poterant,
2589 3810 2834 3864 incendio
2863 3812 3113 3879 tradunt;
3147 3832 3336 3885 pecora

1766 3891 2038 3961 diripiunt,
2071 3895 2232 3965 33a.
2261 3908 2420 3963 atque
2448 3913 2535 3953 res
2555 3915 2686 3968 quas
2717 3903 2895 3957 levare
2922 3916 3185 3972 poterant,
3213 3922 3334 3961 sus-

1765 3984 2021 4037 tulerunt.
2063 3985 2266 4049 Quibus
2305 3985 2699 4045 discedentibus
2739 3993 3008 4061 conjuncti
3058 3995 3336 4052 Dunenses

1762 4089 1882 4128 cum
1930 4074 2151 4144 reliquis
2178 4075 2516 4144 Carnotenis,
2569 4081 2636 4136 de
2662 4083 2884 4152 vestigio
2921 4087 3335 4157 subsequuntur,

1760 4166 1922 4220 simili
1973 4176 2122 4223 sorte
2149 4183 2243 4224 eos
2271 4169 2564 4227 afficientes
2594 4189 2694 4240 qua
2733 4176 2833 4246 ipsi
2880 4178 3052 4234 allecti
3103 4182 3336 4254 fuerant,

1763 4257 1896 4312 nihil
1927 4259 1980 4313 in
2007 4259 2271 4328 domibus,
2314 4263 2394 4316 vel
2435 4274 2584 4318 extra
2612 4266 2820 4334 domos,
2866 4273 2947 4325 vel
2989 4272 3053 4327 de
3081 4272 3332 4332 domibus

1758 4351 2137 4422 relinquentes.
2171 4355 2408 4426 Cumque
2437 4357 2613 4413 adhuc
2641 4359 2782 4416 inter
2811 4379 2869 4418 se
2887 4362 3063 4434 jurgia
3087 4381 3328 4423 contmn-

86 4461 186 4507 tur,
218 4455 324 4509 Sed
355 4465 414 4509 ω
445 4456 614 4522 nosti,
651 4457 890 4523 nomine,
917 4459 1035 4528 quia
1068 4459 1123 4513 in
1162 4460 1502 4530 simplicitate
1542 4477 1660 4516 cor-
1683 4464 1739 4527 Ι)
1763 4456 1946 4502 ventes
1964 4448 2304 4517 destevirent,
2326 4460 2381 4505 et
2411 4452 2826 4510 Aurelianenses
2857 4469 3038 4512 contra
3070 4460 3166 4516 hos
3187 4477 3336 4521 arma

87 4543 162 4596 dis
193 4548 305 4600 haec
338 4546 473 4610 feci,
507 4558 611 4601 non
645 4549 696 4600 in
724 4549 974 4615 jactantia
1009 4551 1224 4604 mentis.
1253 4550 1358 4607 Sed
1386 4566 1569 4620 quaeso
1599 4561 1656 4608 ut

90 4631 376 4710 indulgeas,
405 4649 463 4695 et
494 4655 597 4694 non
630 4655 715 4694 me
741 4640 1103 4710 derelinquas,
1130 4642 1283 4712 juxta
1315 4645 1656 4713 pollicitatio—

91 4740 200 4781 nem
229 4739 400 4786 tuam.
443 4731 510 4785 Et
541 4732 654 4786 haec
691 4731 878 4787 dicens
927 4733 1104 4798 siluit,
1134 4743 1188 4788 et
1233 4735 1438 4800 accepit
1474 4736 1652 4791 cibum

95 4830 387 4895 potumque.
422 4825 536 4894 Ego
577 4841 702 4881 vero
735 4829 849 4882 haec
877 4829 1142 4896 scribens,
1172 4844 1361 4885 vereor
1389 4845 1457 4887 ne
1492 4831 1652 4887 alicui

97 4910 268 4978 legenti
296 4920 368 4972 sit
396 4918 728 4987 incredibile,
752 4918 900 4987 juxta
926 4920 980 4975 id
1006 4921 1147 4990 quod
1176 4919 1463 4977 Sallustius
1491 4923 1652 4978 histoa

161 5058 182 5125 ξ
209 5051 326 5125 Ila].
357 5069 457 5116 m.,
486 5051 643 5107 Colb.
669 5070 741 5108 m.
764 5063 818 5125 et
842 5055 1054 5125 Regm.,
1083 5057 1402 5124 spiendidus.

157 5118 181 5156 δ
209 5118 358 5176 Initio
385 5126 505 5179 libri
530 5125 598 5178 de
625 5126 763 5179 bello
788 5118 1115 5179 Catilinario.

163 5201 182 5265 ς
205 5193 322 5265 Maj.
348 5213 446 5261 m.,
472 5205 520 5249 et
546 5196 739 5249 honore
765 5197 1016 5265 condigna
1053 5207 1397 5252 munerarent.

108 5259 319 5380 μιηά
361 5259 528 5322 verba
575 5259 1085 5335 iiwentaque,'etc.,
1119 5279 1315 5334 morte,
1364 5270 1554 5325 desunt
1595 5272 1648 5326 in

145 5346 265 5380 Nm-

145 5346 265 5399 βίω.

169 5413 186 5439 ε
213 5405 323 5460 Ilaec
352 5418 434 5461 est
461 5409 634 5476 prima
664 5406 994 5460 Blesens’ium
1019 5409 1155 5476 apud
1179 5419 1386 5466 veteres
1405 5418 1650 5467 auctores

113 5478 290 5541 iurentio,
322 5488 377 5532 ut
400 5487 586 5532 monet
621 5477 863 5531 Valesius
894 5480 945 5532 in
979 5477 1197 5534 Notitia.
1233 5481 1395 5535 Erant
1428 5483 1566 5536 sicut
1595 5492 1648 5536 et

115 5539 340 5618 llunenSes
378 5550 481 5605 sub
522 5550 827 5602 Carnotena
872 5551 1086 5602 dimcesi
1116 5591 1130 5613 ,
1162 5564 1191 5601 a
1221 5568 1320 5618 qua
1372 5553 1646 5608 Dnnenses

118 5615 192 5666 sub
213 5617 459 5685 Sigiberto
509 5633 640 5687 rege
670 5633 792 5672 sese
831 5619 1148 5674 subtrahere
1179 5615 1372 5676 frustra
1407 5633 1646 5677 tentave—

121 5695 223 5741 lunt.
265 5693 387 5748 Nam
432 5689 750 5757 Promotus,
799 5689 886 5758 qui
937 5690 1196 5747 Dunensis
1244 5694 1526 5764 cpiscopus
1575 5695 1643 5749 ab

1762 4550 2125 4609 concuterent,
2187 4544 2640 4601 intercedentibus
2685 4549 2989 4618 comitibus,
3039 4568 3140 4621 pax
3170 4569 3335 4625 usque

1760 4633 1814 4688 in
1845 4633 2171 4689 audientiam
2216 4635 2338 4690 data
2379 4645 2482 4702 est,
2528 4638 2734 4695 scilicet
2763 4650 2819 4694 ut
2859 4644 2911 4696 in
2950 4644 3035 4698 die
3062 4659 3168 4714 quo
3191 4646 3333 4716 judi-

1759 4725 1899 4779 cium
1932 4735 2049 4780 erat
2077 4726 2332 4794 futurum,
2383 4743 2508 4798 pars
2540 4746 2657 4799 qua:
2685 4742 2869 4787 contra
2901 4745 3107 4804 partem
3138 4739 3334 4808 injuste

1759 4824 2066 4884 exarserat,
2105 4816 2314 4885 justitia
2365 4819 2633 4877 mediante
2683 4835 3057 4897 componeret,
3100 4835 3156 4884 et
3194 4831 3271 4883 sic
3300 4845 3332 4887 a

1760 4907 1900 4962 bello
1928 4917 2191 4964 cessatum
2222 4920 2323 4968 est.

1759 5063 2325 5138 IEgidioBhemor-um
2366 5069 2620 5138 episcopo
2664 5070 2934 5126 institutus
2971 5072 3162 5138 fuerat,
3205 5075 3327 5131 loco

1759 5151 1857 5205 suo
1884 5135 2101 5199 excidit,
2133 5143 2189 5188 ut
2217 5136 2349 5190 infra
2379 5135 2586 5193 dicetur
2623 5156 2742 5205 cap.
2773 5142 2867 5204 I7;
2913 5145 3008 5195 sed
3055 5135 3326 5201 feliciores

1757 5204 1908 5279 fuere
1934 5207 2032 5259 hoc
2052 5206 2572 5279 saeculoBlesenses,
2602 5204 2813 5277 quibus,
2836 5221 3028 5279 agente
3058 5215 3327 5274 Ludovico

1759 5275 1972 5342 Magno,
2005 5276 2362 5344 episcopalem
2393 5275 2700 5332 cathedram
2749 5275 3014 5336 concessit
3062 5285 3324 5342 Innocen~

1759 5348 1864 5399 tius
1895 5346 2007 5414 Xll,
2043 5346 2277 5412 pontifex
2317 5346 2497 5411 Rom.,
2529 5348 2825 5402 Carnotena
2857 5352 3076 5409 ilimccsi
3107 5359 3158 5410 in
3187 5357 3324 5414 duas

1753 5415 2234 5495 divisa_;ﬂirldeque
2277 5417 2478 5495 primus
2519 5418 2678 5495 hujus
2715 5421 2866 5495 sedis
2906 5424 3184 5495 episcopus
3221 5430 3324 5486 hoc

1752 5501 1894 5563 anno
1927 5487 2060 5563 1697
2088 5502 2198 5563 quo
2226 5487 2530 5563 scribimus,
2563 5489 2665 5563 _die
2707 5490 2775 5563 15
2805 5487 3170 5563 Septembris,
3206 5500 3328 5556 illu-

1750 5557 1927 5610 striss.
1958 5557 2204 5613 dominus
2233 5557 2398 5612 David
2428 5557 2678 5615 Nicolaus
2700 5560 2769 5616 de
2799 5557 3007 5623 Bertier
3035 5557 3321 5628 consecra-

1749 5636 1833 5681 IUS
1858 5637 1958 5680 est.

1822 5696 1841 5736 ί
1876 5699 1994 5756 Bec.
2025 5705 2080 5756 et
2098 5698 2248 5757 Colb.
2281 5699 2401 5770 duo,
2436 5717 2628 5758 movere
2650 5702 2817 5758 habile
2846 5722 2969 5764 non.
