3942 6190
632 196 727 251 “9

1605 190 1661 247 S.
1702 186 2031 246 GREGORII
2072 186 2372 242 EPISCOPI
2412 186 2836 247 TURONENSB

3758 200 3857 255 ‘20

695 313 777 368 Ill.
810 313 1060 367 Vedastes
1089 320 1114 348 ι
1143 317 1494 380 cognomento
1524 309 1657 373 Avo,
1688 307 1777 377 qui
1809 314 1933 360 ante
1960 305 2058 359 hos
2085 317 2185 357 an-
2216 311 2268 367 Α
2294 304 2732 372 subscriptiones,
2763 306 2954 376 quibus
2985 306 3120 362 hanc
3149 309 3542 366 conniventiam
3568 314 3851 368 confirma-

623 418 723 459 nos
768 403 969 471 Lupum
1018 400 1464 469 Ambrosiumque
1502 414 1598 468 pro
1625 412 1808 451 amore
1836 396 2016 451 uxoris
2062 396 2191 448 Am-
2288 395 2386 448 stis
2425 403 2449 432 ο
2491 410 2507 448 :
2547 405 2601 450 et
2637 411 2737 462 qua
2787 413 2926 452 nunc
2974 397 3146 454 fronte
3183 402 3453 470 quaeritis,
3502 411 3561 457 ut
3613 414 3854 473 nepotem

622 493 785 550 brosii
830 493 1189 559 interfecerat,
1227 500 1283 548 et
1333 492 1502 561 ipsam
1546 490 1668 556 sibi,
1712 504 1830 559 qua:
1870 488 2187 543 consobrina

620 601 713 641 sua
746 600 868 641 esse
893 585 1189 651 dicebatur,
1223 585 1274 638 in
1306 583 1701 638 matrimonium
1732 588 2028 651 acceperat,
2059 579 2184 634 dum

620 678 785 732 multa
815 678 1020 733 scelera
1045 676 1177 731 infra
1208 676 1479 731 Pietavum
1511 674 1793 729 terminum
1827 683 2179 743 perpetraret,

620 772 848 841 quodam
906 771 1021 826 loco
1059 785 1177 824 cum
1220 767 1517 824 Childerico
1569 766 1778 823 Saxone
1830 768 2182 837 coniunctus,

618 862 743 917 dum
791 876 850 918 se
876 863 1099 917 invicem
1129 860 1385 916 conviciis
1426 861 1757 925 lacessrrent,
1799 877 1935 916 unus
1961 877 2027 916 ex
2053 876 2184 931 pue-

617 956 696 1011 ris
724 953 1011 1009 Cbilderici
1042 951 1071 991 b
1101 955 1339 1007 Avonem
1370 951 1519 1006 hasta
1547 950 1830 1006 transﬁxit.
1854 950 1953 1018 Qui
1982 951 2049 1006 ad
2077 960 2183 1006 ter-

616 1061 730 1101 ram
774 1060 959 1114 ruens,
1010 1045 1274 1113 plerisque
1314 1043 1487 1097 adhuc
1530 1042 1722 1097 ictibus
1762 1044 2050 1107 sauciatus,
2081 1041 2181 1097 ini-

614 1152 774 1207 quam
815 1138 1043 1191 animam
1096 1135 1353 1204 sanguine
1398 1134 1666 1190 defluente
1704 1135 1930 1200 refudit;
1980 1134 2180 1205 fuitque

618 1229 778 1283 ultrix
816 1229 993 1283 divina
1042 1229 1294 1296 majestas
1332 1227 1603 1297 sanguinis
1653 1226 1973 1292 innocentis,
2020 1242 2177 1296 quem

616 1319 827 1387 propria
856 1317 1111 1372 effuderat
1142 1331 1323 1371 manu.
1378 1315 1538 1370 Multa
1571 1316 1708 1370 enim
1748 1314 1908 1381 furta,
1957 1314 2179 1370 homici-

613 1408 720 1472 dia,
751 1407 1117 1476 adulteriaque
1139 1405 1467 1461 miserrimus
1495 1419 1638 1475 saepe
1662 1408 2024 1473 commiserat,
2057 1420 2175 1475 quae

613 1501 778 1555 silere
806 1500 995 1553 melius
1020 1508 1166 1567 puto.
1209 1497 1517 1567 Composuit
1557 1506 1734 1552 tamen
1766 1496 1889 1552 ﬁliis
1916 1497 2058 1553 Saxo
2087 1496 2175 1551 ille

610 1600 833 1645 mortem
854 1591 989 1657 ejus.

2289 500 2466 539 meum
2501 486 2900 543 Cbildebertum
2928 491 3201 560 suscipere
3246 493 3491 562 debeam,
3539 509 3699 564 quem
3729 498 3853 553 mihi

2283 586 2458 631 vestra
2489 581 2837 647 perversitate
2880 583 3126 639 voluistis
3173 584 3351 642 facere
3401 589 3712 643 inimicum?
3756 589 3849 645 Cui

2285 666 2444 737 legati
2474 671 2725 725 dixerunt
2757 686 2774 722 :
2802 672 2855 729 Si
2888 682 3090 729 tantum
3118 684 3353 731 mentem
3384 677 3653 733 iracundia
3684 682 3848 750 cepit,

2285 768 2339 812 ut
2361 760 2491 814 nihil
2519 763 2700 831 nepoti
2724 772 2815 818 tuo
2835 765 2903 820 de
2931 765 3014 819 his
3036 782 3153 835 quae
3184 767 3456 837 pollicitus
3476 784 3536 825 es
3557 770 3849 841 indulgeas,

2283 853 2368 907 vel
2398 852 2511 919 illa,
2545 870 2665 923 quae
2694 856 2763 911 de
2790 872 2954 926 regno
2983 858 3282 913 Chariberti
3312 860 3574 916 debentur
3595 901 3611 927 ,
3640 864 3851 919 auferre

2280 943 2499 1000 desiste.
2546 946 2749 1013 Quibus
2788 948 2878 1001 ille
2923 949 3035 1004 ait:
3067 949 3206 1005 Ecce
3235 952 3507 1020 pactiones
3552 967 3669 1023 quae
3715 953 3851 1009 inter

2283 1047 2382 1089 nos
2433 1035 2586 1091 facta:
2616 1048 2759 1104 sunt,
2811 1048 2870 1093 ut
2906 1040 3143 1108 quisquis
3194 1041 3311 1097 sine
3355 1042 3539 1096 fratris
3581 1044 3850 1101 voluntate

2280 1124 2509 1181 Parisios
2574 1129 2758 1184 urbem
2823 1130 3231 1200 ingrederetur,
3304 1135 3574 1188 amitteret
3645 1145 3845 1203 partem

2278 1231 2454 1283 suam,
2486 1232 2734 1288 essetque
2768 1220 3037 1276 Polioctus
3065 1235 3266 1291 martyr
3296 1221 3317 1261 ί
3353 1264 3369 1288 ,
3392 1238 3511 1277 cum
3543 1224 3748 1280 Hilario
3769 1236 3849 1279 at-

2279 1324 2383 1377 que
2410 1309 2641 1365 Martino
2670 1312 3088 1381 confessoribus,
3110 1314 3274 1383 jutlex
3308 1331 3371 1370 ac
3399 1317 3688 1371 retributor
3708 1321 3842 1385 ejus.

2278 1400 2517 1455 Posthaec
2549 1402 2819 1472 ingressus
2848 1414 2931 1457 est
2962 1404 3013 1458 in
3047 1421 3165 1459 eam
3194 1422 3476 1474 germanus
3502 1409 3668 1480 336
3704 1426 3847 1465 meus

2276 1490 2596 1560 Sigibertus,
2649 1494 2736 1561 qui
2758 1492 2960 1562 judicio
2987 1494 3080 1548 Dei
3111 1495 3386 1566 iuteriens,
3437 1500 3610 1552 amisit
3645 1510 3845 1568 partem

2276 1598 2455 1638 suam.
2496 1583 2752 1639 Similiter
2774 1594 2828 1638 et
2852 1585 3185 1655 Cltilpericus
3212 1589 3394 1658 gessit.
3438 1590 3541 1644 Per
3582 1592 3679 1643 has
3722 1607 3847 1660 ergo

678 1680 769 1735 ιν.
812 1681 1012 1735 Interea
1042 1679 1404 1752 Fredegundis
1431 1681 1611 1751 regina
1637 1680 1747 1750 jam
1776 1680 1986 1735 viduata
2017 1679 2167 1735 Pari-
2200 1668 2249 1729 Β
2276 1676 2723 1745 transgressiones
2745 1677 3037 1731 amiserunt
3066 1691 3244 1747 partes
3266 1694 3426 1734 suas:
3461 1681 3693 1749 ideoque
3718 1683 3839 1754 quia

612 1789 721 1827 Stos
750 1764 983 1840 advenit',
1014 1784 1068 1828 et
1097 1788 1217 1827 cum
1251 1773 1537 1841 thesauris,
1570 1787 1703 1842 quos
1731 1771 1865 1827 infra
1898 1787 2169 1827 murorum

606 1875 757 1932 septa
784 1865 1137 1930 concluserat,
1172 1864 1236 1918 ad
1264 1864 1545 1919 ecclesiam
1591 1861 1830 1934 confugit
1860 1872 1883 1900 ο
1910 1903 1926 1928 ,
1955 1870 2113 1932 atque
2140 1878 2170 1916 ιι

609 1957 953 2027 Ragnemudo
1000 1957 1209 2011 fovetur
1257 1958 1508 2026 episcopo
1542 1975 1554 2009 :
1588 1956 1825 2026 reliquos
1867 1970 1999 2011 vero
2054 1957 2169 2010 the-

607 2064 814 2114 sauros,
848 2047 935 2118 qui
958 2048 1097 2116 apud
1134 2048 1312 2101 villam
1338 2047 1518 2101 Calam
1548 2056 1937 2112 remanserant,
1971 2046 2022 2099 in
2055 2046 2171 2116 qui-

604 2140 705 2195 bus
735 2151 849 2195 erat
876 2141 1179 2194 missorium
1210 2140 1338 2193 illud
1366 2155 1606 2205 aureum,
1653 2141 1792 2210 quod
1823 2156 1993 2209 nuper
2028 2143 2169 2196 fece-

602 2243 686 2290 rat
716 2233 846 2305 (lib.
870 2249 947 2298 vt,
974 2250 1090 2298 cap.
1120 2232 1155 2285 2
1182 2232 1225 2300 ),
1273 2221 1587 2287 thesaurarii
1638 2234 1981 2300 levaverunt,
2023 2245 2073 2288 et
2102 2236 2167 2287 ad

604 2325 998 2381 Childebertum
1052 2341 1249 2393 regem,
1302 2326 1390 2394 qui
1430 2333 1555 2379 tunc
1595 2325 1733 2393 apud
1786 2326 2109 2381 Meldensem
2139 2324 2166 2363 ά

602 2416 1032 2473 commorabatur
1055 2416 1215 2487 335
1247 2417 1449 2481 urbem,
1485 2417 1745 2471 velociter
1776 2418 2122 2472 transierunt.

674 2506 741 2563 ν.
773 2506 1136 2576 Fredegundis
1166 2507 1324 2576 igitur
1353 2507 1534 2575 regina
1566 2515 1786 2575 accepto
1815 2508 2057 2574 consilio,
2090 2510 2162 2562 le-

599 2605 754 2669 gatos
776 2596 841 2651 ad
870 2596 1329 2651 Guntchramnum
1357 2611 1534 2667 regem
1576 2599 1754 2665 mittit,
1803 2598 1988 2653 dicens
2022 2598 2166 2655 :Ve-

601 2689 710 2744 niat
738 2689 983 2745 dominus
1012 2703 1185 2753 meus,
1232 2698 1286 2744 et
1313 2690 1565 2758 suscipiat
1594 2704 1811 2756 regnum
1853 2686 2032 2744 fratris
2059 2690 2160 2744 sui.

602 2782 716 2852 Est,
749 2781 938 2851 inquit,
982 2782 1108 2834 mihi
1158 2782 1329 2834 infans
1360 2782 1627 2850 parvulus,
1657 2796 1814 2849 quem
1860 2781 1911 2834 in
1942 2781 2055 2850 ejus
2085 2781 2166 2835 ul-

601 2877 684 2931 nis
708 2888 904 2944 ponere
930 2873 1262 2937 desiderans,
1286 2887 1370 2926 me
1397 2880 1574 2926 autem
1602 2872 1770 2940 ipsam
1801 2872 1916 2940 ejus
1944 2871 2162 2928 humilio

597 2965 805 3019 ditioni.
836 2963 1121 3031 Comperto
1150 2974 1326 3016 autem
1361 2961 1790 3017 Guntchramnus
1834 2978 1932 3016 rex
1960 2962 2027 3017 de
2052 2962 2160 3017 fra-

2276 1767 2351 1821 illi
2376 1767 2528 1837 juxta
2578 1767 2672 1822 Dei
2696 1766 2954 1836 judicium
3001 1778 3056 1823 et
3093 1768 3495 1825 maledictiones
3537 1772 3841 1840 pacliottttut

2271 1864 2609 1931 defecerunt,
2657 1880 2816 1918 omne
2842 1880 3064 1934 regnum
3092 1864 3392 1920 Cbariberti
3430 1882 3547 1920 cum
3582 1866 3847 1922 thesauris

2271 1956 2407 2025 ejus,
2461 1957 2592 2009 meis
2636 1954 2943 2021 ditionibus,
2998 1956 3112 2025 lege
3151 1955 3466 2026 opitulante,
3514 1957 3843 2025 subjiciam:

2271 2062 2372 2100 nec
2406 2048 2598 2101 exinde
2619 2045 2775 2100 alicui
2799 2047 3084 2116 quidquam
3118 2048 3216 2101 nisi
3243 2056 3535 2117 spontanea
3567 2050 3843 2103 voluntate

2272 2136 2595 2206 indulgeam.
2644 2137 2899 2192 Absistite
2928 2137 3088 2206 igitur
3117 2153 3213 2191 vos
3242 2151 3455 2207 semper
3479 2140 3765 2195 mendaces
3784 2156 3845 2196 at:

2271 2228 2478 2296 perfidi,
2508 2236 2563 2282 et
2592 2227 2705 2281 hac
2732 2230 2841 2297 regi
2872 2238 3051 2283 vestro
3090 2226 3306 2283 referte.

2343 2319 2455 2373 νυ.
2487 2321 2691 2386 Quibus
2722 2319 3152 2384 discedentibus,
3198 2321 3358 2386 legati
3398 2329 3589 2375 iterum
3624 2320 3843 2376 Childe-

2270 2415 2403 2468 berti
2445 2413 2508 2467 ad
2551 2414 2874 2468 antedictum
2926 2429 3101 2482 regem
3145 2414 3381 2479 veniunt,
3437 2413 3840 2479 Fredegundem

2276 2504 2513 2573 reginam
2546 2504 2899 2574 requirentes,
2947 2514 3102 2574 atque
3131 2506 3369 2559 dicentes
3399 2522 3412 2558 :
3446 2504 3625 2559 Redde
3670 2505 3841 2561 homi-

2266 2596 2462 2661 cidam,
2494 2613 2611 2665 qua:
2641 2598 2856 2650 amitam
2906 2613 3078 2651 meam
3107 2597 3430 2666 suggillavit,
3472 2612 3584 2666 quae
3626 2608 3842 2664 patrem

2267 2687 2559 2756 interfecit,
2592 2699 2645 2743 et
2675 2699 2915 2757 patruum
2945 2708 2956 2741 :
2991 2705 3108 2758 qua:
3151 2693 3295 2758 ipsos
3331 2704 3539 2760 quoque
3558 2690 3840 2744 consobri-

2267 2796 2365 2834 nos
2394 2795 2541 2834 mens
2566 2781 2745 2849 gladio
2780 2783 3053 2835 interemit
3080 2791 3127 2835 κ.
3162 2783 3231 2835 At
3262 2782 3355 2836 ille
3387 2799 3402 2835 :
3435 2784 3487 2835 In
3518 2782 3732 2850 placito,
3760 2783 3841 2835 in-

2264 2873 2400 2941 quit,
2434 2873 2575 2942 quod
2608 2873 2880 2937 habemus,
2927 2883 3113 2926 cuncta
3142 2872 3500 2937 decernimus,
3548 2883 3839 2929 tractantes

2263 2961 2389 3030 quid
2429 2973 2672 3029 Oporteat
2719 2962 2853 3016 fieri.
2913 2959 3043 3015 Nam
3087 2961 3486 3031 Fredegundem
3538 2964 3836 3029 patrocinio

595 3059 692 3112 tris
731 3070 976 3120 excessu,
1030 3055 1365 3108 amarissime
1416 3054 1578 3109 ﬁevit.
1625 3054 1895 3108 Moderata
1948 3069 2157 3123 quoque
2185 3041 2233 3107 C
2262 3069 2361 3109 suo
2405 3057 2637 3121 fovebat,
2684 3054 2960 3124 ipsamque
3003 3055 3196 3124 saepius
3242 3055 3307 3110 ad
3355 3055 3659 3111 convivium
3704 3071 3835 3111 ero-

593 3147 829 3216 plaoctu,
853 3154 1119 3200 commoto
1145 3144 1385 3199 exercitu
1434 3145 1664 3198 Parisios
1693 3145 1888 3213 dirigit.
1919 3145 2157 3215 Cumque

593 3236 687 3291 ille
715 3235 848 3289 infra
886 3248 1067 3288 muros
1096 3246 1379 3303 susceptus
1424 3235 1633 3302 fuisset,
1668 3235 2036 3292 Childebertus
2062 3252 2154 3293 rex

593 3340 761 3393 nepos
786 3326 902 3391 ejus
929 3324 996 3377 ah
1022 3326 1122 3378 alia
1155 3325 1365 3379 advenit
1397 3336 1567 3394 parte.

664 3419 752 3473 Vl.
781 3418 887 3474 Sed
915 3434 1034 3472 cum
1057 3433 1177 3473 eum
1209 3418 1463 3474 Parisiaei
1493 3419 1729 3489 recipere
1760 3420 1979 3488 nollent,
2013 3420 2155 3492 lega-

593 3521 676 3565 tos
706 3511 769 3564 ad
801 3507 1259 3564 Guntchramnum
1304 3526 1481 3581 regem
1513 3509 1711 3580 dirigit,
1755 3510 1973 3565 dicens:
2005 3510 2149 3579 Scio,

531 3668 539 3677 .
590 3602 827 3672 piissime
866 3610 1038 3671 pater,
1069 3616 1174 3657 non
1225 3602 1394 3657 latere
1436 3603 1683 3672 pietatem
1715 3612 1879 3667 tuam,
1924 3601 2151 3672 qualiter

589 3705 869 3764 utrumque
917 3708 1083 3763 usque
1121 3682 1369 3763 praesens
1411 3704 1614 3762 tempus
1658 3708 1779 3761 pars
1824 3692 2150 3763 Oppresserit

588 3789 822 3851 inimica,
855 3794 914 3839 ut
949 3786 1123 3840 nullus
1154 3783 1222 3840 de
1247 3786 1406 3839 rebus
1432 3784 1535 3838 sibi
1577 3784 1772 3839 debitis
1800 3784 1966 3854 possit
2002 3784 2147 3839 inve-

587 3878 704 3931 nire
750 3875 1033 3945 justitiam.
1088 3875 1290 3932 Idcirco
1323 3876 1546 3945 supplex
1591 3892 1731 3931 nunc
1773 3876 2048 3945 deprecor,
2092 3884 2147 3931 ut

585 3965 797 4035 placita,
822 3981 938 4035 qua:
967 3966 1105 4021 inter
1143 3980 1240 4021 nos
1282 3976 1404 4035 post
1442 3966 1606 4035 patris
1639 3967 1743 4023 mei
1780 3967 1981 4022 obitum
2022 3976 2148 4022 sunt

584 4053 797 4121 innexa,
830 4054 1215 4108 custodiantur.
1248 4054 1397 4108 Tunc
1423 4055 1852 4111 Guntchramnus
1880 4073 1972 4111 rex
1997 4058 2143 4126 lega-

580 4142 647 4198 tis
676 4144 815 4197 illius
853 4146 926 4198 ait
957 4143 1036 4201 :0
1074 4144 1257 4199 miseri
1296 4153 1349 4199 et
1391 4160 1602 4214 semper
1632 4146 1853 4213 perfidi,
1911 4148 2040 4201 nihil
2089 4148 2140 4202 in

581 4235 730 4287 vobis
758 4249 943 4287 verum
983 4234 1272 4299 habentes,
1315 4249 1489 4303 neque
1532 4235 1586 4287 in
1618 4235 1889 4302 promissis
1937 4250 2143 4304 perma-

586 4333 793 4387 nentes,
817 4339 943 4379 ecce
962 4325 1209 4380 omnibus
1232 4339 1350 4394 qua:
1375 4324 1501 4377 mihi
1528 4323 1746 4393 polliciti
1766 4326 1894 4378 estis
1918 4326 2136 4392 relictis,

2258 3162 2409 3214 cans,
2443 3149 2757 3216 promittens
2792 3144 2817 3182 ιι
2841 3164 2898 3201 se
2928 3147 2977 3202 ei
3010 3148 3122 3201 ﬁeri
3154 3148 3442 3202 maximum
3473 3146 3836 3205 defensorem.

2258 3237 2495 3304 Quadam
2524 3251 2652 3292 vero
2677 3237 2765 3291 die
2794 3238 2919 3289 dum
2963 3237 3159 3305 pariter
3188 3237 3253 3290 ad
3284 3251 3522 3292 mensam
3554 3238 3837 3307 epularen-

2260 3342 2366 3397 tur,
2398 3332 2577 3401 regina
2607 3346 2957 3399 consurgens,
2992 3341 3044 3384 et
3074 3330 3393 3395 valedicens,
3419 3346 3449 3385 a
3479 3346 3602 3400 rege
3631 3333 3835 3386 detine-

2256 3422 2431 3487 batur,
2462 3422 2672 3477 dicente
2718 3422 2860 3476 sibi:
2895 3422 3084 3476 Adhuc
3123 3423 3321 3491 aliquid
3372 3422 3475 3477 cibi
3519 3437 3691 3477 sume.
3739 3424 3833 3477 Cui

2256 3512 2392 3570 illa:
2425 3512 2661 3582 lndulge,
2710 3512 2900 3582 inquit,
2948 3515 3227 3581 deprecor,
3288 3514 3504 3568 domine
3560 3515 3656 3579 mi,
3706 3516 3833 3583 quia

2249 3601 2401 3670 juxta
2428 3602 2867 3658 consuetudinem
2898 3603 3181 3657 mulierum
3209 3606 3429 3674 contigit
3460 3605 3611 3670 mihi,
3646 3614 3706 3659 ut
3736 3622 3831 3673 pro

2252 3705 2516 3763 conceptu
2548 3710 2891 3763 consurgam.
2950 3695 3073 3748 llaec
3117 3695 3205 3749 ille
3233 3695 3479 3760 audiens,
3533 3697 3832 3764 obstupuit,

2250 3785 2428 3839 sciens
2461 3795 2705 3852 quartum
2737 3798 2857 3839 esse
2900 3799 3136 3839 mensem
3164 3826 3179 3850 ,
3229 3801 3293 3838 ex
3324 3802 3429 3854 quo
3458 3786 3621 3840 alium
3652 3787 3832 3843 edide-

2249 3884 2333 3929 rat
2361 3875 2523 3928 ﬁlium
2553 3891 2569 3928 :
2602 3884 2776 3929 tamen
2807 3874 3051 3943 permisit
3080 3891 3196 3931 eam
3229 3890 3575 3946 consurgere.
3612 3877 3831 3932 Priores

2248 3981 2456 4036 quoque
2483 3966 2551 4020 de
2578 3981 2741 4035 regno
2790 3964 3101 4035 Chilperici,
3158 3976 3215 4020 ut
3243 3978 3358 4020 erat
3402 3967 3748 4023 Ansoualdus
3780 3979 3831 4023 et

2248 4055 2456 4124 reliqui,
2492 4054 2557 4110 ad
2583 4056 2746 4110 filium
2772 4057 2887 4125 ejus
2919 4058 3006 4125 qui
3038 4066 3190 4120 erat,
3221 4058 3542 4125 utsuperius
3571 4059 3826 4123 diximus,

2246 4155 2474 4213 quatuor
2514 4135 2803 4211 mensium,
2855 4162 2912 4201 se
2958 4146 3309 4218 collegerunt,
3358 4164 3519 4217 quem
3569 4150 3828 4204 Chlotha-

2246 4236 2381 4290 rium
2411 4236 2428 4272 ί
2463 4237 2851 4300 vocitaverunt,
2883 4240 3156 4307 exigentes
3192 4251 3528 4293 sacramenta
3560 4256 3653 4307 per
3693 4241 3829 4295 civi-

2246 4338 2398 4393 tates,
2430 4344 2549 4396 qua:
2578 4330 2641 4383 ad
2663 4329 3021 4399 Chilpericum
3054 4330 3201 4399 prius
3234 4340 3587 4399 aspexerant,
3620 4340 3679 4384 ut
3705 4334 3818 4387 sci-

582 4428 702 4466 cum
740 4414 1041 4482 Chilperico
1090 4429 1216 4486 rege
1257 4429 1448 4469 novam
1493 4414 1790 4483 pactionem
1830 4414 2137 4484 scripsistis,
2173 4416 2219 4474 Ι)
2248 4422 2371 4475 licet
2403 4420 2583 4476 ﬁdeles
2616 4436 2734 4476 esse
2761 4422 2989 4477 debeant
3016 4423 3417 4478 Guntchramnu
3454 4424 3587 4493 regi,
3628 4439 3693 4478 ac
3726 4440 3823 4479 ne-

582 4514 641 4558 ttt
670 4521 752 4558 me
781 4520 811 4558 a
841 4519 1005 4573 regno
1028 4507 1268 4574 depulso,
1299 4504 1544 4562 civitates
1573 4518 1719 4558 meas
1748 4505 1887 4559 inter
1922 4519 1982 4559 se
2006 4505 2140 4561 divi-

581 4595 789 4651 derent.
824 4596 966 4650 Ecce
1014 4596 1287 4665 pactiones
1334 4596 1509 4665 ipsas,
1560 4608 1684 4650 ecce
1731 4609 1918 4650 manus
1948 4606 2139 4653 vestra:

651 4736 675 4765 ι
700 4727 813 4784 Hoc
857 4738 1015 4797 caput
1043 4729 1192 4785 deest
1220 4731 1275 4786 in
1315 4730 1469 4785 Colb.
1502 4745 1554 4784 a.
1603 4738 1656 4783 et
1684 4730 1799 4782 Vat.
1828 4746 1841 4789 ;
1871 4731 1941 4783 al.
1966 4771 1982 4796 ,
2038 4732 2136 4784 Ve-

574 4800 750 4853 dastus
774 4841 787 4863 ,
817 4800 963 4861 Bec.,
993 4800 1145 4854 Colb.
1175 4818 1249 4855 tn.
1291 4812 1346 4856 et
1374 4801 1593 4867 chm.,
1626 4813 1953 4869 cognomento
1993 4818 2133 4855 avus.

574 4872 774 4925 Cortler
796 4880 955 4935 caput
983 4871 1047 4922 15
1080 4871 1195 4923 libri
1228 4872 1600 4939 praecedentis.

646 4940 672 4979 δ
703 4939 855 4995 Colb.
882 4956 979 5005 In.,
1011 4939 1304 5005 Chilperici.

646 5021 668 5049 ε
702 5011 781 5064 Ex
811 5011 915 5063 hoc
956 5013 1072 5064 loco
1102 5010 1363 5077 Valesius,
1410 5012 1460 5064 in
1509 5011 1603 5064 lib.
1635 5010 1702 5066 de
1731 5012 1963 5067 basilicis
1995 5014 2138 5067 Pari-

570 5080 728 5135 siacis
753 5096 870 5149 cap.
901 5084 951 5147 1,
997 5084 1186 5149 prohat
1220 5082 1341 5135 adv.
1370 5081 1662 5136 Launoium
1682 5123 1696 5145 ,
1740 5084 1994 5150 majorem
2042 5100 2135 5138 seu

570 5150 927 5204 cathedralem
972 5152 1292 5205 Parisiorum
1324 5152 1607 5206 ecclesiam
1655 5154 1793 5205 intra
1824 5158 2004 5206 urbem
2034 5157 2134 5205 suh

571 5221 738 5285 prima
769 5236 953 5290 regum
983 5236 1285 5277 noStrorunt
1318 5222 1481 5291 stirpe
1505 5221 1789 5276 exstitisse.
1836 5222 2129 5290 thuidem

569 5299 775 5363 certum
803 5301 885 5363 est
924 5294 1150 5346 ecclesia:
1187 5294 1404 5346 nomine
1431 5293 1623 5363 passim
1651 5291 1789 5361 apud
1818 5292 2130 5363 Gregorium

569 5358 925 5432 cathedralem
953 5363 1229 5432 ecclesiam
1260 5358 1546 5432 designari.

637 5424 664 5463 ά
696 5428 843 5499 [icon
865 5434 1003 5499 apud
1027 5430 1318 5486 Maldeaim.

637 5496 1035 5569 *Confer'cap.
1069 5504 1101 5554 5
1146 5502 1236 5554 lib.
1268 5516 1339 5565 Vl,
1386 5502 1474 5556 ubi
1516 5502 1583 5555 de
1628 5499 1973 5555 Gumtramno
2018 5503 2134 5569 pcl-

566 5563 724 5638 lendo
752 5574 925 5638 actum
972 5563 1164 5633 fuerat,
1195 5572 1283 5638 qui
1313 5563 1694 5624 conventioncs
1736 5572 1851 5623 illas
1874 5586 1945 5625 ex
1976 5563 2123 5627 Chil-

564 5636 732 5702 perici
758 5636 969 5694 scriniis
999 5649 1125 5694 tunc
1147 5643 1197 5693 in
1215 5636 1317 5694 sua
1345 5649 1605 5706 potestate
1633 5639 1882 5695 habebat.
1914 5690 1917 5694 .

2247 4511 2355 4581 poti
2384 4526 2481 4565 suo
2509 4509 2844 4568 Cblothario.
2875 4513 3310 4569 Guntchramnus
3341 4530 3466 4569 vero
3494 4532 3583 4569 rex
3611 4516 3826 4583 omnia,

2242 4619 2360 4672 qua:
2392 4604 2575 4657 ﬁdeles
2598 4604 2737 4672 regis
2760 4604 3043 4674 Chilperici
3074 4620 3179 4658 non
3211 4614 3355 4660 recte
3382 4606 3609 4661 diversis
3634 4608 3828 4660 absm-

2316 4732 2469 4807 ‘AHic
2496 4751 2601 4801 prae
2629 4740 2837 4790 ueteris
2876 4740 3078 4791 electus
3107 4736 3298 4799 fuerat,
3330 4740 3471 4805 quod
3505 4742 3556 4791 in
3590 4739 3828 4807 periuris

2240 4804 2533 4877 puniendis
2550 4807 2776 4877 celebris
2802 4816 2965 4869 esset,
3015 4816 3071 4860 ut
3112 4804 3483 4877 testaturipse
3528 4804 3828 4877 Gregorius

2240 4874 2333 4927 ιιι).
2363 4890 2377 4926 t
2402 4875 2467 4927 de
2498 4875 2676 4929 Gloria
2707 4877 2884 4938 Mart.,
2910 4892 3028 4943 cap.
3065 4878 3185 4931 105.

2312 4953 2337 4990 ε
2369 4943 2731 5009 Fredegundis
2772 4945 3121 4999 accusabatur
3163 4948 3302 5013 quod
3348 4946 3779 5004 Gailesvintham
3807 4992 3821 5013 ,

2239 5012 2569 5092 Childeberti
2594 5026 2934 5092 materteram
2967 5012 3283 5092 strangulari
3315 5018 3547 5078 fecisset.
3576 5036 3642 5074 ac
3670 5012 3825 5092 Sigié

2238 5082 2445 5157 berlum
2495 5083 2739 5157 ejusdem
2757 5097 2989 5157 patrem,
3036 5082 3397 5155 Cltilpericum
3443 5103 3713 5157 patruum,
3739 5082 3821 5145 vet

2239 5151 2599 5228 Chlodoveutn
2631 5170 2693 5207 ac
2727 5155 3027 5209 Mer0veum
3052 5151 3244 5211 fratres
3273 5159 3389 5227 ejus
3416 5151 3709 5228 patrueles,
3738 5164 3826 5215 in-

2239 5224 2413 5291 terimi
2449 5234 2803 5291 procurasset.

2307 5289 2555 5372 h‘Clnrsn.
2580 5305 2633 5347 et
2660 5292 2814 5372 Colb.
2839 5310 2891 5349 a.
2914 5293 3012 5348 alia
3031 5311 3210 5364 manu,
3234 5299 3583 5365 promittebat.
3601 5300 3824 5372 Regm.,

2237 5377 2290 5415 se
2318 5362 2428 5428 ﬁeri
2458 5361 2599 5415 illius
2628 5367 2929 5430 maximum,
2962 5377 3067 5420 etc.

2314 5431 2330 5469 ί
2362 5433 2510 5507 idem
2538 5448 2601 5486 ac
2631 5446 2849 5501 patruus
2880 5451 3071 5507 nomen
3104 5436 3355 5499 habebat;
3387 5440 3624 5507 priorem
3656 5441 3795 5498 Chio

2237 5501 2566 5576 tltaclta‘rium
2590 5519 2653 5576 ex
2674 5506 3045 5576 vetustissimis
3065 5507 3222 5559 codd.
3252 5501 3572 5576 scripsimus
3606 5528 3620 5565 :
3657 5514 3816 5566 istum

2234 5587 2360 5625 vero
2400 5572 2749 5639 Chlotarium,
2806 5590 2901 5629 seu
2943 5572 3292 5641 Chlotarium,
3342 5572 3432 5631 aut
3475 5579 3818 5639 Illothnrtum

2231 5642 2416 5714 scripti
2445 5645 2617 5700 nostri
2646 5644 2803 5714 vulgo
2832 5645 3122 5716 appellant,
3150 5662 3285 5715 quos
3315 5651 3619 5719 sequimur.
