3942 6190
127 194 199 250 ω
1011 210 1321 269 HISTORIA
1368 213 1806 269 FRANCORIIM.
1856 215 2054 271 LIBER
2093 220 2446 279 SEPTIMUS.

3262 236 3366 290 4'2?

150 315 286 382 imm,
310 316 533 385 inﬁma
578 321 969 389 intercedente,
1017 328 1269 382 restituit.
1312 329 1469 383 Multa
1496 339 1547 384 et
1577 332 1691 398 ipse
1722 334 1770 390 A
1798 340 1986 398 putans
2018 336 2214 404 reginae
2258 342 2450 395 victum
2482 353 2708 409 arctam,
2741 347 2911 404 donec
2939 350 3007 406 ad
3047 354 3231 411 urbem
3272 373 3368 413 ro-

158 408 343 464 ecclesiis
384 411 733 479 conferens,
782 424 1099 473 testamenta
1147 434 1359 489 quoque
1405 421 1563 492 337
1605 422 1698 476 de-

155 500 438 570 functorum,
470 504 568 573 qui
600 506 859 563 ecclesias
888 508 1131 566 hatredes
1155 513 1515 578 instituerant,
1547 523 1602 568 et
1631 514 1698 568 ab

152 591 414 659 Chilperico
465 610 780 665 compressa
828 597 1062 667 fuerant,
1092 604 1449 658 restauravit:
1492 604 1699 659 multis-

144 698 220 751 que
246 694 271 720 ι
302 700 364 739 se
400 685 694 757 benignum
737 690 1031 759 exhibens,
1074 707 1139 750 ac
1178 698 1344 752 multa
1382 698 1697 769 pauperibus

141 774 373 828 tribuens.

189 865 317 920 VIII.
352 867 463 923 Sed
493 870 613 939 quia
646 886 752 926 non
782 882 897 927 erat
924 874 1063 930 fidus
1098 876 1168 930 ab
1208 876 1512 935 hominibus
1534 878 1561 918 ὶι
1610 882 1694 934 in-

130 967 195 1013 ter
219 975 358 1029 quos
391 974 635 1028 venerat,
669 967 832 1020 armis
859 980 919 1021 se
959 969 1204 1037 munivit,
1235 986 1334 1025 nec
1367 987 1596 1041 unquam
1626 973 1692 1028 ad

122 1051 398 1105 ecclesiam
431 1060 525 1106 aut
570 1054 769 1125 reliqua
813 1057 926 1112 loca
974 1074 1079 1127 quo
1110 1060 1190 1117 ire
1215 1061 1533 1129 delectabat,
1579 1065 1697 1120 sine

115 1142 301 1209 grandi
332 1146 591 1215 pergebat
619 1149 881 1206 custodia.
926 1150 1078 1207 Unde
1108 1152 1303 1207 factum
1330 1165 1440 1219 est,
1484 1166 1541 1210 ut
1569 1172 1698 1224 qua-

113 1235 231 1290 dam
265 1234 355 1290 die
407 1236 703 1306 Dominica,
752 1253 1030 1312 postquam
1078 1245 1335 1299 diaconus
1379 1246 1645 1301 silentium
1672 1257 1695 1285 θ

114 1329 331 1396 populis
374 1339 433 1383 ut
459 1328 637 1386 Missa:
666 1334 1115 1399 auscultarentur,
1166 1336 1376 1402 indixit,
1426 1353 1519 1393 rex
1565 1352 1697 1392 con-

110 1432 303 1471 versus
330 1420 401 1474 ad
433 1423 689 1491 populum
716 1425 918 1481 diceret
953 1443 969 1482 :
1002 1428 1204 1496 Adjuro
1231 1444 1346 1492 vos,
1376 1445 1409 1483 0
1439 1430 1539 1485 vrri
1569 1448 1692 1486 cum

109 1507 428 1563 mulieribus
473 1512 561 1579 qui
622 1513 861 1585 adestis,
912 1526 969 1571 ut
1020 1518 1147 1571 milii
1190 1519 1347 1573 ﬁdem
1389 1521 1693 1576 inviolatam

106 1611 332 1653 servare
363 1599 679 1670 dignemini,
731 1620 829 1660 nec
873 1622 977 1674 me,
1010 1617 1066 1662 ut
1108 1609 1298 1664 fratres
1339 1627 1486 1666 meos
1527 1628 1696 1682 nuper

1797 423 2124 491 grederetur.

1870 513 1934 570 X.
1971 517 2089 586 lpse
2118 535 2243 575 vero
2267 522 2332 576 ad
2360 523 2723 594 Mummolum,
2754 549 2873 588 cum
2904 552 3009 605 quo
3038 539 3215 596 fcedus
3240 551 3369 603 ante

1799 606 1932 662 duos
1950 623 2119 665 annos
2144 613 2353 679 inierat,
2381 620 2701 685 pr0peravit.
2724 623 3025 683 Merebatur
3054 642 3178 689 tunc
3194 634 3367 692 Mum-

1798 699 1970 754 molus
1999 700 2135 756 infra
2166 719 2348 760 muros
2370 706 2654 767 Avennica:
2672 714 2822 771 urbis
2847 734 2968 772 cum
2992 719 3360 794 Gundovaldo,

1797 790 1948 860 cujus
1996 791 2051 846 in
2099 792 2236 850 libro
2263 799 2540 867 superiore
2588 806 2923 864 meminimus
2957 811 3093 882 (cap.
3125 812 3238 889 24).
3262 790 3361 886 Qui

1798 883 2116 953 conjunctus
2159 901 2281 943 cum
2333 893 2648 961 supradictis
2695 898 2916 959 ducibus
2962 883 3361 969 Lemovieinum

1797 978 2076 1047 accedens,
2106 980 2311 1036 Brivam
2342 984 2633 1042 Curretiam
2662 999 2685 1027 °
2710 993 2908 1061 vicum,
2940 998 2991 1051 in
3023 1015 3127 1068 quo
3148 1016 3367 1064 sanctus

1798 1066 2054 1123 Martinus
2090 1074 2276 1138 nostri,
2302 1082 2357 1127 ut
2395 1075 2559 1142 aiunt,
2586 1079 2792 1137 Martini
2814 1066 3126 1158 discipulus,
3150 1097 3363 1165 requie-

1797 1161 1917 1223 scit,
1935 1161 2184 1217 advenit:
2220 1165 2396 1235 ibique
2424 1183 2623 1237 parma:
2648 1180 3030 1250 superpositus,
3060 1200 3152 1241 rex
3174 1161 3256 1242 est
3287 1189 3363 1245 le-

1797 1264 1970 1308 vatus.
2005 1253 2109 1308 Sed
2134 1270 2252 1310 cum
2283 1260 2440 1313 tertio
2460 1274 2578 1315 cum
2596 1264 2780 1319 eodem
2804 1284 3073 1339 gyrarent,
3099 1279 3361 1337 cecidisse

1797 1340 1987 1407 fertur,
2018 1346 2090 1398 ita
2118 1356 2174 1400 ut
2199 1349 2284 1403 vix
2315 1350 2561 1406 manibus
2588 1354 3043 1419 circumstantium
3071 1375 3361 1431 sustentari

1797 1432 2073 1501 ροιυίεεει.
2109 1436 2310 1493 Deinde
2337 1441 2446 1494 ibat
2473 1457 2566 1511 per
2592 1445 2831 1503 civitates
2871 1453 2921 1507 in
2953 1456 3173 1514 circuitu
3214 1464 3360 1531 posi~

1798 1533 1896 1579 tas.
1931 1526 2207 1595 Rigunthis
2236 1545 2362 1585 vero
2392 1533 2441 1585 in
2468 1532 2689 1591 basilica
2716 1550 2914 1597 sanctae
2929 1544 3111 1603 Mariae
3130 1526 3360 1621 Tolosae,

1796 1618 1849 1672 in
1875 1635 2031 1688 quam
2056 1620 2382 1691 Ragnoualdi
2409 1642 2561 1695 uxor,
2586 1630 2736 1699 cujus
2765 1650 2925 1703 supra
2955 1642 3295 1701 meminimus
3314 1618 3358 1714 ῖς

106 1688 335 1754 fecistis,
364 1692 714 1761 interimatis;
739 1698 999 1767 liceatque
1033 1700 1161 1754 mihi
1188 1703 1268 1755 vel
1303 1703 1470 1757 tribus
1496 1701 1690 1760 annisd
1722 1703 1768 1763 Β
1795 1688 2159 1778 Chilpericum
2220 1726 2463 1771 metuens
2512 1688 2865 1793 confugerat:
2923 1732 3209 1791 residebat.
3256 1688 3360 1794 Ra:

108 1792 337 1851 nepotes
362 1800 534 1853 meos,
568 1790 657 1857 qui
691 1791 818 1844 mihi
848 1792 1079 1861 adoptivi
1112 1794 1235 1848 facti
1260 1804 1384 1851 sunt
1413 1795 1528 1867 filii,
1563 1812 1691 1852 enu-

107 1875 236 1928 trire
273 1893 287 1928 :
320 1894 390 1932 ne
416 1878 551 1933 forte
581 1884 871 1953 contingat,
898 1887 1039 1954 quod
1070 1886 1319 1943 divinitas
1352 1900 1553 1945 aeterna
1587 1908 1691 1946 non

109 1965 364 2033 patiatur,
396 1979 453 2023 ut
494 1985 615 2024 cum
650 1973 753 2028 illis
800 1977 1056 2045 parvulis,
1104 1993 1190 2033 me
1232 1979 1504 2049 defuncto,
1534 1984 1691 2038 simul

109 2059 375 2123 pereatis;
404 2075 525 2115 cum
555 2062 621 2117 de
650 2080 846 2134 genere
888 2079 1073 2123 nostro
1104 2071 1351 2126 robustas
1384 2088 1487 2128 non
1531 2075 1691 2129 fuerit

109 2148 191 2215 qui
219 2150 487 2206 defensct.
522 2154 645 2209 Ilaec
675 2171 741 2211 eo
768 2157 999 2226 dicente,
1033 2163 1207 2217 omnis
1244 2164 1467 2233 populus
1490 2165 1688 2219 oratio-

110 2251 225 2293 nem
262 2257 357 2310 pro
391 2260 523 2315 rege
554 2245 691 2301 fudit
721 2249 787 2302 ad
821 2249 1125 2305 Dominum.

174 2328 269 2383 IX.
301 2331 435 2387 Dum
475 2335 593 2391 haec
635 2352 941 2408 agerentur,
974 2342 1254 2411 Ilignnthis
1283 2343 1565 2414 Cltilperici
1598 2363 1685 2402 re-

113 2419 184 2486 εᾷς
215 2420 341 2486 iilia,
396 2438 515 2479 cum
548 2426 817 2483 thesauris
860 2445 1017 2498 supra
1062 2434 1295 2503 scriptis,
1340 2450 1505 2505 usque
1529 2437 1686 2492 Tolo-

113 2523 215 2564 mu
267 2517 516 2583 accessit,
547 2528 602 2573 et
645 2534 872 2575 cernens
900 2537 958 2577 se
980 2522 1090 2592 jam
1133 2524 1197 2578 ad
1230 2527 1512 2580 terminum
1556 2527 1685 2582 Got-

116 2599 316 2659 tborum
353 2621 469 2662 esse
496 2611 868 2680 prepinquam,
898 2628 1077 2667 moras
1103 2616 1373 2670 innectere
1399 2618 1580 2686 ccepit,
1602 2618 1683 2671 di-

112 2696 342 2751 centibus
372 2700 474 2754 sibi
496 2711 607 2754 tum
640 2714 895 2770 prteterca
920 2706 1051 2771 suis,
1073 2714 1320 2773 Oportere
1340 2722 1453 2760 eam
1486 2706 1683 2763 ibidem

115 2792 461 2857 commorari,
516 2808 638 2847 cum
696 2795 791 2863 ipsi
844 2795 1043 2866 fatigati
1105 2798 1172 2852 de
1236 2797 1457 2863 itinere,
1523 2801 1693 2853 vesai:

118 2892 281 2933 menta
314 2882 578 2938 baberent
602 2887 816 2950 inculta,
846 2889 1190 2944 calciamenta
1216 2891 1400 2952 scissa,
1434 2892 1681 2959 ipsostpie

113 2983 356 3038 equorum
396 2984 559 3045 atque
604 2993 943 3033 carrucarum
991 2990 1273 3048 apparatus
1316 2982 1511 3048 adhuc,
1543 2984 1680 3037 sient

112 3063 352 3128 plaustris
369 3068 541 3122 evecti
573 3080 743 3134 erant,
770 3086 1014 3125 seorsum
1039 3087 1157 3126 esse
1173 3073 1484 3143 disjunCtos.
1510 3076 1673 3142 Opor-
1704 3076 1747 3136 C

113 3161 216 3208 tere
247 3160 423 3224 potius
452 3159 631 3212 omnia
685 3160 796 3214 limc
840 3164 987 3230 prius
1034 3162 1319 3232 diligenter
1348 3165 1591 3225 stabiliri,
1624 3176 1679 3220 et

110 3243 177 3297 sic
222 3247 273 3299 in
323 3249 519 3303 itinere
551 3250 836 3317 proficisci,
868 3267 931 3307 ac
979 3256 1175 3323 suscipi
1225 3271 1343 3309 eum
1396 3258 1539 3310 omni
1568 3259 1679 3313 ele-

108 3338 273 3403 gantia
304 3341 375 3393 ab
406 3357 608 3409 sponso
636 3361 648 3394 :
702 3359 767 3397 ne
799 3345 933 3399 forte
976 3347 1019 3398 si
1073 3346 1254 3399 inculti
1286 3348 1424 3401 inter
1454 3347 1678 3401 Gottltos

110 3444 442 3497 apparerent,
491 3434 838 3488 irriderentur
869 3436 934 3488 ab
966 3435 1117 3503 ipsis.
1150 3436 1280 3489 Dum
1328 3452 1453 3503 ergo
1484 3436 1564 3491 liis
1598 3453 1680 3491 re-

110 3525 441 3579 tardarentnr
469 3541 533 3580 ex
564 3528 762 3592 causis,
794 3543 938 3581 mors
964 3528 1248 3596 Chilperici
1274 3530 1413 3595 regis
1441 3530 1493 3583 in
1518 3546 1677 3585 aures

106 3612 259 3686 338
287 3616 553 3670 Desiderii
581 3618 733 3672 ducis
776 3618 1028 3673 illabitur.
1066 3620 1179 3688 Ipse
1209 3637 1418 3689 quoque
1442 3623 1679 3676 collectis

105 3720 279 3759 secum
312 3709 445 3761 viris
478 3710 801 3776 fortissimis,
836 3710 1082 3763 Tolosam
1132 3713 1317 3766 urbem
1361 3713 1674 3782 ingreditur,

106 3809 446 3866 repertosque
479 3801 759 3854 thesauros
808 3803 1027 3857 abstulit
1075 3803 1142 3857 de
1191 3813 1455 3872 potestate
1483 3807 1679 3874 regina:

106 3890 460 3962 (ltigunthis),
493 3903 546 3947 et
579 3895 631 3947 in
660 3894 877 3949 domum
908 3898 1191 3964 quamdam
1239 3899 1338 3953 sub
1384 3899 1677 3969 sigillorum

107 3986 391 4041 munitione
420 4002 483 4040 ac
509 3988 743 4041 virorum
776 3989 985 4043 fortium
1005 3991 1244 4045 custodia
1267 3993 1553 4060 mancipat,
1579 3993 1677 4047 de-

174 4119 483 4196 fIZolb.alia
502 4138 679 4196 inanti,
694 4125 1000 4190 cunctisque.
1023 4125 1390 4196 Regm.,alque
1408 4144 1461 4179 ιη
1483 4130 1677 4181 multis.

176 4186 199 4223 ’³
222 4188 309 4264 Sic
339 4193 524 4260 Corb.,
554 4186 844 4259 BellOvac.,
873 4186 995 4250 liec.
1020 4208 1074 4249 et
1100 4186 1253 4250 Colb.
1283 4186 1345 4263 a';
1376 4200 1577 4264 caateri,
1618 4199 1679 4252 ab

113 4263 347 4317 omnibus.

174 4342 194 4369 ι
225 4332 506 4387 Silentium
551 4335 881 4407 indicebatur
910 4353 936 4388 a
981 4336 1206 4391 diacono
1252 4347 1373 4390 ante
1404 4338 1678 4407 Evangelii

112 4398 381 4456 lectionem
424 4420 488 4458 ex
539 4405 712 4458 librat
759 4408 901 4459 Beati
951 4409 1182 4463 abbatis.
1239 4410 1291 4460 In
1336 4398 1675 4464 Illnzarabnm

113 4469 278 4545 Missa,
308 4491 427 4543 quae
452 4488 647 4530 nostra:
670 4478 961 4530 conformis
991 4488 1125 4539 erat,
1158 4478 1433 4533 silentium
1465 4495 1676 4548 quoque

114 4544 467 4615 imperabatur
495 4557 617 4600 ante
648 4548 957 4615 Epistolam.
991 4548 1124 4602 Vide
1156 4549 1421 4602 Mabitlon.
1463 4544 1669 4615 Litnrg.

122 4609 300 4688 Gallic.
318 4615 411 4668 lib.
440 4632 477 4677 ι,
508 4632 627 4684 cap.
746 4618 1025 4672 Silentium
1056 4630 1229 4672 autem
1274 4622 1411 4688 quod
1440 4621 1525 4673 hic
1562 4609 1676 4675 dia-

116 4694 264 4738 conus
291 4687 551 4741 indixisse
580 4688 796 4760 dicitur,
828 4691 989 4743 fiebat
1032 4700 1152 4757 post
1182 4687 1453 4760 Evangelii
1484 4691 1673 4745 lectio-

117 4764 243 4829 nem,
274 4760 489 4826 quando
508 4758 790 4812 celebrans
816 4761 1013 4828 populo
1031 4763 1213 4829 paucis
1238 4758 1414 4815 verbis
1436 4777 1498 4815 ex
1511 4779 1674 4827 pone-

120 4820 194 4899 bat
216 4820 319 4899 quo
360 4829 429 4882 de
459 4833 736 4899 mysterio,
779 4820 984 4885 ant'de
1005 4820 1156 4899 c'ujns
1202 4832 1371 4884 sancti
1417 4820 1669 4885 memoria

119 4893 415 4971 Celebranda
445 4893 588 4954 esset
635 4901 978 4967 solemnitas;
1012 4893 1169 4971 quam
1213 4901 1667 4969 prmfatiunculam

120 4968 269 5037 oratio
296 4984 387 5023 seu
420 4970 645 5023 collecta
676 4968 1107 5041 sequebatur,'ut
1128 4968 1359 5026 diximus
1382 4973 1435 5026 in
1468 4976 1665 5042 praela-

122 5034 246 5109 ltone
263 5049 316 5093 et
346 5042 400 5094 in
427 5042 736 5109 Appendice
756 5034 904 5096 infra
932 5034 1034 5096 col.
1069 5042 1222 5099 1559.
1315 5044 1322 5057 ’

179 5106 343 5184 JI’ost
390 5106 712 5184 tres'annos
756 5113 1128 5169 Childebertns
1176 5114 1437 5184 attigisset
1471 5128 1668 5167 annum

121 5180 269 5256 aetatis
298 5184 385 5247 18,
418 5183 750 5251 proindeque
778 5186 1015 5256 seipsuni
1055 5198 1109 5241 et
1153 5180 1429 5239 parvulum
1458 5184 1671 5238 Cltlota-

119 5250 377 5335 rium‘tnnc
409 5258 543 5307 tueri
577 5250 885 5335 potuisset;
1377 5323 1411 5335 η
1548 5325 1576 5335 γ,

182 5325 312 5401 {Sic
339 5325 627 5404 dictusest
644 5327 801 5404 vicus
832 5326 923 5404 ille
950 5342 979 5380 a
1004 5335 1164 5395 ponte
1192 5340 1351 5404 supra
1372 5323 1669 5404 Curretiam

123 5387 311 5448 IItt'iutu
344 5395 611 5461 imposito.
642 5396 796 5449 Briva
842 5399 983 5451 enim
1005 5387 1240 5465 Ianttqua
1262 5387 1450 5465 lingua
1475 5395 1675 5448 Gallica

124 5474 309 5547 pontem
331 5469 624 5547 significat.
649 5468 1078 5547 Nuneoppidntn
1122 5478 1204 5521 est
1229 5468 1359 5547 Satis
1381 5467 1593 5547 elegans
1609 5466 1674 5547 _in

129 5534 491 5606 Lemovicibus,
540 5540 697 5592 Briva
748 5534 941 5592 llilaris
988 5541 1208 5601 dictum,
1239 5540 1394 5606 vulgo
1424 5536 1678 5589 Brive-ln—

128 5602 377 5689 guillarde,
406 5602 568 5679 prope
594 5610 875 5689 Correum,
901 5608 961 5689 la_
976 5609 1189 5662 Corréze
1204 5650 1218 5671 ,
1236 5681 1245 5689 '
1260 5619 1312 5661 et
1334 5602 1585 5689 'Viserai,
1606 5606 1678 5689 Δία

134 5671 307 5749 item,
349 5671 709 5741 conﬂuentes.
758 5683 811 5733 in
862 5680 1116 5735 Itodtcrno
1165 5681 1472 5741 episcopatu
1520 5680 1681 5732 'I'ute-

1794 1800 2085 1869 gnoualdus
2112 1817 2237 1858 vero
2262 1804 2328 1859 de
2353 1805 2616 1873 Hispaniis
2646 1813 2876 1880 rediens,
2910 1823 3058 1876 uxori
3080 1822 3359 1883 facultati-

1793 1904 1897 1958 que
1946 1893 2258 1948 restituitur.
2318 1895 2614 1967 Legationis
2661 1906 2800 1958 enim
2847 1923 3004 1965 causa
3049 1913 3355 1985 Hispaniam

1793 1985 2015 2051 petierat
2062 2004 2090 2041 a
2136 2004 2260 2059 rege
2310 1989 2708 2051 Guntchramno
2757 2000 3011 2059 directus.
3056 2010 3242 2080 Magno
3290 2031 3353 2070 ea

1794 2084 2107 2145 tempestate
2138 2080 2384 2138 incendio
2418 2083 2633 2141 basilica
2676 2090 2927 2147 antedicti
2972 2096 3183 2155 Martini
3213 2104 3353 2163 beati

1789 2170 1929 2238 apud
1959 2172 2167 2227 Brivam
2198 2174 2368 2228 vicum
2396 2178 2462 2230 ab
2492 2178 2788 2237 imminenti
2821 2185 2974 2241 hoste
2996 2201 3229 2247 cremata
3247 2206 3352 2263 est,

1787 2260 1861 2314 ita
1886 2272 1941 2315 ut
1970 2273 2075 2316 tam
2106 2266 2352 2320 altarium
2377 2283 2532 2337 quam
2561 2270 2841 2339 columnae,
2871 2292 2989 2345 qnze
3035 2282 3101 2337 de
3126 2260 3352 2343 diversis

1788 2370 2110 2411 marmorum
2141 2358 2422 2429 generibus
2445 2372 2634 2429 aptata:
2662 2377 2833 2433 erant,
2861 2369 2928 2423 ab
2955 2369 3072 2439 igne
3094 2373 3351 2433 dissolve-

1786 2455 1989 2501 rentur.
2032 2446 2135 2502 Sed
2183 2450 2255 2504 ita
2287 2450 2401 2506 haec
2444 2453 2589 2508 aedes
2633 2455 2686 2509 in
2717 2467 2986 2526 posterum
3017 2479 3047 2517 a
3098 2465 3350 2526 Ferreolo

1786 2541 2035 2611 episcopo
2056 2550 2082 2589 Β
2126 2557 2366 2612 reparata
2393 2557 2493 2612 est,
2528 2559 2773 2618 tanquam
2809 2554 2856 2606 si
2889 2555 3018 2609 nihil
3050 2560 3175 2614 mali
3227 2578 3348 2629 per-

1787 2633 1981 2686 tulerit.
2019 2634 2371 2691 Vehementer
2397 2642 2537 2692 enim
2568 2642 2898 2698 admirantur
2927 2662 3349 2721 veneranturque

1785 2724 1926 2781 hunc
1956 2737 2193 2781 sanctum
2227 2731 2433 2796 incolae,
2483 2746 2548 2786 eo
2577 2733 2718 2803 quod
2769 2735 3081 2808 plerumque
3126 2744 3350 2801 virtutes

1783 2819 1896 2888 ejus
1923 2823 2283 2885 experiantur.

1856 2911 1947 2966 X1.
1984 2913 2113 2966 Erat
2143 2914 2283 2966 enim
2315 2928 2433 2967 cum
2466 2914 2581 2970 haec
2620 2916 2931 2986 agebantur,
2962 2921 3123 2994 339
3152 2926 3351 2981 mensis

1782 3003 2041 3061 decimus.
2075 3005 2223 3060 Tunc
2252 3017 2611 3076 apparuerunt
2639 3010 2690 3063 in
2735 3010 3038 3069 caudicibus
3077 3016 3348 3074 vinearum

1785 3099 2026 3167 palmites
2056 3100 2178 3152 novi
2208 3114 2327 3152 cum
2361 3099 2474 3153 uvis
2507 3099 2834 3169 deformatis,
2868 3106 2919 3158 in
2946 3106 3222 3164 arboribus
3245 3110 3349 3165 flo-

1783 3207 1903 3257 res;
1954 3192 2151 3259 ptiarus
2206 3206 2394 3262 magna
2444 3207 2538 3260 per
2595 3195 2791 3248 coelum
2843 3195 3169 3265 discurrens,
3227 3217 3347 3270 qua:

1781 3285 2085 3353 priusquam
2118 3284 2204 3337 lux
2246 3282 2300 3336 in
2330 3283 2417 3337 die
2447 3285 2625 3349 fieret,
2655 3285 2759 3340 late
2787 3286 3041 3341 mundum
3081 3289 3349 3345 illumina-

1784 3380 1878 3431 vit.
1907 3376 2281 3445 Apparuerunt
2308 3376 2465 3430 etiam
2497 3377 2547 3430 in
2570 3376 2707 3431 coelo
2728 3389 2781 3431 et
2809 3379 2966 3435 radii.
2997 3379 3043 3433 A
3058 3392 3205 3450 parte
3227 3398 3349 3453 sep-

1782 3473 2086 3526 tentrionali
2133 3472 2375 3525 columna
2419 3470 2590 3540 ignea,
2620 3473 2769 3541 quasi
2814 3472 2880 3527 de
2910 3474 3047 3527 coelo
3087 3476 3346 3544 pendens,

1784 3581 1876 3634 per
1902 3565 2122 3618 duarum
2153 3563 2400 3617 horarum
2426 3563 2650 3630 spatium
2675 3564 2783 3616 visa
2812 3572 2915 3630 est,
2943 3565 3028 3618 cui
3055 3567 3205 3621 stella
3229 3584 3345 3620 ma-

1782 3676 1877 3731 gna
1909 3659 2242 3726 superposita
2267 3667 2401 3713 erat.
2432 3657 2487 3710 In
2530 3656 2814 3725 Andegavo
2843 3667 3019 3712 autem
3050 3668 3190 3712 terra
3239 3670 3347 3713 tre-

1784 3756 1936 3820 muit,
1967 3764 2021 3808 et
2049 3752 2212 3807 multa
2242 3751 2342 3804 alia
2369 3750 2518 3815 signa
2555 3756 2933 3815 apparuerunt,
2965 3760 3105 3816 quae,
3148 3764 3205 3801 ut
3228 3750 3345 3817 0pi~

1784 3866 1903 3916 nor,
1936 3848 2104 3917 ipsius
2133 3842 2462 3899 Gundovaldi
2490 3841 2761 3894 interitum
2793 3841 3191 3895 nuntiaverunt.

1854 3941 1967 3997 XII.
2019 3940 2182 4008 Igitur
2230 3934 2660 3990 Guntchramnus
2706 3948 2802 3987 rex
2843 3933 3065 3987 comites
3113 3948 3239 3987 suos
3276 3935 3345 3988 ad

1782 4030 2312 4106 comprehendendas
2341 4029 2605 4091 civitates,
2635 4042 2763 4096 quas
2794 4025 3058 4096 quondam
3096 4026 3346 4096 ‘Sigibctu

1784 4176 1939 4230 pensi.
1973 4170 2248 4232 Martinus,
2279 4182 2434 4234 quem
2468 4165 2556 4218 hic
2598 4162 2885 4232 Gregorius
2918 4163 3116 4228 laudat,
3158 4164 3349 4221 colitur

1785 4247 1921 4314 apud
1954 4243 2259 4320 Lemovices
2286 4239 2372 4290 die
2398 4252 2483 4290 xtv
2505 4234 2730 4320 Kalend.
2759 4234 3089 4320 getobrisap
3223 4241 3234 4251 '
3333 4309 3345 4320 .

1864 4318 1882 4357 ι
1909 4311 2323 4370 υιεῇιυιιῇιιιίιπο
2347 4309 2599 4388 ιιςμωεόυ
2618 4306 2905 4388 cap..12,in
2941 4305 3155 4358 basilica
3178 4309 3347 4388 sancti

1786 4387 2056 4445 Saturnini
2076 4384 2353 4437 resedisse.
2382 4381 2536 4434 Forte
2562 4378 2921 4444 posit-liquam
2954 4392 3152 4428 "turam
3183 4378 3234 4431 in
3254 4380 3349 4431 ba-

1704 4452 1757 4512 D
1781 4464 1924 4515 sitica
1950 4458 2115 4512 sancti
2138 4451 2476 4509 Saturniniad
2493 4449 2553 4505 S.
2572 4450 2784 4502 Mariam
2804 4446 3103 4501 transierat.
3126 4449 3347 4503 Basilica

1782 4543 1979 4587 sancta:
2010 4528 2188 4583 Mariae
2222 4525 2307 4577 hic
2330 4522 2560 4581 laudata,
2597 4519 2859 4582 hodieque
2887 4518 3115 4571 celebris
3141 4531 3221 4572 est
3246 4527 3346 4572 soli

1778 4581 2130 4658 titulo—beata:
2156 4595 2331 4650 Mariae
2366 4594 2656 4653 Deanratzv,
2691 4581 2846 4657 vulgo
2878 4587 3153 4642 N.-Dame
3193 4592 3254 4641 de
3297 4596 3349 4643 la

1779 4674 2021 4734 Doradc,
2071 4668 2255 4723 Ordini
2306 4664 2675 4742 Benedictino,
2731 4670 2786 4713 et
2839 4662 3241 4742 congregationi
3289 4662 3347 4715 S.

1776 4744 1941 4800 Mauri
1986 4741 2245 4808 subjecta,
2276 4741 2359 4789 llbl
2392 4734 2629 4802 reliquiae
2651 4744 2935 4808 supersunt
2975 4734 3349 4808 vetustissima

1776 4816 2021 4883 imaginis
2047 4802 2105 4863 Il'.
2139 4802 2313 4861 Mai-ia:
2341 4822 2403 4857 ex
2433 4820 2595 4884 opere
2626 4803 2851 4884 lllllSIVti,
2876 4802 3130 4884 qumrloco
3150 4820 3344 4855 nomen

2297 4859 2617 4954 festtiInant
2661 4859 3196 4954 Qeantzttcntitulum
3241 4890 3349 4954 iniit

1779 4962 1847 5012 ita
1881 4956 2082 5025 pridem
2116 4951 2347 5025 basilicm
2377 4947 2434 5001 S.
2466 4945 2645 5000 Marire
2677 4945 2838 5025 fuisse
2870 4943 3135 5025 inditum,"
3161 4944 3252 5025 sed
3278 4944 3348 4994 ab

1776 5047 1841 5084 eo
1882 5012 2228 5081 solummodo
2277 5030 2517 5095 tempore
2552 5032 2657 5095 quo
2699 5014 3046 5095 altera-apud
3087 5012 3345 5095 “Tolosam

1776 5082 2005 5153 écclesia
2038 5099 2087 5147 in
2121 5082 2571 5160 lionorenilieatm
2604 5086 3057 5160 hilaritezetiilicata
3086 5082 3347 5160 “litatum!

1781 5170 2054 5230 Dealbata,
2100 5159 2475 5231 Nostra-Dante
2499 5159 2561 5211 de
2600 5159 2650 5208 la
2684 5154 3347 5231 DalbgdeLcognominata

1777 5224 1878 5297 est.
1914 5241 1990 5294 Ad
2025 5224 2172 5303 cujus
2206 5230 2598 5303 distinctionem
2630 5234 2781 5303 vetus
2828 5224 3087 5303 B.'Mat'i:e
3130 5224 3349 5301 basilica

1780 5315 2062 5367 Deauratze
2086 5298 2273 5359 nomen
2301 5300 2438 5373 ferre
2460 5298 2702 5364 coeperit,
2727 5298 3007 5371 occasione
3030 5298 3207 5373 operis
3233 5309 3348 5347 utn-

1780 5385 1878 5437 sivi
1909 5386 2022 5435 sive
2053 5375 2297 5430 teSseIInlI
2343 5371 2583 5447 diversas
2627 5374 2946 5448 s=fttfl0rltm_
2975 5371 3349 5448 Illtagille~‘_re-

1783 5436 2277 5524 przesentantis,qno
2294 5438 2506 5524 obducti
2527 5447 2649 5491 sunt
2664 5438 2823 5517 liuius
2839 5436 3076 5524 ecclesiae
3097 5445 3347 5524 parietes.

1854 5538 1879 5577 ι
1910 5525 1955 5577 Is
1991 5507 2269 5589 episcopus
2317 5516 2414 5568 I‘nit
2458 5507 2999 5589 μςιιιρνίοεῃβὶέ,ηός
3039 5521 3143 5575 quo
3192 5520 3351 5572 supra

1781 5602 1876 5656 lib.
1905 5614 1957 5660 ν,
2004 5578 2122 5660 (δίη).
2167 5578 2260 5643 9.9.
2312 5583 2550 5660 Interfuit
2591 5578 3087 5660 Coticilit‘tnblatisc.
3120 5591 3181 5645 tl,
3210 5592 3357 5649 anno

1782 5638 2265 5730 tisthenes
2292 5638 2539 5727 Sepelit“
2565 5669 2629 5710 εί
2659 5651 2774 5721 "jus
2802 5646 2943 5704 γη
