3942 6190
597 270 693 322 423

1573 271 1630 327 S.
1671 269 1996 326 GREGORII
2037 267 2339 325 EPISCOPI
2381 268 2803 324 TURONENSIS

3714 265 3810 318 4'21

594 399 676 446 tus
705 392 773 445 de
802 401 965 458 regno
984 387 1278 444 Chariberti
1304 385 1479 440 fratris
1501 386 1581 438 sui
1605 393 1901 452 acceperat,
1925 384 2150 447 direxit;
2180 388 2234 446 Α
2258 384 2359 436 nisi
2389 391 2587 435 tantum
2611 382 2755 451 jussa
2779 380 3035 450 principis
3066 377 3378 447 adimplere.
3412 377 3541 431 Nam
3573 377 3618 432 si
3653 392 3814 432 nome-

593 496 646 536 ut
679 483 953 551 exigentes
1000 488 1353 542 sacramenta,
1382 477 1494 530 suis
1527 489 1618 529 eas
1646 474 1940 529 ditionibus
1968 474 2153 542 subju-

592 583 796 643 garent.
819 569 1072 626 Turonici
1095 584 1220 622 vero
1243 577 1398 636 atque
1426 565 1628 620 Pictavi
1651 563 1713 620 ad
1728 563 2154 632 Childebertum,

595 664 844 734 Sigiberti
895 663 1086 727 filium,
1140 663 1364 715 transire
1411 657 1720 712 voluerunt:
1770 658 1863 713 sed
1907 656 2158 712 commoti

596 757 812 812 Biturici
859 763 1044 810 contra
1091 768 1184 808 eos
1232 753 1417 807 venire
1459 753 1777 820 disponunt,
1831 761 1990 820 atque
2024 749 2160 804 infra

594 853 877 905 terminum
925 847 1247 902 Turonicum
1311 846 1552 900 incendia
1611 843 1784 898 facere
1855 852 2155 913 coeperunt.

596 940 748 994 Tunc
775 938 1180 1008 Marojalensem
1209 944 1234 973 ⁸
1267 936 1544 991 ecclesiam
1573 933 1781 987 termini
1811 929 2080 998 Turonici,
2107 933 2159 987 in

595 1045 697 1100 qua
748 1030 918 1084 sancti
969 1027 1180 1082 Martini
1224 1026 1463 1094 reliquia:
1513 1024 1861 1088 habebantur,
1913 1023 2161 1077 incendio

594 1124 1044 1174 concremarunt;
1072 1115 1166 1168 sed
1195 1114 1358 1167 virtus
1388 1113 1524 1167 beati
1553 1112 1753 1175 adfuit,
1782 1121 1838 1164 ut
1863 1113 1913 1165 in
1948 1121 2049 1164 tam
2073 1126 2163 1165 va-

596 1209 707 1263 lido
737 1205 983 1262 incendio
1027 1205 1260 1275 pallulae,
1292 1217 1408 1272 quae
1455 1217 1613 1272 super
1659 1201 1905 1255 altarium
1959 1201 2164 1255 fuerant

597 1297 804 1366 positae,
839 1311 943 1350 non
995 1302 1430 1349 consumerentur
1457 1294 1523 1346 ab
1566 1293 1704 1361 igne.
1750 1292 1816 1345 Et
1844 1306 1948 1345 non
1993 1290 2161 1345 solum

598 1389 747 1458 ipsae,
800 1387 893 1441 sed
923 1386 1083 1440 etiam
1125 1383 1362 1437 herbula!
1389 1384 1514 1437 olim
1566 1383 1821 1446 collectae,
1873 1381 2165 1448 altarioque

597 1479 810 1543 locata,
843 1489 1173 1545 nequaquam
1199 1485 1397 1528 exusue
1433 1485 1557 1528 sunt
1579 1472 1627 1526 ι’.
1660 1471 1789 1540 Quae
1821 1471 2058 1526 incendia
2083 1472 2164 1525 vi-

597 1567 786 1622 dentes
807 1565 1082 1634 Turonici,
1107 1566 1420 1634 legationem
1453 1567 1687 1626 mittunt,
1712 1565 1952 1619 dicentes
1977 1565 2165 1618 melius

597 1661 698 1716 sibi
727 1675 847 1716 esse
873 1659 940 1715 ad
972 1671 1178 1727 tempus
1210 1657 1608 1712 Guntchramno
1639 1657 1747 1726 regi
1799 1656 1977 1721 subdi,
2005 1670 2164 1725 quam

601 1761 793 1808 cuncta
823 1751 1071 1806 incendio
1097 1762 1185 1806 aut
1214 1750 1356 1805 ferro
1383 1750 1601 1805 vastari.

668 1862 802 1918 Xlll.
847 1863 1135 1918 Confestim
1184 1869 1361 1917 autem
1415 1870 1533 1930 post
1585 1870 1810 1915 mortem
1858 1859 2160 1929 Chilperici,

601 1953 885 2012 Gararicus
914 1954 1020 2007 dux
1050 1954 1361 2008 Lemovices
1400 1961 1720 2017 accesserat,
1752 1961 1806 2006 et
1835 1961 2163 2006 sacramenta

599 2062 666 2101 ex
712 2044 927 2101 nomine
961 2044 1286 2100 Childeberti
1333 2055 1670 2114 susceperat;
1703 2045 1896 2099 exinde
1946 2044 2165 2098 Pictavis

600 2137 842 2201 veniens,
870 2137 935 2190 ab
959 2137 1089 2205 ipsis
1128 2145 1372 2205 receptus
1400 2146 1500 2201 est,
1529 2145 1583 2190 et
1609 2136 1678 2189 ibi
1710 2136 2035 2189 morabatur.
2060 2136 2169 2189 Au-

598 2228 751 2282 diens
776 2239 949 2281 autem
977 2244 1094 2296 qua:
1134 2227 1382 2281 Turonici
1415 2227 1773 2294 patiebantur,
1826 2227 1983 2280 mittit
2027 2229 2169 2294 lega-

602 2315 822 2379 tionem,
863 2315 1132 2369 obtestans
1173 2329 1239 2368 ne
1285 2331 1395 2367 nos-
1427 2314 1492 2367 ad
1541 2327 1739 2383 partem
1783 2315 2166 2370 Guntchratuni

601 2408 748 2476 regis
779 2408 989 2461 tradere
1043 2407 1393 2468 deberemus,
1442 2406 1489 2459 si
1545 2407 1697 2460 nobis
1749 2408 2000 2461 vellemus
2050 2423 2170 2463 esse

600 2497 898 2552 consultum
948 2513 960 2548 :
993 2497 1086 2550 sed
1117 2497 1513 2550 meminerimus
1563 2496 1734 2562 potius
1765 2496 2033 2566 Sigiberti,
2081 2499 2170 2566 qui

600 2588 868 2657 quondam
915 2591 1124 2657 genitor
1170 2588 1491 2642 Childeberti
1540 2587 1700 2658 3&0
1751 2588 1867 2642 fuit.
1907 2587 2015 2642 Nos
2046 2604 2171 2642 vero

600 2677 717 2733 haec
745 2693 950 2733 rursum
974 2677 1228 2748 episcopo
1259 2689 1312 2734 et
1339 2680 1539 2733 civibus
1567 2681 1810 2734 mandata
1835 2682 2170 2747 remisimus,

600 2769 742 2841 quod
787 2771 888 2826 nisi
931 2785 988 2825 se
1017 2771 1084 2824 ad
1136 2781 1349 2840 tempus
1389 2769 1790 2827 Guntehramno
1818 2772 1930 2843 regi
1979 2774 2172 2829 subde-

600 2870 740 2929 rent,
774 2862 965 2916 similia
1000 2863 1334 2930 paterentur},
1364 2876 1665 2919 asserentes
1714 2863 1851 2919 hunc
1881 2879 2003 2921 esse
2033 2879 2173 2920 nunc

601 2966 808 3024 patrem
843 2970 1005 3023 super
1035 2956 1166 3008 duos
1200 2954 1354 3019 filios,
1409 2955 1662 3024 Sigiberti
1707 2955 1911 3010 scilicet
1948 2966 2002 3012 et
2030 2956 2174 3011 Chil-

602 3045 790 3114 perici,
821 3046 910 3114 qui
941 3047 988 3100 ei
1022 3045 1229 3100 fuerant
1273 3045 1507 3114 adoptati
1551 3064 1563 3098 :
1596 3056 1649 3101 et
1677 3047 1755 3100 sic
1801 3055 1981 3102 tenere
2024 3050 2170 3117 regni

2257 475 2395 538 ritis,
2445 483 2634 528 cuncta
2679 481 2737 527 ut
2783 472 3044 539 cmpimus
3085 470 3449 525 devastamns.
3489 467 3724 538 Cumque
3767 471 3816 524 in

2257 565 2358 618 hoc
2385 579 2472 619 res
2491 571 2756 633 ageretur,
2781 572 2837 616 ut
2863 561 3109 616 universa
3133 561 3403 627 incendio,
3428 561 3647 629 praedm,
3671 570 3819 629 atque

2258 654 2550 723 captivitati
2595 653 2946 717 traderentur,
2987 652 3170 720 ejectis
3199 653 3266 706 de
3285 651 3500 706 civitate
3531 652 3824 706 hominibus

2259 742 2610 810 Childeberti,
2634 749 2970 798 sacramenta
2991 742 3397 798 Guntchramno
3421 743 3533 814 regi
3549 743 3822 809 dederunt,

2259 852 2366 894 non
2395 837 2555 908 longo
2581 846 2819 905 tempore
2845 849 2908 890 ea
2937 834 3324 889 custodientes.

2329 950 2467 1005 XIV.
2501 948 2664 1018 Igitur
2689 946 3002 1002 adveniente
3033 945 3246 1014 placito,
3265 945 3460 1000 directi
3490 955 3615 999 sunt
3637 960 3668 1000 a
3686 945 3832 1001 Chil-

2261 1040 2481 1095 deberto
2503 1053 2630 1108 rege
2645 1026 2860 1106 Egidius
2879 1037 3180 1105 episcopus,
3212 1035 3648 1093 Guntchramnus
3672 1039 3830 1106 Boso,

2261 1132 2583 1201 Sigivaldus,
2615 1139 2670 1185 et
2698 1131 2788 1185 alii
2833 1131 2984 1185 multi
3011 1130 3077 1184 ad
3126 1130 3591 1185 Guntchramnum
3640 1145 3834 1198 regem,

2261 1221 2622 1290 ingressisque
2649 1221 2712 1274 ad
2747 1236 2890 1285 eum,
2924 1220 3000 1273 ait
3037 1221 3318 1288 episcopus
3352 1236 3366 1271 :
3397 1219 3613 1274 Gratias
3640 1220 3834 1288 agimus

2266 1312 2375 1365 Deo
2406 1311 2781 1378 omnipotenti,
2813 1324 2845 1364 o
2871 1309 3105 1378 piissime
3146 1324 3259 1371 rex,
3294 1308 3435 1377 quod
3467 1317 3519 1362 te
3559 1321 3678 1378 post
3706 1310 3834 1363 mulo

2266 1413 2348 1459 tos
2378 1404 2587 1458 labores
2631 1402 2940 1472 regionibus
2981 1401 3085 1455 tuis
3129 1416 3397 1469 regnoque
3441 1400 3700 1455 restituit.
3743 1400 3836 1454 Cui

2266 1509 2359 1549 rex
2392 1495 2462 1547 ait
2494 1512 2506 1546 :
2542 1494 2617 1547 Illi
2640 1495 2781 1549 enim
2814 1493 2985 1562 digna:
3022 1503 3144 1547 sunt
3176 1493 3361 1562 gratia:
3397 1490 3719 1556 referendae,
3747 1493 3841 1562 qui

2267 1597 2347 1641 est
2375 1585 2486 1640 Rex
2517 1600 2719 1654 regum,
2743 1593 2797 1638 et
2821 1584 3078 1638 Dominus
3105 1584 3468 1648 dominorum,
3493 1583 3587 1652 qui
3617 1584 3727 1637 haec
3745 1598 3842 1636 sua

2271 1677 2608 1731 miseratione
2635 1678 2846 1745 operari
2870 1675 3117 1743 dignatus
3135 1685 3237 1728 est.
3263 1674 3391 1727 Nam
3414 1688 3518 1727 non
3552 1674 3668 1735 tibi.
3695 1674 3845 1741 cujus

2192 1751 2242 1811 Β
2267 1771 2492 1825 consilio
2513 1768 2672 1840 34],
2695 1768 2879 1823 doloso
2904 1781 2967 1822 ac
2997 1766 3240 1837 perjuriis
3271 1767 3515 1836 regiones
3541 1781 3674 1820 mea:
3704 1780 3846 1819 anno

2265 1863 2541 1929 superiore
2566 1863 2941 1932 incenscesunt
2959 1901 2973 1925 ,
3004 1861 3093 1927 qui
3119 1871 3386 1922 nunquam
3404 1855 3565 1910 fidem
3588 1855 3849 1924 integram

2265 1970 2386 2008 cum
2415 1955 2524 2007 ullo
2579 1952 2794 2006 homine
2850 1949 3101 2013 habuisti,
3153 1950 3303 2017 cujus
3350 1948 3613 2002 dolositas
3644 1949 3847 2017 ubique

2265 2044 2610 2113 dispergitur,
2643 2042 2733 2111 qui
2757 2057 2861 2096 non
2890 2042 3255 2106 sacerdotem,
3287 2039 3381 2094 sed
3404 2041 3678 2093 inimicum
3702 2042 3851 2107 regni

2265 2134 2436 2189 nostri
2461 2145 2510 2188 te
2536 2147 2654 2188 esse
2682 2133 2944 2188 declaras.
2976 2132 3058 2187 Ad
3090 2131 3202 2185 haac
3233 2132 3392 2185 verba
3423 2132 3707 2199 episcopus
3735 2132 3850 2182 ira-

2267 2223 2461 2280 cundia
2490 2233 2784 2278 commotus
2813 2223 2977 2276 siluit.
3002 2221 3144 2277 Unus
3177 2231 3353 2276 autem
3378 2237 3442 2276 ex
3469 2222 3655 2289 legatis
3676 2223 3806 2276 dixit
3836 2240 3849 2274 :

2269 2314 2542 2384 Supplicat
2572 2329 2735 2384 nepos
2765 2323 2885 2368 tuus
2910 2310 3306 2375 Childebertus,
3339 2319 3399 2365 ut
3441 2312 3685 2366 civitates
3719 2327 3856 2380 quas

2272 2419 2423 2476 pater
2453 2408 2566 2475 ejus
2596 2404 2783 2470 tenuit,
2816 2401 2963 2456 reddi
2991 2402 3200 2471 jubeas.
3234 2401 3313 2456 Ad
3351 2401 3465 2455 haec
3499 2400 3586 2454 ille
3629 2415 3853 2468 respon-

2272 2500 2350 2553 dit
2389 2497 2549 2551 :Jam
2593 2497 2706 2550 dixi
2749 2494 2899 2550 vobis
2940 2495 3108 2562 prius,
3157 2493 3283 2562 quia
3334 2493 3602 2563 pactiones
3648 2506 3858 2549 nostra

2273 2588 2407 2642 mihi
2439 2588 2552 2642 hiBC
2581 2586 2893 2651 conferunt;
2921 2586 3144 2655 ideoque
3167 2601 3257 2639 eas
3279 2585 3500 2640 reddere
3527 2586 3666 2640 nolo.
3692 2586 3857 2641 Alius

2273 2695 2489 2750 quoque
2520 2680 2809 2746 legatorum
2837 2680 2946 2731 ait:
2980 2678 3148 2745 Rogat
3191 2692 3357 2746 nepos
3385 2687 3522 2742 tuus,
3562 2687 3621 2730 ut
3643 2677 3853 2732 Frede-

2273 2773 2506 2840 gundcm
2551 2772 2865 2836 maleficam,
2895 2788 2986 2840 per
3015 2788 3170 2840 quam
3206 2773 3358 2826 multi
3393 2787 3546 2840 reges
3585 2770 3856 2826 interfeCti

2273 2875 2421 2931 sunt,
2469 2864 2617 2918 reddi
2657 2865 2865 2932 jubeas,
2894 2863 2960 2916 ad
2991 2863 3346 2917 ulciscendam
3394 2873 3618 2917 mortem
3649 2862 3847 2930 patris,

2277 2955 2452 3025 patrui
2483 2965 2537 3009 et
2563 2954 3003 3008 consobrinorum
3028 2968 3268 3008 suorum.
3310 2953 3397 3006 Ait
3423 2951 3516 3007 ille
3544 2971 3556 3004 :
3588 2953 3741 3006 'lradi
3772 2953 3848 3016 ei,

2277 3049 2471 3118 inquit,
2505 3047 2558 3100 in
2586 3054 2898 3115 potestatem
2931 3061 3036 3098 non
3066 3045 3282 3114 poterit,
3313 3044 3435 3114 quia
3477 3045 3642 3098 tilium
3673 3059 3853 3113 regem

602 3135 977 3206 principatum,
1010 3146 1067 3189 ut
1095 3134 1360 3205 quondam
1391 3136 1829 3190 Chlothacharius
1853 3151 1945 3192 rex
1975 3137 2174 3195 fecerat
2205 3127 2249 3189 C
2281 3141 2462 3197 habet.
2492 3138 2600 3196 Sed
2623 3147 2678 3195 et
2699 3152 2760 3194 ea
2790 3153 2908 3208 quae
2929 3147 3114 3192 contra
3140 3136 3281 3190 illam
3308 3135 3570 3201 asseritis,
3595 3149 3715 3193 vera
3733 3149 3852 3190 esse

604 3235 754 3297 pater
781 3228 918 3295 ejus.
968 3226 1061 3280 His
1106 3241 1320 3296 quoque
1350 3243 1454 3281 non
1488 3229 1970 3297 acquiescentibus,
2003 3228 2173 3284 Gara-

603 3321 746 3376 ricus
786 3319 853 3375 de
881 3319 1095 3373 civitate
1135 3318 1428 3390 egreditur,
1476 3323 1626 3390 quasi
1669 3323 1960 3376 exercitum
2010 3321 2178 3375 addu-

605 3420 807 3476 cturus,
838 3412 890 3464 in
911 3411 1042 3465 urbe
1069 3426 1197 3467 vero
1229 3411 1526 3467 Eberonein
1555 3412 1931 3468 cubicularium
1956 3412 2173 3467 Childe-

610 3505 747 3561 berti
777 3506 916 3576 regis
940 3506 1267 3572 relinquens.
1335 3505 1606 3559 Sicharius
1657 3522 1781 3560 vero
1825 3519 1943 3559 cum
1989 3505 2174 3560 Willa-

610 3598 794 3651 chario
827 3607 849 3635 ε
884 3596 1252 3651 Aurelianensi
1281 3598 1496 3662 comite,
1537 3597 1624 3665 qui
1652 3611 1790 3651 nunc
1820 3597 2044 3651 Turonis
2083 3611 2176 3651 ac-

613 3699 830 3757 ceperat
855 3685 906 3752 ἀ,
937 3689 1226 3742 exercitum
1257 3699 1442 3742 contra
1491 3687 1730 3742 Pictavos
1771 3689 2091 3754 commovit,
2122 3697 2180 3741 ut

607 3782 815 3836 scilicet
838 3781 903 3834 ab
932 3794 1034 3833 una
1068 3789 1214 3846 parte
1243 3779 1517 3846 Turonici,
1549 3779 1615 3832 ab
1641 3780 1738 3832 alia
1773 3779 1990 3832 Biturici
2032 3794 2179 3832 coin-

608 3872 736 3927 moti
772 3882 962 3926 cuncta
1001 3878 1287 3924 vastarent.
1320 3869 1420 3935 Qui
1462 3883 1582 3922 cum
1627 3869 1690 3922 ad
1731 3870 2014 3923 terminum
2059 3884 2179 3937 pro-

609 3965 974 4034 pinquassent,
1007 3978 1070 4017 ac
1097 3962 1282 4016 domos
1308 3977 1550 4016 cremare
1576 3962 1883 4030 ctepissent,
1916 3963 2179 4016 miserunt

608 4057 676 4111 ad
709 4066 802 4111 eos
843 4057 1037 4110 Pictavi
1066 4054 1287 4122 legatos,
1325 4053 1565 4108 dicentes
1609 4072 1622 4106 :
1653 4053 1885 4108 Petimus
1917 4065 1973 4106 ut
2017 4066 2180 4121 usque

609 4147 663 4202 in
692 4147 908 4216 placito,
951 4145 1093 4213 quod
1143 4145 1279 4198 inter
1317 4160 1380 4198 se
1408 4145 1839 4199 Guntchramnus
1867 4156 1922 4198 et
1962 4143 2181 4200 Childe-

609 4239 794 4295 bertils
819 4251 973 4307 reges
999 4236 1218 4300 habent,
1248 4235 1576 4290 sustineatis.
1607 4235 1757 4300 Quod
1785 4235 1830 4288 si
1855 4236 2102 4289 convenit
2125 4243 2180 4288 ut

611 4343 774 4400 pagos
805 4330 900 4381 hos
927 4329 1095 4381 bonus
1137 4337 1159 4365 ε
1190 4343 1282 4382 rex
1328 4325 1755 4381 Guntchramnus
1782 4326 2026 4394 accipiat,
2072 4342 2178 4379 non

610 4421 943 4482 resistimus;
972 4419 1052 4472 sin
1077 4417 1242 4484 aliud,
1268 4418 1541 4472 dominum
1568 4427 1806 4470 nostrum
1839 4420 2178 4485 recognosci-

2278 3251 2383 3288 non
2407 3235 2589 3290 credo.
2621 3235 2745 3288 Post
2775 3234 2871 3289 hos
2906 3233 3338 3289 Guntchramnus
3387 3230 3522 3284 Boso
3553 3230 3703 3299 quasi
3747 3230 3850 3281 ali-

2277 3325 2403 3392 quid
2433 3335 2800 3394 suggesturus,
2828 3325 2896 3378 ad
2927 3339 3107 3393 regem
3137 3322 3359 3377 accedit.
3405 3322 3472 3375 Et
3507 3323 3630 3391 quia
3659 3335 3849 3374 sonue-

2277 3425 2363 3470 rat
2393 3414 2799 3470 Gundovaldum
2842 3414 3126 3468 manifeste
3156 3427 3336 3480 regem
3368 3408 3636 3476 levatum,’
3667 3411 3854 3464 antici-

2281 3521 2411 3573 pans
2441 3522 2535 3562 rex
2575 3508 2734 3562 verba
2764 3506 2900 3576 ejus,
2933 3506 3008 3560 ait
3045 3523 3056 3558 :
3091 3506 3134 3559 Ο
3161 3505 3374 3559 inimice
3420 3503 3647 3574 regionis
3678 3504 3853 3572 regni-

2277 3615 2382 3668 que
2428 3599 2618 3664 nostri,
2651 3599 2738 3668 qui
2766 3608 3047 3668 propterea
3079 3607 3205 3652 ante
3236 3596 3334 3651 hos
3376 3609 3547 3648 annos
3586 3596 3851 3650 Oriente-In

2278 3707 2559 3762 aggressos
2589 3707 2671 3756 es,
2715 3703 2772 3745 ut
2805 3693 3154 3745 Ballomerem
3180 3699 3205 3736 8
3255 3690 3539 3758 quemdam
3572 3687 3676 3758 (sic
3717 3690 3853 3741 enim

2281 3783 2507 3838 vocabat
2539 3799 2628 3837 rex
2676 3781 3126 3849 Gundovaldumj,
3159 3796 3320 3848 super
3360 3795 3583 3850 regnum
3617 3791 3853 3834 nostrum

2278 3875 2594 3939 adduceres,
2642 3888 2856 3942 semper
2885 3872 3108 3941 perfide,
3132 3881 3187 3926 et
3242 3886 3508 3941 nunquam
3547 3871 3854 3925 custodiens

2279 3979 2397 4033 qua:
2425 3965 2709 4035 promittis.
2741 3964 2838 4018 Cui
2868 3963 3000 4018 ille:
3030 3962 3130 4028 Tu,
3162 3962 3349 4030 inquit,
3382 3961 3634 4016 dominus
3687 3971 3741 4015 et
3766 3974 3854 4014 rex

2280 4058 2441 4128 regali
2474 4059 2528 4111 in
2558 4057 2692 4111 solio
2721 4055 2942 4119 resides,
2976 4063 3030 4109 et
3076 4055 3255 4108 nullus
3286 4053 3379 4108 tibi
3424 4052 3491 4106 ad
3522 4067 3585 4106 ea
3617 4067 3738 4121 qua:
3781 4051 3854 4104 lo-

2281 4150 2462 4219 queris
2491 4163 2654 4204 ausus
2681 4159 2765 4204 est
2815 4147 3162 4216 respondere.
3195 4147 3464 4200 lnsontem
3505 4145 3650 4198 enim
3682 4160 3768 4199 me
3794 4143 3855 4197 de

2282 4241 2383 4294 hac
2421 4255 2579 4294 causa
2612 4241 2884 4308 profiteor.
2933 4236 3002 4291 At
3045 4237 3090 4290 si
3121 4235 3312 4302 aliquis
3353 4243 3436 4289 est
3474 4233 3668 4288 similis
3709 4231 3852 4293 mihi,

2283 4330 2375 4399 qui
2410 4331 2512 4383 hoc
2539 4331 2742 4383 crimen
2769 4329 3026 4398 impingat
3049 4327 3278 4393 occulte,
3307 4324 3488 4379 veniat
3513 4338 3654 4378 nunc
3689 4325 3853 4394 palam

2282 4429 2338 4473 et
2361 4419 2626 4488 loquatur.
2659 4419 2763 4488 Tu,
2795 4435 2827 4473 ο
2871 4433 2964 4472 rex
3005 4417 3268 4486 piissime,
3302 4430 3506 4485 ponens
3536 4416 3637 4470 hoc
3666 4417 3720 4471 in
3770 4413 3854 4469 Dei

611 4525 752 4574 mus,
782 4509 866 4562 cui
887 4508 1088 4562 servire
1116 4509 1322 4576 plenius
1349 4509 1656 4561 debeamus.
1686 4505 1763 4558 Ad
1796 4507 1909 4560 hazc
1953 4506 2027 4559 illi
2061 4521 2172 4560 res-
2207 4497 2257 4558 D
2279 4510 2480 4581 judicio
2503 4508 2553 4576 ιι,
2601 4519 2657 4564 ut
2682 4512 2771 4565 ille
2798 4510 3066 4564 discernat
3114 4524 3234 4562 cum
3264 4521 3360 4561 nos
3397 4507 3448 4560 in
3493 4507 3645 4560 unius
3685 4505 3852 4572 campi

612 4601 914 4670 ponderunt
942 4613 956 4653 :
987 4598 1130 4652 Nihil
1177 4597 1244 4651 ad
1278 4612 1374 4652 nos
1405 4595 1424 4635 ί
1469 4599 1536 4651 de
1583 4599 1679 4650 hac
1706 4611 1864 4652 Causa
1913 4597 2176 4665 pertinet,

683 4783 711 4814 ἰ
737 4773 1044 4839 Marojalum
1072 4773 1218 4826 vicus
1243 4781 1326 4826 est
1349 4772 1475 4839 ripae
1503 4770 1620 4824 Cari
1652 4770 1898 4840 adjacens
1926 4775 1976 4825 in
2007 4773 2176 4828 Turn.

614 4862 762 4910 num,
816 4846 1104 4912 Biturigum
1133 4852 1188 4896 et
1216 4844 1544 4896 Blesensium
1575 4843 1829 4912 confinio,
1876 4843 2032 4899 hodie
2067 4845 2182 4899 Μα-

611 4911 1023 4973 reuil-sur-Cher
1053 4914 1211 4982 vulgo
1238 4914 1431 4967 dictus.
1477 4911 1714 4967 Ecclesia
1762 4913 1920 4984 hujus
1947 4917 2047 4970 vici
2091 4921 2184 4972 ho-

610 4991 802 5051 dieque
828 4995 1012 5042 sancto
1045 4985 1266 5039 Martino
1288 4991 1547 5046 sacraest,
1588 4997 1651 5036 ac
1693 4995 1883 5052 praeter
1922 4989 2184 5053 parochias

615 5061 826 5112 titulum
846 5057 1081 5128 prioratu
1103 5057 1383 5128 decoratur
1405 5053 1616 5109 Ordinis
1635 5055 1955 5128 Benedictini
1973 5073 2003 5111 a
2019 5056 2184 5112 Villa-

610 5132 816 5200 lupensi
845 5127 1368 5200 abbatiapendente,
1394 5135 1455 5200 ut
1487 5135 1670 5200 monet
1691 5127 1982 5180 Marollius.

689 5203 715 5240 δ
756 5201 1026 5270 Ejusmodi
1060 5198 1308 5270 herbulas
1355 5199 1616 5270 altaribus
1639 5207 1728 5249 aut
1759 5210 2060 5270 sanctorum
2098 5208 2178 5253 tu-

612 5273 773 5326 mulis
791 5267 1096 5340 aliquandiu
1116 5267 1389 5337 impositas
1411 5268 1735 5338 colligebant
1762 5277 1940 5334 postea
1966 5269 2174 5337 ﬁdeles,

611 5341 681 5394 ad
713 5339 974 5398 medelam
1000 5339 1327 5394 morborum.

687 5413 869 5480 390d.
901 5413 1085 5480 ltegm.
1122 5408 1476 5472 Willichario;
1506 5408 1658 5464 Colb.
1691 5422 1743 5461 a.
1777 5408 2036 5480 Willario.

683 5476 713 5517 δ
739 5479 888 5533 Colb.
923 5476 1164 5533 afaltera
1194 5495 1373 5544 manu,
1403 5481 1620 5533 Turonis
1651 5478 1920 5532 residebat.

689 5559 714 5586 ε
750 5549 965 5621 Variani
1012 5550 1122 5603 fere
1165 5565 1349 5603 omnes
1371 5553 1601 5603 codices.
1644 5551 1804 5621 Colb.
1837 5565 1911 5615 a.,
1963 5550 2178 5621 Regm.,

615 5617 808 5674 Chesn.
841 5631 893 5670 et
926 5618 1082 5672 Freh.
1114 5621 1325 5682 habent,
1369 5630 1422 5670 ut
1452 5636 1603 5686 pagos
1631 5620 1720 5670 Iros
1751 5635 1857 5672 rex.
1901 5617 2177 5687 Col‘b.'m.,

619 5692 742 5748 Bcc.
773 5700 826 5746 ct
857 5689 1027 5757 lllyr.,
1057 5699 1110 5742 ut
1133 5689 1270 5757 pacis
1317 5691 1476 5742 bona:
1510 5705 1618 5742 rex.
1651 5689 1766 5744 Col.
1809 5700 1864 5745 et
1907 5693 2085 5762 Bigu.,
2128 5703 2183 5747 ιιι

2286 4601 2504 4672 p'anitie
2535 4601 2728 4657 viderit
2756 4601 3032 4657 dimicare.
3064 4602 3143 4654 Ad
3175 4599 3291 4652 haec
3334 4598 3543 4652 cunctis
3583 4596 3854 4652 silentibus

2285 4797 2425 4852 pacis
2451 4780 2733 4849 symbolum
2759 4793 2881 4852 rear.
2903 4776 3074 4852 Dad._,_
3089 4785 3145 4828 ut
3165 4775 3391 4852 paciﬁca
3404 4789 3508 4852 nos
3534 4787 3642 4852 refe.

2361 4849 2379 4889 ί
2409 4843 2513 4905 Alii
2538 4852 2752 4912 habent,
2788 4848 2936 4901 Nihil
2963 4848 3134 4907 vobis;
3161 4847 3312 4907 Bec.,
3345 4843 3488 4895 Nihil
3511 4844 3674 4895 nobis.

2358 4931 2384 4967 8
2415 4921 2466 4974 Id
2492 4931 2574 4975 est
2596 4921 2783 4973 falsum
2810 4917 3106 4977 dominum,
3131 4930 3223 4968 seu
3263 4915 3794 4982 pseudo-principem.

2362 4988 2387 5028 δ
2423 4993 2568 5053 Bec.,
2603 4991 2773 5056 Tunc,
2806 5005 2834 5042 ο
2862 5004 3050 5052 κων..
3092 4986 3370 5056 judicium.
3405 4983 3646 5056 Colb._a,
3694 4985 3846 5056 alteia

2289 5077 2473 5128 manu,
2504 5051 2638 5131 Ego,
2671 5077 2700 5114 ο
2726 5051 2905 5125 rex,...
2934 5051 3118 5131 ponnn't
3149 5057 3262 5117 hoc,
3296 5065 3401 5131 etc.
3431 5055 3495 5131 _Et
3516 5051 3649 5131 infra
3674 5053 3849 5127 eadem

2289 5122 2470 5198 manu,
2499 5122 2595 5201 pro
2622 5122 2843 5194 animos,
2871 5122 3167 5201 appositum
3203 5135 3286 5177 est
3315 5124 3493 5201 ﬁdeles
3520 5125 3675 5201 {ruins
3696 5122 3847 5201 regni.

2287 5203 2385 5258 Diti
2418 5193 2775 5270 perseveravit
2797 5193 3028 5270 pessima
3056 5196 3148 5270 illa
3166 5195 3498 5248 consuetudo
3531 5193 3850 5270 litesdubtas

2285 5263 2465 5327 duello
2486 5263 2938 5336 dirimendifqnm
2959 5271 3118 5321 etiam
3140 5267 3189 5318 in
3213 5263 3594 5336 controversiis
3617 5265 3755 5319 circa
3775 5273 3848 5336 res.

2286 5345 2634 5399 ecclesiarum
2657 5333 2966 5407 frequenter
2991 5341 3161 5392 locum
3189 5336 3440 5407 habebat.
3462 5333 3595 5388 Vide
3617 5333 3846 5407 Ansegisi

2287 5415 2664 5469 Collectionem
2695 5405 2786 5464 lib.
2815 5425 2886 5473 tv,
2915 5424 3035 5476 cap.
3068 5409 3156 5460 25.
3187 5405 3484 5474 Numquam
3515 5414 3694 5459 tamen
3723 5405 3848 5471 ejus-

2289 5487 2430 5538 modi
2484 5498 2682 5552 pngnas
2721 5475 3346 5552 approbavit_Ecclesia,
3377 5476 3501 5530 licet
3547 5477 3845 5529 auctoritate

2289 5545 2497 5624 publica
2525 5545 2727 5624 simius
2749 5545 2900 5604 facta:
2930 5549 3144 5624 fuerint.
3192 5545 3458 5600 Cmterum
3501 5560 3665 5601 omne
3696 5553 3844 5620 genus

2289 5619 2447 5678 duelli
2483 5619 2731 5676 Ludovici
2775 5620 2944 5688 Magni
2973 5619 3159 5671 edictis
3187 5631 3560 5686 compressum
3625 5625 3684 5673 et
3710 5619 3838 5686 pent-

2293 5704 2373 5748 tus
2405 5709 2540 5749 nunc
2566 5695 2615 5749 in
2648 5693 2830 5749 Galliis
2852 5694 3162 5758 abrogatum
3190 5697 3282 5744 cel.
3331 5691 3341 5696 ’
