3942 6190
107 282 201 334 λεδ
990 278 1305 336 HISTORIA
1348 275 1797 333 mucosum-
1841 278 2038 335 Lmen
2082 281 2440 337 SEPTIMUS.
3257 291 3362 347 tsi;

108 392 301 450 addidit
342 407 442 447 rex
488 410 501 443 :
535 392 791 448 Omnibus
817 403 993 447 autem
1024 394 1137 448 haec
1177 408 1336 449 causa
1366 394 1573 449 animos
1597 407 1685 448 ac-
1708 393 1763 451 Δ
1789 404 2031 449 senserat
2058 396 2232 452 malis.
2272 396 2390 465 ipse
2426 398 2568 451 enim
2610 412 2732 452 cum
2780 400 3069 456 Munimolo
3108 408 3362 472 praefecto

106 485 321 540 cendere
352 483 545 550 debet,
571 494 625 538 ut
644 483 932 553 repellatur
955 499 985 539 a
1016 482 1209 541 ﬁnibus
1236 487 1437 542 nostris
1460 486 1682 564 advena,
1785 487 1980 541 multos
2007 486 2073 541 de
2095 487 2337 552 Francis,
2369 488 2459 557 qui
2488 496 2727 558 tempore
2754 490 3076 549 Childeberti
3110 497 3250 566 regis
3274 514 3359 553 se-

107 578 241 645 cujus
288 584 446 645 pater
478 576 781 630 molendina
831 576 1173 647 gubernavit;
1228 586 1301 644 et,
1362 588 1419 632 ut
1442 594 1567 635 vere
1605 579 1685 633 di-
1785 578 1952 635 nioris
1979 580 2190 651 ingenui
2220 579 2467 645 fuerant,
2499 582 2710 651 publico
2759 583 2958 640 tributo
2998 587 3225 659 subegit.
3258 591 3356 659 Qui

106 684 225 733 cani,
255 677 410 735 pater
433 670 553 737 ejus
585 668 880 737 pectinibus
922 669 1141 736 insedit,
1175 670 1429 740 lanasque
1466 685 1682 739 compo-
1782 678 1903 739 post
1930 679 2159 726 mortem
2204 673 2352 741 regis
2382 672 2449 728 ab
2490 673 2620 742 ipsis
2667 675 2925 740 spoliatus
2952 693 3014 732 ac
3053 678 3357 737 denudatus

106 761 216 815 suit.
246 761 308 815 Et
349 777 661 830 quanquam
707 761 874 830 possit
907 761 1043 827 fieri,
1075 772 1132 816 ut
1166 762 1325 834 3A2
1354 778 1491 817 unus
1522 763 1682 817 homo
1782 769 1883 827 est,
1913 770 1970 814 ut
1996 762 2130 817 nihil
2163 763 2212 816 ei
2245 773 2440 832 praeter
2469 766 2610 831 quod
2640 780 2803 834 super
2832 782 2893 822 se
2921 768 3134 825 auferre
3158 773 3354 839 potuit,

116 851 373 921 utriusque
416 852 631 907 artiﬁcii
673 853 984 922 magisterio
1029 852 1367 915 subderetur,
1410 854 1475 906 ad
1506 854 1681 907 iocre.

107 945 358 1014 pationem
402 952 588 998 tamen
636 945 776 1014 regis
817 944 1030 1011 quidam
1074 959 1139 998 ex
1180 944 1308 1012 ipsis
1356 944 1673 1013 respondit:

110 1037 234 1108 Ergo
260 1037 423 1103 duos,
456 1047 519 1090 ut
542 1036 762 1095 asseris.
797 1045 975 1103 patres
1005 1035 1089 1091 hic
1121 1035 1280 1089 homo
1304 1035 1504 1098 habuit,
1531 1037 1677 1090 lana-

114 1128 234 1182 rium
259 1127 420 1181 simul
450 1125 1031 1195 molendinariumqne.
1063 1126 1213 1180 Absit
1240 1142 1268 1179 a
1300 1135 1374 1191 te,
1412 1142 1444 1179 ο
1474 1140 1592 1193 rex,
1619 1137 1676 1181 ut

108 1228 202 1273 tam
246 1220 447 1273 inculte
497 1217 749 1287 loquaris.
782 1217 895 1272 Non
930 1218 1073 1271 enim
1105 1217 1343 1272 auditum
1380 1227 1464 1273 est
1510 1234 1673 1273 unum

108 1312 378 1375 hominem,
415 1322 616 1379 praeter
660 1311 957 1380 spiritalem
1005 1324 1244 1371 causam,
1295 1310 1430 1365 duos
1475 1306 1673 1365 habere

107 1416 245 1470 posse
276 1402 473 1467 pariter
506 1402 779 1472 genitores
815 1410 865 1454 λ.
900 1400 1103 1455 Dehinc
1138 1415 1261 1454 cum
1295 1401 1449 1454 inulti
1490 1401 1670 1456 solve-

106 1504 265 1547 rentur
308 1492 359 1546 in
391 1493 531 1555 risu,
582 1491 857 1559 respondit
905 1490 1041 1544 alius
1077 1490 1404 1560 legatorum,
1442 1490 1666 1544 dicens:

108 1582 439 1637 Valedicimus
470 1582 589 1649 tibi,
620 1597 654 1636 o
684 1597 810 1647 rex;
844 1598 964 1635 nam
1013 1581 1135 1649 quia
1179 1581 1411 1636 reddere
1455 1582 1668 1638 noluisti

106 1675 323 1730 civitates
367 1674 584 1744 nepotis
615 1675 712 1741 tui,
767 1673 966 1729 scimus
997 1674 1196 1727 salvam
1245 1687 1367 1729 esse
1415 1674 1663 1739 securim,

1778 861 2099 908 remaneret.
2132 848 2329 908 Domos
2357 855 2500 910 enim
2530 858 2647 925 ejus
2685 858 2931 914 incendio
2959 861 3353 927 subdiderunt;

1777 941 2125 998 abstulissent
2146 943 2329 1014 utique
2348 954 2404 1000 et
2429 946 2596 1015 ipsam
2623 948 2808 1013 vitam,
2837 950 2890 1005 ni
2916 964 3034 1005 cum
3060 953 3236 1023 regina
3265 968 3354 1008 ec-

1776 1035 1992 1090 clesiam
2017 1037 2324 1105 expetisset.

1846 1126 1986 1181 XVI.
2019 1126 2397 1185 Prastextatum
2427 1146 2557 1187 vero
2586 1131 2891 1201 episc0pum
2923 1149 3064 1206 :egre
3102 1130 3347 1207 suscipit,

1775 1232 1931 1288 quem
1958 1218 2100 1274 cives
2128 1217 2584 1291 Rothomagenses
2621 1229 2743 1291 post
2786 1239 3063 1280 excessum
3108 1228 3249 1296 regis
3280 1230 3348 1282 de

1774 1310 1972 1366 exsilio
1997 1322 2331 1381 expetentes,
2362 1327 2479 1367 cum
2520 1313 2706 1384 grandi
2748 1315 2930 1370 laetitia
2953 1328 3007 1372 et
3034 1318 3188 1373 laude
3208 1319 3345 1373 ciri-

1775 1403 1870 1458 tati
1907 1418 2019 1459 suze
2071 1407 2440 1461 restituerunt.
2472 1408 2600 1463 Post
2650 1409 2878 1464 reditum
2920 1425 3047 1465 vero
3077 1427 3230 1465 suum
3274 1411 3340 1466 ad

1772 1493 1957 1549 urbem
1991 1496 2313 1551 Parisiacatn
2339 1498 2573 1565 advenit,
2607 1516 2670 1554 ac
2713 1516 2773 1556 se
2803 1501 3203 1557 Gnntcbranino
3231 1502 3343 1573 regi

1771 1591 2215 1655 repraesentavit,
2260 1604 2494 1645 exorans
2535 1601 2592 1644 ut
2627 1607 2843 1648 causam
2878 1609 3028 1649 suam
3059 1595 3343 1665 diligenter

1767 1678 2096 1746 exquireret.
2130 1682 2414 1736 Asserebat
2450 1684 2591 1737 enim
2622 1685 2801 1753 regina
2832 1701 2953 1740 eum
3000 1702 3104 1742 non
3144 1687 3343 1742 debere

108 1779 209 1833 quae
254 1765 472 1820 fratrum
531 1774 744 1820 tuorum
800 1764 1062 1834 capitibus
1092 1773 1175 1817 est
1222 1765 1415 1830 deﬁxa;
1440 1764 1666 1835 celerius
1698 1778 1741 1838 Β
1769 1771 1969 1839 recipi,
1992 1772 2083 1840 qui
2107 1771 2296 1828 fuisset
2326 1774 2695 1842 perjudicium
2725 1778 3074 1847 quadraginta
3104 1780 3341 1850 quinque

110 1862 233 1909 tuum
288 1856 506 1912 librabit
551 1858 724 1912 deﬁxa
766 1860 1066 1911 cerebrum.
1130 1856 1199 1910 Et
1239 1855 1317 1910 sic
1356 1872 1478 1912 cum
1516 1870 1667 1911 scan-

114 1947 216 2003 dalo
253 1950 635 2007 discesserunt.
668 1950 819 2005 Tunc
854 1965 943 2005 rex
992 1946 1078 2004 bis
1117 1949 1295 2003 verbis
1345 1961 1665 2011 succensus,

108 2038 241 2109 jussit
282 2056 440 2112 super
483 2045 663 2112 capita
708 2043 948 2098 euntium
999 2041 1186 2112 projici
1232 2056 1488 2112 equorum
1530 2049 1667 2095 ster-

113 2144 231 2197 cora,
254 2133 578 2203 putrefactas
622 2133 881 2199 bastulas,
924 2134 1123 2203 paleas,
1159 2148 1221 2188 ac
1251 2133 1450 2189 foenum
1479 2142 1664 2201 putre-

109 2221 211 2278 dine
256 2223 608 2291 dissolutum,
641 2226 924 2295 ipsumque
978 2224 1221 2279 ftetidum
1277 2223 1426 2278 urbis
1474 2222 1660 2277 lutum.

114 2312 284 2380 Quibus
304 2315 368 2371 de
396 2316 563 2370 rebus
593 2316 839 2371 maculati
861 2317 1110 2385 graviter,
1144 2330 1248 2368 non
1271 2314 1386 2368 sine
1409 2314 1665 2369 immensa

116 2404 273 2477 injuria
298 2417 454 2478 atque
481 2407 806 2463 contumelia
838 2407 1100 2461 abierunt.

174 2496 270 2554 XV.
290 2488 585 2555 Residente
609 2513 738 2555 vero
762 2498 1114 2569 Fredegunde
1144 2497 1326 2567 regina
1356 2496 1410 2552 in
1433 2498 1662 2554 ecclesia

118 2591 355 2657 parisiaca,
382 2593 698 2649 Leonardus
726 2607 791 2647 ex
819 2591 1136 2657 domestico,
1168 2591 1258 2660 qui
1283 2599 1408 2644 tunc
1435 2589 1504 2644 ab
1533 2590 1663 2645 urbe

118 2680 273 2739 Tolosa
300 2685 595 2743 advenerat
638 2686 909 2754 ingressus
953 2684 1020 2739 ad
1050 2698 1167 2738 eain
1195 2724 1210 2748 ,
1242 2698 1431 2738 causas
1473 2691 1662 2740 contu-

118 2775 609 2848 meliteinjuriasque
642 2777 761 2831 ﬁlia:
788 2775 905 2846 ejus
946 2790 1168 2831 narrare
1198 2776 1393 2845 coepit,
1424 2776 1608 2831 dicens
1643 2795 1655 2829 :

118 2864 221 2931 Quia
242 2868 382 2937 juxta
420 2869 711 2939 imperium
755 2878 898 2923 tuum
938 2870 1143 2924 accessi
1174 2882 1296 2922 cum
1336 2867 1519 2937 regina
1563 2869 1658 2921 Ri-

119 2958 299 3028 guntbe,
324 2978 384 3017 ac
408 2962 523 3017 vidi
559 2961 911 3017 humilitatem
937 2962 1057 3031 ejus
1078 3001 1091 3025 ,
1125 2970 1177 3016 et
1204 2962 1434 3032 qualiter
1455 2976 1656 3031 exspoo

120 3046 215 3104 liata
237 3061 310 3106 est
334 3068 361 3106 a
389 3054 659 3109 thesauris
686 3066 739 3108 et
760 3053 1007 3108 omnibus
1032 3052 1191 3107 rebus
1216 3070 1230 3118 ;
1263 3066 1362 3121 ego
1408 3068 1536 3106 vero
1560 3067 1656 3122 per

1771 1862 2145 1932 episcoporum
2168 1881 2199 1919 a
2220 1865 2537 1921 sacerdotali
2564 1868 2744 1923 ofﬁcio
2770 1881 3079 1942 segregatus
3104 1884 3150 1927 ε.
3179 1872 3343 1928 (ἰυηιο

1770 1968 1873 2023 que
1894 1970 1989 2009 rex
2016 1971 2115 2024 pro
2136 1957 2236 2013 hac
2265 1972 2422 2013 causa
2452 1960 2713 2031 synodum
2740 1964 2975 2019 excitare
3019 1967 3196 2032 vellet,
3235 1968 3341 2023 Ra-

1766 2048 2064 2115 gnemodus
2104 2048 2262 2118 hujus
2305 2051 2451 2106 urbis
2477 2053 2761 2122 episcopus
2786 2097 2801 2119 ,
2851 2071 2946 2122 pro
2974 2058 3218 2113 omnibus
3250 2075 3339 2114 re-

1768 2152 2023 2207 sponsum
2063 2140 2326 2206 reddidit,
2376 2142 2560 2199 dicens
2590 2161 2605 2197 :
2641 2146 2844 2201 Scitote
2870 2147 2920 2201 ei
2975 2150 3339 2217 paenitentiam

1766 2227 2021 2284 indiciam
2048 2244 2081 2284 a
2109 2232 2499 2298 sacerdotibus,
2528 2250 2635 2289 non
2668 2245 2841 2291 tamen
2870 2254 2990 2292 eum
3032 2255 3249 2308 prorsus
3270 2243 3339 2299 ab

1764 2322 2074 2391 episcopatu
2102 2333 2387 2379 remotum.
2420 2324 2487 2379 Et
2513 2328 2592 2383 sic
2612 2342 2642 2381 a
2670 2343 2795 2400 rege
2827 2344 3135 2400 susceptus,
3175 2347 3338 2404 atque

1763 2413 2012 2467 convivio
2041 2414 2158 2481 ejus
2191 2416 2413 2481 ascitus,
2437 2417 2503 2471 ad
2536 2418 2719 2474 urbem
2749 2435 2896 2475 suam
2935 2438 3213 2493 regressus
3233 2436 3337 2481 est.

1834 2503 2295 2562 XVII.Promotus
2324 2504 2351 2544 ἀ
2372 2523 2497 2564 vero
2526 2512 2614 2579 qui
2638 2510 2692 2565 in
2724 2511 2955 2568 Dunensi
2982 2518 3337 2583 castro,ordi—

1762 2608 1925 2651 nante
1952 2597 2215 2667 Sigiberto
2247 2614 2390 2669 rege,
2422 2602 2703 2671 episcopus
2736 2603 2906 2658 fuerat
2954 2606 3249 2672 institutus,
3280 2619 3335 2666 et

1763 2699 1883 2757 post
1910 2698 2137 2744 mortem
2166 2692 2308 2760 regis
2335 2700 2547 2747 amotus
2593 2693 2787 2762 fuerat,
2818 2710 2883 2749 eo
2924 2698 3065 2763 quod
3095 2707 3332 2753 castrum

1760 2778 1896 2835 illud
1925 2791 2069 2837 esset
2094 2782 2341 2838 dioecesis
2368 2783 2682 2839 Carnutenae
2701 2824 2715 2849 ,
2746 2795 2931 2841 contra
2958 2803 3118 2856 quem
3149 2788 3219 2842 ita
3245 2789 3333 2858 ju-

1759 2872 1955 2927 dicium
1986 2873 2151 2928 latum
2181 2873 2352 2928 fuerat
2385 2883 2433 2940 ο,
2462 2883 2517 2928 ιιι
2556 2876 2872 2945 presbyterii
2915 2885 3117 2931 tantum
3150 2877 3331 2932 ofﬁcio

1758 2962 2085 3033 fungeretur,
2126 2966 2353 3020 accessit
2398 2965 2464 3019 ad
2492 2982 2668 3035 regem
2688 3006 2701 3028 ,
2756 2969 3052 3036 deprecans
3081 2969 3243 3041 344
3270 2981 3331 3031 ut

1758 3056 2145 3110 ordinationem
2185 3059 2523 3128 episcopatus
2554 3060 2607 3114 in
2654 3061 2922 3115 antedicto
2967 3068 3146 3116 castro
3193 3065 3331 3118 reci-

118 3138 257 3210 {ugam
281 3145 540 3215 dilapsus,
567 3145 687 3202 veni
711 3146 956 3201 nuntiare
977 3145 1212 3201 dominae
1240 3161 1372 3201 meae
1408 3160 1526 3215 quae
1559 3159 1651 3215 ge-
1678 3142 1726 3207 C
1757 3160 1928 3219 peret.
1955 3148 2061 3206 Sed
2091 3151 2386 3206 obsistente
2425 3151 2657 3221 Pappolo
2683 3153 2999 3208 Carnotente
3028 3153 3176 3209 urbis
3204 3156 3325 3224 epi-

120 3241 180 3284 sta
204 3247 330 3291 sunt.
369 3238 492 3294 Hac
527 3238 618 3292 illa
649 3237 903 3304 audiens,
940 3240 1118 3293 lurore
1151 3248 1451 3306 commota,
1494 3239 1654 3307 jussit

124 3339 218 3378 cum
244 3326 291 3381 in
319 3329 428 3398 ipsa
457 3330 690 3387 ecclesia
718 3330 953 3396 Spoliari,
981 3329 1338 3399 nudatumque
1368 3330 1654 3385 vestimen-

123 3416 176 3470 tis
198 3432 249 3473 ac
274 3421 467 3488 balteo,
501 3423 645 3492 quod
702 3436 765 3476 ex
814 3436 1035 3476 munere
1064 3422 1347 3489 Cliilperici
1377 3422 1520 3489 regis
1552 3420 1650 3474 ba-

124 3504 266 3577 bebat,
293 3513 573 3571 discedere
600 3529 628 3567 a
651 3529 741 3568 sua
768 3512 919 3584 jubet
950 3513 1252 3583 priesentia.
1277 3514 1485 3582 Coquos
1526 3528 1654 3583 quo-

123 3616 200 3664 (lue
220 3605 316 3660 sive
338 3608 591 3676 pistores,
626 3609 706 3661 vel
736 3622 1083 3677 quoscunque
1108 3606 1176 3661 de
1206 3607 1307 3661 hoc
1336 3607 1526 3661 itinere
1556 3621 1652 3660 re-

122 3706 290 3758 gressus
312 3713 425 3754 esse
464 3699 756 3769 cognovit,
793 3714 995 3764 caesos,
1038 3699 1432 3767 spoliatosque,
1467 3713 1529 3753 ac
1557 3698 1650 3752 de-

124 3787 366 3843 manicatos
392 3790 630 3860 reliquit.
668 3791 970 3845 Nectarium
1008 3800 1185 3844 autem
1210 3832 1226 3855 ,
1259 3789 1574 3858 Baudegisili
1620 3788 1650 3829 ι)

122 3878 313 3950 episcopi
349 3884 566 3940 fratrem
596 3884 841 3938 nefandis
892 3883 1316 3938 accusationibus
1363 3897 1482 3936 cum
1525 3897 1651 3952 rege

124 3965 223 4035 [Ρτο
240 3977 360 4043 apud
386 3977 591 4050 regem]
624 3978 844 4032 tentavit
870 3977 1097 4031 obruere
1115 4017 1130 4041 ,
1164 3990 1411 4030 asserens
1440 3990 1561 4030 eum
1583 3975 1650 4029 de

126 4058 326 4121 thesauro
368 4070 508 4139 regis
560 4069 755 4122 mortui
805 4067 969 4122 multa
1024 4076 1283 4134 portasse.
1324 4067 1429 4122 Sed
1476 4077 1529 4121 et
1578 4066 1649 4120 de

126 4159 446 4223 Promptnariis
480 4169 593 4214 tam
618 4166 830 4228 tergora
852 4173 1010 4228 quam
1040 4157 1160 4211 vina
1192 4156 1350 4210 multa
1372 4171 1493 4211 eum
1525 4155 1649 4211 abs-

127 4241 267 4300 ωιιδεθ
293 4249 437 4323 343
466 4251 704 4315 dicebat,
751 4261 935 4317 petens
965 4257 1024 4303 ut
1058 4248 1267 4302 vinctus
1290 4247 1649 4303 carceralibus

130 4336 317 4395 tenebris
343 4345 667 4401 traderetur.
700 4345 805 4400 Sed
836 4344 1093 4413 patientia
1138 4343 1310 4411 regis,
1360 4340 1645 4411 fratrisque

130 4427 331 4486 auxilium
361 4436 467 4491 ﬁeri
504 4450 616 4491 non
646 4435 906 4503 permisit.
947 4434 1106 4489 Multa
1138 4434 1351 4504 quidem
1395 4434 1470 4488 ibi
1509 4449 1644 4486 vana

1754 3258 1939 3313 scopo,
1967 3258 2029 3299 ac
2056 3243 2267 3300 dicente
2294 3245 2416 3315 quia
2446 3246 2695 3302 diiecesis
2720 3263 2853 3301 mea:
2881 3256 2984 3316 est,
3010 3247 3330 3303 ostendente

1754 3339 2057 3407 praesertim
2096 3338 2296 3408 judicio
2340 3339 2713 3409 episcoporum
2738 3384 2754 3407 ,
2796 3342 2931 3396 nihil
2978 3341 3120 3396 aliud
3159 3343 3330 3411 potuit

1752 3430 1999 3487 obtinere
2030 3446 2150 3485 cum
2179 3446 2324 3501 rege,
2355 3433 2454 3486 nisi
2482 3448 2545 3487 ea
2570 3449 2688 3502 qua:
2710 3433 2809 3487 sub
2839 3433 3004 3502 ipsius
3032 3434 3193 3488 castri
3220 3443 3329 3488 ter-

1753 3521 1898 3577 tnino
1928 3524 2137 3592 propria
2184 3522 2447 3591 habebat,
2488 3526 2773 3593 reciperet,
2808 3526 2991 3596 inquo
3014 3541 3137 3582 cum
3168 3529 3324 3597 geni—

1752 3614 1884 3669 trice
1908 3613 2083 3670 adhuc
2109 3618 2392 3685 superstite
2421 3626 2717 3671 moraretur
2748 3615 2791 3669 ί.

1824 3706 2008 3763 XVIII.
2038 3707 2415 3763 Coinmorante
2456 3724 2584 3764 vero
2626 3724 2750 3778 rege
2778 3709 2916 3777 apud
2961 3710 3144 3765 urbem
3176 3712 3328 3767 Pari-

1751 3799 1948 3853 siacain
1974 3838 1990 3864 ,
2025 3802 2170 3853 venit
2197 3797 2409 3867 quidam
2452 3813 2673 3867 pauper,
2723 3798 2949 3853 dicens:
2980 3801 3150 3868 Audi,
3198 3818 3325 3869 rex,

1751 3890 1911 3945 verba
1940 3890 2049 3943 oris
2097 3889 2222 3944 mei.
2252 3889 2472 3943 Noveris
2498 3890 2640 3944 enim
2668 3889 2786 3958 quia
2832 3889 3137 3957 Faraulfus,
3174 3894 3325 3947 cubi-

1750 3984 1983 4039 cularius
2013 3982 2276 4050 quondam
2306 3981 2487 4036 fratris
2518 3984 2616 4049 tui,
2661 3981 2852 4051 querit
2900 3991 2951 4037 te
2993 3984 3320 4042 interficere.

1751 4074 1941 4130 Audivi
1967 4074 2110 4129 enim
2161 4073 2446 4128 consilium
2492 4073 2645 4144 ejus,
2674 4084 2736 4127 ut
2777 4082 2936 4129 eunte
2986 4082 3039 4130 te
3067 4079 3326 4134 matutina

1751 4171 1993 4222 oratione
2017 4166 2085 4221 ad
2114 4164 2418 4232 ecclesiam,
2468 4176 2557 4220 aut
2579 4165 2752 4219 cultro
2781 4174 3074 4235 appeteret.
3115 4178 3207 4222 aut.
3231 4167 3327 4221 ha-

1752 4268 1834 4315 sta
1882 4258 2263 4315 transfoderet.
2323 4256 2732 4326 Obstupefactns
2779 4266 2955 4313 autem
3009 4274 3137 4324 rex,
3179 4260 3324 4319 misit

1752 4351 1932 4407 vocari
1959 4364 2103 4405 eum.
2135 4349 2252 4416 Quo
2282 4355 2529 4417 negante,
2560 4347 2627 4401 de
2656 4346 2739 4402 his
2771 4362 2862 4401 rex
2887 4358 3128 4402 metuens
3157 4350 3323 4406 armis

1752 4458 1812 4499 se
1845 4441 2005 4499 valde
2034 4440 2275 4496 munivit.
2326 4441 2434 4495 Nec
2462 4438 2674 4508 penitus
2714 4437 2782 4492 ad
2838 4438 2952 4493 loca
2992 4448 3198 4508 sancta,
3239 4442 3322 4498 vel

125 4526 353 4591 etercens,
383 4541 487 4583 non
520 4528 795 4583 metuebat
824 4528 1013 4593 Deum,
1044 4526 1096 4581 in
1125 4527 1277 4597 cujus
1303 4526 1529 4581 ecclesia
1557 4541 1649 4595 pe-
1674 4537 1727 4596 D
1754 4535 1878 4602 alio,
1909 4534 2011 4590 nisi
2036 4533 2267 4588 vallatus
2286 4530 2502 4586 armatis
2541 4538 2701 4597 atque
2731 4529 3042 4584 custodibus
3066 4530 3323 4601 procede-

128 4605 237 4663 lebat
261 4615 523 4673 auxilium.
570 4618 813 4672 Habebat
858 4626 984 4671 tunc
1025 4616 1279 4685 temporis
1320 4630 1498 4671 secum
1532 4618 1641 4672 Au-

128 4694 276 4758 donem
300 4706 551 4780 judicem,
585 4711 673 4781 qtti
701 4711 752 4765 ei
790 4719 1033 4778 tempore
1057 4709 1199 4777 regis
1224 4710 1277 4763 in
1304 4710 1484 4762 multis
1514 4723 1642 4763 con-

131 4894 371 5016 in‘bmu‘m
397 4906 604 4961 scilicet
628 4905 948 4971 naturalem,
972 4911 1031 4959 et
1058 4904 1283 4960 alterum
1305 4903 1637 4972 Spiritnalem

304 4989 326 5016 Ι.
344 4992 423 5016 In“

146 4972 443 5035 l[baptismm

150 5028 202 5115 ,ιδ
227 5028 267 5089 ls
289 5037 375 5097 fuit
399 5048 680 5115 episcopus
724 5044 1201 5107 Cennniannensis,
1230 5044 1296 5098 de
1324 5058 1429 5109 quo
1476 5058 1635 5113 supra

134 5092 281 5187 lib-“vt.
301 5092 749 5187 capiﬁtlv‘ie'c‘tarii
771 5092 889 5170 Qui
904 5118 1164 5187 magniﬁci
1186 5092 1392 5170 ineutio
1415 5092 1638 5171 habetur

134 5170 171 5218 in
194 5170 413 5244 Hiraculis
436 5170 493 5244 Si.
524 5170 722 5241 νΑίΓίάίί·

228 5243 337 5325 Υιιιε
359 5243 504 5323 Supra
538 5259 630 5311 lib.
653 5273 707 5321 ν,
736 5271 852 5325 cap.
884 5257 968 5321 l9,
992 5257 1081 5311 ubi
1113 5256 1180 5310 de
1207 5254 1447 5309 Concilio
1488 5254 1636 5309 Pari-

134 5315 383 5397 ffn‘tlbac
404 5315 464 5379 de
491 5343 649 5382 causa
680 5315 1018 5397 congregato.
1051 5327 1121 5380 Ibi
1174 5327 1522 5381 Praetextatus
1547 5342 1635 5381 sa-

134 5380 322 5468 gemotio
354 5380 906 5461 quidemisutninotus’
950 5380 1057 5451 non
1101 5380 1635 5468 fueratpresistente

176 5462 340 5523 Τθκθτὶο
366 5476 535 5522 nostro
557 5469 852 5522 'l'uronensi
884 5487 897 5522 :
927 5477 982 5522 at
1006 5484 1125 5522 cum
1159 5468 1532 5521 nonnullorum
1557 5466 1635 5518 fa-

138 5523 272 5607 fll‘fﬂe
304 5529 536 5607 Melanius
580 5542 630 5592 iii
680 5539 797 5607 ejus
843 5539 1016 5593 locum
1069 5538 1254 5592 fuisset
1295 5538 1633 5600 subrogatus,

140 5596 233 5677 ξιξεἕρ
254 5606 519 5677 sacerdotio
548 5596 810 5677 privat'um
850 5609 981 5663 dixit
1012 5608 1397 5673 Fredegnndis.
1428 5596 1491 5660 Et
1516 5596 1635 5675 qui;

141 5651 518 5749 iiffll_lcattotilbiis
544 5651 1004 5746 volitura-semiper
1016 5651 1031 5663 ⁸
1043 5651 1499 5749 ιῆῖνᾶυάξωέλιὶεο
1507 5651 1636 5745 typos

140 5732 259 5785 Simul
285 5740 433 5799 eidem
468 5750 706 5805 ecclesiae
735 5732 979 5817 praeesse.

399 5868 657 5932 Ριτιιοι..
707 5870 933 5931 LXXI.

1750 4627 1862 4682 bat.
1896 4624 2177 4682 Faranlfus
2204 4635 2381 4679 autem
2407 4638 2511 4678 non
2538 4630 2659 4691 post
2689 4621 2912 4677 multum
2947 4632 3155 4695 tempus
3176 4639 3321 4694 mor.

1749 4728 1869 4773 tuus
1906 4726 2008 4773 εει.

1812 4897 1844 4936 ⁸
1877 4898 1987 4952 Hoc
2036 4906 2195 4965 caput
2229 4897 2380 4951 deest
2425 4895 2494 4965 in,
2522 4893 2716 4965 Begm.
2766 4893 3010 4965 Dunense
3061 4902 3321 4965 castrum,

1744 4971 1901 5037 vulgo
1945 4961 2280 5022 Chdieuudun
2306 5008 2319 5025 ,
2376 4964 2628 5037 oppidum
2658 4974 2739 5018 est
2785 4964 2851 5037 ad
2888 4961 3086 5037 ﬂumen
3121 4962 3321 5037 Lideri-

1742 5031 1883 5103 cum,
1911 5039 1958 5091 te
1989 5037 2131 5103 Loir,
2164 5038 2252 5090 ubi
2282 5031 2744 5090 ante‘Promotum
2783 5031 3087 5100 aliquandiu
3114 5032 3320 5103 sedisse
3358 5040 3367 5051 '

1743 5099 1937 5164 dicitur
1958 5099 2252 5163 Aventinus
2281 5107 2339 5161 S.
2376 5105 2641 5161 Solemnis
2667 5107 2849 5161 frater,
2877 5099 3096 5169 uterque
3116 5099 3319 5155 Carrio.

1745 5182 1975 5234 tensium
2005 5179 2305 5245 episcopus.
2339 5176 2472 5230 Vide
2507 5173 2747 5228 Bolland.
2772 5172 2834 5223 ad
2858 5170 2998 5223 diem
3026 5169 3059 5221 4
3094 5170 3319 5225 Februa-

1742 5266 1828 5305 ῙΊΙ.

1814 5331 1838 5358 θ
1869 5320 1925 5374 In
1954 5317 2191 5373 Concilio
2217 5316 2385 5369 Paris.
2411 5328 2551 5367 anno
2580 5311 2684 5365 573
2708 5310 2911 5376 habito,
2949 5310 3100 5379 cujus
3132 5311 3320 5367 litterae

1737 5406 1803 5446 ea
1833 5396 1900 5448 de
1932 5406 1990 5445 re
2026 5389 2091 5444 ad
2142 5387 2465 5456 Sigibertum
2518 5398 2735 5453 regem,
2767 5394 2893 5456 _tum
2935 5381 3001 5436 ad
3045 5381 3315 5456 @gidiuzu

1740 5464 2098 5516 Rheineusem
2140 5453 2642 5524 metropolitanum,
2689 5454 2781 5521 qui
2833 5466 3023 5508 manus
3063 5453 3320 5510 Prouioto

1740 5536 2087 5601 imposuerat,
2120 5530 2404 5584 habentur.
2837 5596 2849 5606 .
3123 5596 3135 5607 .
3272 5596 3283 5607 .

1818 5605 1836 5642 ί
1871 5602 2213 5676 Subscripsit
2228 5610 2405 5676 tamen
2431 5612 2574 5676 anno
2608 5603 2873 5676 sequenti,
2897 5609 3022 5649 cum
3052 5609 3317 5667 episcopis

1743 5677 1831 5745 qui
1854 5676 2035 5731 sedem
2062 5666 2168 5730 non
2204 5671 2491 5734 habebant,
2515 5670 2680 5725 Conc.
2716 5666 2920 5723 Matisc.
2952 5682 3007 5721 ιι.

2891 5842 2958 5907 1ὢ
