3942 6190
608 225 701 280 627

1557 216 1613 273 S.
1657 215 1988 274 GREGOBII
2029 212 2332 271 EPISCOPI
2371 214 2806 272 TURONENSIS
3754 224 3835 281 ηε

676 338 814 396 XIX.
860 337 992 393 Cum
1025 343 1203 391 autent
1231 334 1439 389 clamor
1480 330 1631 387 fleret
1656 345 1881 401 magnus
1924 330 2179 385 adversus
2204 328 2258 388 Δ
2283 326 2459 396 praeda
2490 328 2915 393 revertebantur,
2958 327 3290 385 adducentes
3326 329 3597 401 jumenta,
3649 347 3837 405 pecora,

605 446 717 496 eos,
747 428 839 499 qui
871 436 1113 498 potentes
1140 439 1262 480 cum
1292 438 1418 493 rege
1458 422 1672 477 fuerant
1698 419 2028 491 Chilperico,
2070 421 2176 476 sci—

610 526 734 579 licet
763 520 903 593 quod
929 519 1277 575 abstulissent
1303 515 1387 572 vel
1416 514 1598 580 villas,
1625 512 1713 569 vel
1736 526 1824 568 res
1858 511 2091 582 reliquas
2111 510 2180 568 de

606 616 765 670 rebus
796 612 1009 678 alienis,
1039 610 1219 667 omnia
1263 623 1382 681 quae
1411 607 1611 679 injuste
1635 604 1810 661 ablata
1838 604 2045 658 fuerant
2081 618 2180 659 rex

606 707 758 763 reddi
804 704 1093 775 praecepit,
1124 704 1263 758 sicut
1310 701 1421 772 jam
1477 698 1724 769 superius
1758 696 2045 753 indicatum
2097 704 2182 751 est

605 800 754 869 (Cap.
786 796 868 868 7).
915 794 1317 865 Fredegundem
1365 803 1578 861 quoque
1615 788 1854 859 reginam
1908 786 1975 841 ad
2001 784 2181 840 villam

610 890 1045 945 lthotoialensem
1075 896 1125 953 κ,
1154 901 1273 955 quae
1301 884 1355 939 in
1379 879 1793 951 Botbomageusi
1830 879 2060 935 termino
2079 877 2179 933 sita

619 991 747 1049 est,
785 980 935 1036 abire
980 977 1271 1049 praecepit,
1303 973 1576 1044 secutique
1615 979 1741 1027 sunt
1782 985 1901 1027 eam
1941 984 2127 1026 omnes
2152 967 2179 1008 δ

615 1071 867 1127 meliores
898 1079 1023 1124 natu
1064 1068 1211 1139 regni
1252 1064 1538 1135 Cbilperici
1586 1063 1759 1135 regis;
1790 1062 1968 1134 ibique
2020 1062 2183 1118 relin-

609 1170 833 1234 quentes
861 1176 978 1217 eam
1006 1176 1123 1217 cum
1151 1157 1374 1214 Melanio
1399 1158 1651 1227 episcopo
1684 1165 1735 1223 ο,
1766 1156 1857 1226 qui
1878 1156 1946 1211 de
1966 1155 2177 1211 Rutho-

610 1270 767 1325 mago
798 1255 1074 1309 submotus
1098 1250 1290 1316 fuerat,
1333 1249 1401 1303 ad
1435 1249 1601 1303 filium
1627 1248 1745 1317 ejus
1792 1262 1853 1303 se
1893 1247 2180 1303 transtule-

610 1343 1129 1414 runt,promittentes
1144 1340 1287 1411 quod
1303 1339 1371 1396 ab
1380 1339 1460 1395 eis
1471 1336 2181 1407 studiosissimenutriretur.

680 1433 798 1489 XX.
831 1434 1118 1503 Postquam
1144 1439 1320 1487 autem
1337 1428 1700 1499 Fredegundis
1713 1428 1892 1499 regina
1913 1426 1979 1483 ad
1998 1441 2185 1497 supra-

616 1525 814 1581 dictam
840 1523 1019 1578 villam
1047 1522 1206 1589 abiit,
1231 1535 1349 1577 cum
1371 1529 1515 1577 esset
1541 1519 1697 1576 valde
1720 1528 1932 1585 Incesta,
1964 1518 2108 1589 quod
2134 1519 2183 1572 ei

612 1627 851 1687 potestas
890 1631 955 1672 ex
989 1623 1140 1684 parte
1175 1612 1365 1670 fuisset
1403 1613 1617 1679 ablata,
1667 1610 1942 1669 meliorem
1969 1607 1997 1649 ά
2023 1609 2182 1682 345

2280 417 2367 474 vel
2404 416 2758 488 quodcunque
2807 418 3043 489 diripere
3096 420 3420 489 potuissent.
3465 422 3549 479 Illi
3591 439 3721 481 vero
3766 431 3837 498 qui

2282 509 2425 565 beati
2450 508 2664 565 Martini
2688 509 2928 580 jumenta
2958 510 3316 579 abduxerant,
3342 524 3610 570 commota
3635 516 3835 572 alterca-

2282 600 2447 667 tione,
2493 614 2554 656 se
2602 600 2831 656 invicem
2882 600 3084 658 lanceis
3112 604 3514 659 transfixerunt.
3564 606 3840 682 Daem

2281 693 2371 762 qui
2397 693 2572 748 mulas
2609 691 2952 762 diripiebant,
3012 692 3067 749 in
3120 693 3343 750 domum
3385 696 3545 752 vicini
3590 701 3838 769 cujusdam

2284 781 2626 849 accedentes,
2658 791 2840 854 potum
2870 797 3062 853 rogare
3088 785 3389 855 coeperunt.
3419 787 3665 859 Cumque
3692 792 3774 847 ille
3792 807 3840 849 se

2284 873 2480 930 habere
2505 884 2741 945 negaret,
2765 876 2986 931 elevatis
3009 876 3211 934 lanceis
3228 886 3286 933 ut
3301 893 3423 934 eum
3448 882 3839 949 transfoderent,

2283 964 2371 1021 hic
2391 977 2633 1022 extracto
2653 966 2832 1037 gladio
2858 976 3144 1039 utrumque
3173 970 3422 1039 perfodit,
3452 974 3843 1047 cecideruutque

2282 1057 2463 1124 ambo,
2484 1065 2540 1113 et
2563 1060 2760 1114 mortui
2783 1068 2912 1115 sunt
2946 1077 2957 1111 :
2984 1061 3224 1130 jumenta
3248 1071 3426 1119 tamen
3455 1069 3625 1122 saneti
3654 1067 3840 1124 Martini

2282 1148 2494 1205 reddita
2513 1160 2660 1205 sunt.
2702 1150 2974 1222 Tantaque
2995 1152 3067 1208 ibi
3098 1162 3224 1209 tunc
3245 1155 3383 1211 mala
3428 1171 3522 1225 per
3563 1158 3662 1215 hos
3697 1162 3842 1216 Aure-

2282 1240 2548 1297 lianenses
2575 1250 2725 1312 gesta
2752 1252 2898 1311 sunt,
2934 1255 2991 1300 ut
3024 1256 3292 1316 nequeant
3318 1247 3596 1319 explicari.

2353 1335 2517 1392 XXII.
2560 1336 2694 1392 Dum
2722 1348 2900 1396 autem
2931 1339 3048 1396 haec
3069 1351 3387 1413 agerentur,
3418 1357 3505 1399 res
3535 1346 3703 1414 ipsius
3726 1345 3842 1402 Ebe-

2284 1428 2413 1483 rulfl
2440 1429 2669 1486 diversis
2689 1432 3079 1500 conceduntur,
3110 1449 3322 1503 aurum,
3347 1444 3754 1509 argentumque,
3773 1436 3841 1493 vel

2284 1520 2418 1577 alias
2444 1521 2693 1580 meliores
2721 1524 2951 1594 species,
2980 1527 3112 1597 qua’s
3138 1541 3321 1584 secum
3355 1529 3641 1595 retinebat,
3672 1531 3723 1587 in
3745 1528 3843 1587 me-

2284 1610 2376 1668 dio
2396 1615 2654 1684 exposita:
2681 1624 2809 1671 sunt
2832 1614 2879 1671 ί.
2920 1616 3072 1685 Quod
3113 1633 3244 1676 vero
3288 1623 3721 1678 commendatum
3766 1625 3845 1678 ha-

608 1723 669 1765 se
698 1707 1008 1765 existimans
1038 1706 1430 1763 Brunicbildem
1449 1746 1467 1773 ,
1497 1705 1642 1761 misit
1670 1705 1879 1761 occulte
1920 1704 2178 1760 clericum
2210 1698 2258 1759 B
2285 1705 2415 1773 buit,
2448 1704 2773 1775 publicatum
2794 1714 2879 1762 est
2911 1723 2924 1761 :
2957 1722 3147 1777 greges
3167 1709 3327 1765 etiam
3358 1726 3642 1783 equorum,
3674 1728 3844 1784 porco-

610 1804 713 1859 sibi
739 1802 1081 1867 familiarem,
1113 1801 1203 1871 qtti
1231 1814 1349 1855 eam
1389 1800 1801 1855 circumventam
1831 1797 2179 1853 dolisiateri-

608 1911 755 1952 mere
782 1904 998 1965 posset,
1041 1893 1289 1948 videlicet
1338 1897 1397 1947 ut
1422 1905 1543 1946 cum
1572 1905 1632 1947 se
1660 1890 1929 1947 subtiliter
1968 1889 2021 1945 ia
2063 1889 2179 1960 ejus

608 1985 859 2042 subderet
882 1984 1221 2047 famulatum,
1248 1983 1316 2038 ab
1343 1996 1407 2037 ea
1433 1980 1579 2036 credi
1611 1988 1811 2050 posset,
1841 1988 1897 2035 et
1929 1980 2008 2036 sic
2038 1980 2177 2036 ciant

607 2079 1004 2150 percelleretur.
1045 2076 1279 2132 ‘eniens
1308 2075 1470 2144 igitur
1496 2073 1751 2139 clericus,
1780 2087 1903 2128 cum
1949 2074 2179 2128 diversis

607 2170 839 2241 ingeniis
861 2184 920 2224 se
940 2168 1113 2223 eidem
1141 2163 1555 2231 commendavit,
1574 2164 1758 2220 dicens
1782 2179 1798 2219 :
1820 2165 1860 2217 A
1894 2161 2032 2219 facie
2053 2162 2182 2218 Fre-

606 2263 867 2334 degundis
897 2264 1095 2332 regina:
1148 2259 1293 2329 fugio
1316 2300 1330 2323 ,
1364 2259 1660 2327 deposcens
1702 2256 1956 2311 auxilium
2010 2267 2179 2311 tuum.

605 2354 776 2423 Coepit
800 2367 860 2411 se
879 2352 1042 2406 etiam
1073 2351 1319 2404 omnibus
1357 2348 1583 2404 reddere
1613 2348 1866 2403 humilem
1886 2387 1902 2413 ,
1935 2346 2179 2414 charum,

606 2444 965 2507 obedientem,
989 2455 1052 2497 ac
1071 2441 1269 2512 reginae
1301 2441 1582 2509 privatum.
1608 2440 1712 2496 Sed
1739 2454 1845 2495 non
1869 2441 2027 2513 longo
2050 2450 2183 2496 tem-

609 2550 738 2606 pore
764 2533 1105 2603 interposito,
1137 2532 1515 2588 intellexerunt
1534 2545 1657 2587 eum
1686 2530 1872 2587 dolose
1901 2532 2182 2587 transmis—

606 2645 759 2697 sun.;
805 2629 1119 2695 vinctusque
1170 2641 1235 2682 ac
1285 2640 1489 2690 czesus,
1527 2639 1649 2679 cum
1679 2639 1795 2683 rem
1844 2623 2184 2695 patefecisset

609 2723 887 2789 occultam,
919 2737 1096 2778 remre
1141 2721 1435 2790 permissus
1489 2728 1574 2775 est
1610 2718 1677 2775 ad
1724 2726 2051 2789 patronam:
2094 2733 2181 2776 re-

611 2828 903 2883 seransque
943 2830 1060 2882 qua:
1088 2820 1204 2867 acta
1242 2810 1475 2876 fuerant,
1521 2809 1713 2866 effatus
1742 2810 1881 2881 quod
1908 2808 2057 2880 jussa
2087 2826 2178 2879 pa-

608 2914 751 2961 trare
797 2920 902 2960 non
948 2906 1505 2975 potuisset,manuum
1537 2917 1599 2959 ac
1618 2902 1811 2974 pedum
1852 2902 2183 2960 abscissione

603 2996 907 3052 mulctatur.

2282 1811 2422 1864 rum,
2439 1795 2911 1870 jumentorumque
2932 1797 3278 1869 diripiuntur.
3310 1801 3511 1857 Domus
3539 1818 3673 1861 vero
3701 1805 3844 1859 infra-

2283 1903 2559 1956 muranea,
2592 1906 2752 1960 quam
2777 1890 2846 1947 de
2865 1889 3231 1949 dominatione
3259 1893 3499 1949 ecclesiae
3537 1895 3845 1963 abstulerat,

2284 1981 2481 2039 referta
2501 1984 2750 2049 annonis,
2782 1983 2907 2038 vino
2934 1994 3093 2052 atque
3121 1985 3438 2055 tergoribus,
3458 1984 3725 2057 rebusque
3742 1988 3847 2042 aliis

2284 2072 2491 2142 multis,
2517 2073 2746 2143 adplene
2770 2075 2991 2145 spoliata
3021 2085 3138 2141 est;
3170 2091 3269 2131 nec
3302 2077 3373 2131 ibi
3404 2077 3551 2134 aliud
3582 2094 3737 2148 quam
3767 2094 3846 2148 pa-

2284 2164 2452 2220 rietes
2477 2165 2632 2219 vacui
2664 2175 3056 2222 remanseruut.
3092 2166 3168 2221 Ex
3218 2166 3321 2223 hoc
3350 2182 3448 2222 nos
3478 2171 3710 2224 maxime
3745 2185 3846 2223 sns-

2283 2264 2468 2324 pectos
2497 2256 2745 2319 habebat,
2777 2256 2868 2328 qui
2898 2259 2950 2312 in
2974 2259 3152 2315 causis
3187 2259 3304 2330 ejus
3344 2260 3574 2317 fideliter
3597 2264 3840 2319 curreba-

2284 2358 2424 2412 mus,
2478 2348 2796 2414 promittens
2845 2348 3178 2419 plerumque,
3219 2352 3363 2421 quod
3408 2353 3453 2407 si
3512 2370 3741 2424 unquam
3789 2353 3846 2407 ad

2284 2439 2424 2508 regis
2443 2438 2670 2506 gratiam
2699 2439 3023 2508 perveniret,
3053 2443 3107 2496 in
3146 2443 3299 2497 nobis
3328 2442 3446 2498 hate
3473 2460 3593 2512 quae
3618 2446 3844 2513 perfere-

2286 2534 2375 2588 bat
2396 2534 2761 2591 ulcisceretur.
2784 2535 2925 2591 Deus
2942 2537 3084 2590 enim
3107 2536 3276 2603 novit,
3304 2538 3387 2592 cui
3411 2552 3602 2591 arcana
3628 2541 3849 2605 pectoris

2288 2626 2611 2697 revelantur,
2628 2627 2751 2697 quia
2776 2628 2844 2683 de
2869 2642 3001 2695 puro
3016 2628 3199 2693 corde,
3222 2628 3277 2683 in
3301 2630 3551 2699 quantum
3569 2631 3847 2698 petuintus,

2286 2718 2535 2774 solatium
2562 2719 3011 2786 ministravimus;
3041 2727 3097 2775 et
3138 2734 3441 2791 quanquam
3486 2721 3678 2776 multas
3706 2724 3849 2779 nobis

2288 2811 2510 2867 insidias
2542 2811 2683 2884 prius
2709 2813 2776 2867 de
2822 2813 2979 2867 rebus
3024 2817 3192 2868 sancti
3246 2814 3457 2869 Martini
3501 2815 3736 2884 fecisset,
3767 2832 3847 2870 ex-

2285 2905 2459 2959 stabat
2488 2911 2666 2960 tamen
2688 2917 2846 2959 causa
2890 2915 2946 2958 ut
2968 2905 3183 2961 easdem
3210 2906 3562 2963 obliviscerer
3584 2950 3601 2976 ,
3633 2923 3696 2964 eo
3721 2907 3847 2979 quod

2288 2994 2452 3048 filium
2470 2996 2587 3066 ejus
2607 2998 2675 3053 de
2706 3010 2861 3051 sacro
2883 2996 3093 3052 lavacro
3114 3000 3496 3067 suscepissem.
3522 2999 3653 3069 Sed,
3677 3003 3845 3063 credo.

682 3089 824 3144 XXI.
866 3088 960 3143 llis
981 3090 1050 3142 ita
1087 3078 1272 3160 gestis,
1295 3104 1415 3145 cum
1442 3104 1535 3145 rex
1562 3087 1992 3147 Guntchramnus
2012 3086 2186 3144 Cabil-
2213 3081 2260 3145 C
2290 3084 2486 3143 infelici
2539 3087 2614 3143 illi
2671 3104 2734 3143 ea
2784 3104 2869 3144 res
2914 3092 3203 3144 maximum
3254 3088 3357 3146 fuit
3396 3092 3847 3160 impedimentum,

608 3182 793 3235 lonum
822 3194 1096 3249 regressus
1124 3189 1349 3236 mortem
1379 3178 1558 3237 fratris
1581 3191 1865 3236 conaretur
1893 3179 2183 3249 inquirere,

601 3282 655 3327 et
680 3272 859 3341 regina
885 3271 1085 3326 crimen
1102 3285 1263 3340 super
1291 3270 1597 3327 Eberulfum
1625 3281 1649 3309 θ
1680 3264 2061 3327 cubicularium
2084 3271 2185 3327 im-

602 3366 871 3434 posuisset
891 3366 1128 3436 (rogatus
1148 3363 1289 3419 enim
1325 3364 1492 3419 fuerat
1521 3366 1698 3435 abea,
1731 3374 1788 3419 ut
1815 3372 1935 3433 post
1956 3372 2183 3419 mortem

609 3460 753 3530 regis
780 3474 898 3513 cum
925 3458 1036 3527 ipsa
1064 3458 1327 3514 resideret
1355 3475 1368 3511 :
1408 3456 1503 3513 sed
1541 3456 1784 3513 obtinere
1820 3472 1925 3513 non
1956 3455 2182 3527 potuit);

606 3554 707 3608 hac
744 3568 873 3623 ergo
915 3552 1188 3607 inimicitia
1238 3551 1562 3622 pullulante,
1613 3551 1844 3607 asseruit
1897 3551 2079 3622 regina
2117 3553 2186 3606 ab

603 3645 794 3700 eodem
822 3644 1117 3715 principem
1139 3642 1299 3699 fuisse
1325 3642 1682 3707 interfectum,
1710 3645 1990 3713 ipsumque
2018 3642 2183 3698 multa

602 3738 670 3795 de
703 3736 967 3793 thesauris
993 3736 1295 3804 abstulisse,
1340 3744 1397 3789 et
1424 3733 1503 3790 sic
1533 3733 1585 3788 in
1614 3733 1939 3789 Turonicum
1970 3734 2182 3789 absces-

608 3835 744 3890 sisse
772 3833 879 3908 [ΑΙ.
905 3829 1214 3904 transisse];
1258 3830 1483 3901 ideoque
1511 3830 1554 3885 si
1610 3846 1704 3885 rex
1748 3839 1974 3886 mortem
2001 3829 2183 3887 fratris

604 3926 935 3981 desideraret
964 3924 1188 3990 ulcisci,
1241 3922 1450 3978 noverit
1479 3922 1634 3995 hujus
1684 3937 1861 3978 causa:
1899 3922 2041 3979 hunc
2067 3938 2185 3979 esse

604 4018 943 4089 signiferum.
989 4017 1140 4073 Tunc
1177 4032 1270 4073 rex
1303 4018 1503 4087 juravit
1530 4017 1778 4072 omnibus
1814 4018 2182 4087 optimatibus,

602 4112 741 4181 quod
772 4127 878 4167 non
907 4111 1066 4167 modo
1094 4111 1289 4180 ipsum,
1314 4125 1501 4166 verum
1532 4110 1695 4166 etiam
1727 4111 2039 4181 progeniem
2063 4112 2183 4181 ejus

603 4202 655 4256 in
689 4218 880 4258 nonam
909 4202 1303 4274 generationem
1325 4202 1550 4269 deleret,
1579 4214 1636 4257 ut
1666 4216 1761 4272 per
1781 4202 1969 4258 horum
1996 4219 2181 4260 necem

603 4297 936 4352 consuetudo
964 4295 1262 4352 auferretur
1283 4295 1482 4365 iniqua,
1507 4310 1573 4350 ne
1588 4307 1740 4365 reges
1759 4296 1987 4364 amplius
2014 4297 2179 4352 inter-

506 4384 513 4386 ἡ
602 4388 909 4446 ficerentur.
934 4389 1085 4458 Quod
1106 4404 1227 4445 cum
1255 4386 1534 4443 Eberulfus
1556 4388 1945 4457 comperisset,
1989 4389 2178 4445 basili-

599 4495 717 4533 eam
747 4482 917 4535 sancti
947 4480 1182 4547 Martini,
1205 4479 1359 4551 cujus
1382 4492 1468 4534 res
1496 4492 1638 4548 saepe
1666 4488 1995 4548 pervaserat,
2015 4492 2175 4551 espe-
2206 4459 2253 4519 Ι)
2283 4476 2421 4533 beati
2451 4476 2680 4546 sepulcri
2728 4495 2740 4531 :

599 4569 741 4626 tivit.
763 4568 913 4625 Tunc
933 4570 1054 4624 data
1080 4573 1365 4628 occasione
1392 4578 1449 4625 ut
1491 4570 1852 4626 custodiretur
1876 4610 1892 4637 ,
1935 4572 2177 4628 Aurelia-

599 4673 797 4715 nenses
852 4672 1011 4728 atque
1065 4662 1349 4717 Blesenses
1395 4660 1629 4716 vicissim
1681 4662 1747 4717 ad
1803 4661 1898 4718 has
1925 4664 2177 4720 excubias

597 4751 905 4819 veniebant,
938 4751 1275 4823 impletisque
1295 4753 1597 4826 quindecim
1620 4752 1827 4823 diebus,
1859 4771 1980 4813 cum
2012 4757 2178 4815 multa

667 4920 693 4948 ιι
717 4907 877 4965 Vicus
906 4908 1044 4963 haud
1076 4906 1256 4975 procul
1283 4922 1312 4961 a
1357 4905 1743 4964 confluentibus
1763 4911 1979 4968 Auturre
2002 4923 2054 4968 et
2074 4915 2167 4971 Se-

594 4996 807 5052 quanae,
840 4982 996 5050 vulgo
1029 4978 1177 5052 Rueil
1205 4991 1297 5032 seu
1326 4976 1515 5052 Rueuif
1543 4982 1757 5052 dicitur.
1804 4983 1932 5052 Ejus
1971 4999 2166 5041 nomen

530 5106 535 5109 ,
597 5049 702 5106 non
732 5049 1034 5121 exprimunt
1060 5049 1215 5104 (Iolh.
1247 5064 1321 5104 m.
1352 5060 1404 5103 et
1437 5050 1624 5120 ltegm.
1649 5051 1776 5108 Bec.
1796 5049 1944 5123 vero,
1976 5056 2169 5111 Retlto-

594 5124 857 5200 iatmsim-
1080 5134 1083 5135 ί

665 5191 691 5229 δ
722 5194 929 5263 Begm.,
968 5200 1154 5247 secuta:
1176 5200 1390 5246 sunt....

597 5273 740 5331 natu,
770 5275 877 5321 etc.

670 5343 693 5371 ο
728 5339 773 5390 Is
803 5336 1124 5393 Praetextato
1154 5335 1205 5390 in
1245 5336 1494 5392 exsilium
1521 5335 1740 5394 detruso
1787 5337 1963 5395 fuerat
1987 5339 2166 5395 subro-

631 5414 771 5458 ειυς.

595 5417 823 5529 8θὲΙέἰο
848 5472 1000 5528 Colb.
1030 5474 1134 5530 duo
1154 5488 1277 5529 cum
1306 5474 1429 5529 Bec.
1464 5475 1515 5528 ld
1538 5484 1643 5542 est,
1690 5477 2003 5533 existimans
2028 5481 2163 5536 Bru-

594 5542 809 5617 ttichildi
832 5543 1103 5617 meliorem
1133 5559 1298 5617 quant
1314 5544 1414 5597 sibi
1432 5554 1641 5617 sortem
1663 5548 1936 5617 obtigisse,
1966 5561 2023 5606 ιιι
2046 5553 2163 5605 ani-

594 5614 879 5669 tnadvertit
924 5613 1186 5676 Valesius,
1230 5614 1472 5681 quamvis
1518 5616 1743 5672 intlolb.
1775 5613 1847 5673 in.
1882 5621 2163 5678 lectionem

597 5688 761 5743 altera
810 5697 998 5739 manus
1027 5683 1308 5753 vitiaverit,
1352 5686 1658 5752 reponendo
1690 5696 1746 5743 ut
1772 5688 1824 5742 in
1847 5689 2025 5758 editis,
2057 5710 2163 5748 me-

1441 5204 1613 5248 amnes
1658 5193 1898 5251 mulieres
1936 5197 2171 5253 meliores

2289 3179 2429 3247 quod
2465 3179 2664 3233 nullam
2701 3182 3058 3236 reverentiam
3086 3189 3275 3237 sancto
3302 3183 3596 3252 praestabat
3619 3185 3847 3240 antistiti.

2289 3272 2422 3327 Nam
2443 3286 2587 3343 saepe
2612 3273 2787 3329 cades
2815 3274 2953 3329 infra
2982 3276 3155 3345 ipsum
3179 3277 3396 3344 atrium,
3425 3280 3571 3349 quod
3601 3279 3665 3335 ad
3702 3280 3849 3349 pedes

2289 3363 2431 3418 beati
2464 3373 2661 3434 exstat,
2694 3368 2899 3437 exegit,
2933 3383 3193 3425 exercens
3226 3371 3445 3426 assidue
3473 3372 3762 3428 ebrietates
3799 3388 3851 3424 ac

2290 3456 2572 3511 vanitates.
2605 3457 2982 3527 Presbyterum
3004 3474 3216 3531 quoque
3262 3477 3451 3527 unum,
3505 3479 3602 3532 pro
3630 3479 3696 3520 eo
3723 3465 3848 3536 quod

2287 3550 2339 3604 ei
2375 3551 2555 3605 vinum
2596 3551 2727 3608 dare
2753 3550 3012 3619 differret,
3042 3568 3162 3610 cum
3189 3555 3300 3624 jam
3326 3558 3639 3626 crapulatus
3664 3560 3851 3629 aspice.

2291 3651 2394 3707 ret,
2434 3643 2633 3698 elisum
2676 3656 2840 3714 super
2872 3658 3146 3700 scamnum
3177 3647 3362 3716 pugnis
3388 3662 3451 3702 ac
3497 3648 3727 3705 diversis
3753 3649 3851 3703 icti-

2290 3732 2391 3789 bus
2420 3734 2743 3801 verberavit,
2787 3745 2843 3789 ut
2866 3750 2999 3805 pene
3029 3739 3262 3793 animam
3296 3738 3527 3795 reddere
3560 3741 3852 3803 videretur;

2287 3839 2342 3884 et
2367 3829 2585 3887 fecisset
2613 3830 2859 3896 forsitan,
2911 3832 2956 3885 si
3004 3833 3051 3887 ei
3079 3832 3408 3887 medicorum
3430 3843 3667 3889 ventosa:
3694 3843 3720 3881 ε
3760 3849 3852 3887 non

2286 3919 2687 3976 subvenissent.
2723 3920 2963 3975 Habebat
2988 3922 3128 3976 enim
3156 3937 3251 3990 pro
3282 3921 3475 3978 timore
3508 3924 3649 3993 regis
3679 3926 3730 3980 in
3754 3928 3854 3993 ipso

2284 4013 2596 4069 salutatorio
2623 4010 2651 4048 ⁸³
2689 4013 2859 4068 beatae
2887 4013 3046 4085 347
3077 4016 3313 4071 basilica:
3336 4018 3698 4073 mansionem.
3728 4018 3847 4072 Cum

2283 4114 2463 4160 autem
2489 4104 2787 4175 presbyter,
2840 4106 2929 4175 qui
2978 4108 3157 4163 claves
3185 4107 3309 4162 ostii
3339 4108 3642 4175 retinebat,
3675 4107 3855 4163 clausis

2282 4195 2499 4264 reliquis
2523 4198 2852 4259 recessisset,
2904 4211 2999 4266 per
3028 4197 3158 4252 illud
3184 4198 3481 4253 salutatorii
3523 4200 3726 4255 ostium
3774 4198 3852 4252 in-

2284 4295 2555 4341 troeuntes
2581 4287 2799 4355 puellae,
2843 4301 2964 4342 cum
2996 4289 3216 4359 reliquis
3241 4290 3422 4359 pueris
3448 4288 3567 4360 ejus
3594 4288 3852 4361 suspicie-

2283 4378 2412 4433 bant
2462 4379 2699 4447 picturas
2754 4380 3036 4449 parietum,
3085 4379 3522 4453 rimabanturque
3552 4390 3856 4438 ornamenta

2797 4479 2935 4549 quod
2984 4480 3135 4536 valde
3188 4480 3548 4537 facinorosum
3602 4482 3857 4553 religiosis

2284 4579 2420 4626 erat.
2447 4569 2600 4638 Quod
2626 4584 2747 4625 cum
2774 4572 3055 4642 presbyter
3091 4575 3450 4643 cognovisset.
3475 4574 3675 4631 defixis
3701 4575 3857 4631 clavis

2284 4677 2447 4734 super
2475 4663 2691 4731 ostium,
2720 4663 3042 4720 intrinsecus
3065 4680 3215 4723 seras
3234 4668 3453 4737 aptavit.
3480 4668 3604 4723 Haec
3628 4670 3723 4724 ille
3746 4681 3857 4722 cum

2289 4765 2409 4825 post
2435 4770 2643 4812 etenam
2695 4756 2822 4813 vino
2876 4757 3121 4815 madidus
3164 4760 3503 4830 advertisset,
3556 4771 3613 4818 et
3664 4777 3767 4819 nos
3812 4762 3858 4815 in

2276 4912 2454 4968 liorem
2478 4926 2531 4964 se
2558 4910 2849 4966 existimans
2871 4910 3226 4970 Brunicltilde.

2356 4992 2381 5021 ο
2423 4981 2571 5045 Mss.,
2602 4992 2827 5046 exrepto
2858 4984 3005 5050 Bec.,
3039 4987 3091 5041 in
3132 4987 3365 5052 capitum
3413 4988 3589 5046 indice
3638 4991 3859 5049 habent.

2278 5052 2550 5130 Ber_u_ffus._
2600 5052 2928 5130 Qttbicularii
2968 5070 3090 5111 cum
3147 5058 3269 5111 aliis
3313 5060 3491 5126 palatii
3550 5063 3859 5130 proceribus

2280 5123 2394 5194 regi
2417 5124 2470 5194 in
2504 5123 2709 5194 placitis
2722 5123 3065 5194 assidebam,
3096 5135 3154 5181 ut
3178 5123 3328 5193 patet
3344 5143 3409 5183 ex
3441 5123 3581 5187 lib.'t
3622 5133 3858 5189 Marculti

2278 5191 2502 5266 formula
2533 5191 2754 5266 23._Alii
2785 5191 3113 5252 domesticus
3138 5191 3430 5266 appellant.

2354 5264 2374 5303 ί
2415 5263 2686 5343 S_ic_Colb.
2711 5278 2763 5317 a.
2794 5266 2959 5343 altera
2985 5263 3387 5343 manu_._'Caeteri
3434 5271 3657 5342 habent,
3705 5292 3859 5343 expo-

2272 5340 2397 5421 suit.
2443 5334 2605 5404 Infra,
2649 5338 3082 5407 commendatum,
3131 5337 3184 5393 id
3210 5349 3313 5404 est,
3343 5343 3484 5412 apud
3530 5334 3672 5402 alios
3700 5334 3857 5416 ἀθλιο-

2272 5421 2455 5464 suum.

2346 5489 2372 5527 ε
2410 5476 2564 5535 Colb.
2591 5478 2715 5543 duo,
2748 5478 2952 5534 solatia.

2344 5548 2372 5585 ιι
2411 5548 2562 5603 Colb.
2586 5566 2686 5612 m.,
2711 5552 2982 5615 salutaria,
3014 5562 3069 5607 et
3094 5549 3249 5616 infra,
3274 5553 3533 5616 salutarii.
3563 5563 3622 5611 et
3647 5556 3852 5617 Casin.,

2274 5619 2600 5692 sacrario....
2645 5622 2901 5692 sacrariis
2932 5621 3038 5677 Sed
3080 5622 3354 5692 retinenda
3384 5638 3487 5680 vox
3526 5628 3849 5692 salutatorii,

2274 5694 2342 5746 de
2368 5704 2471 5759 qua
2504 5691 2624 5747 vide
2650 5705 2813 5760 supra
2840 5691 2909 5748 ad
2936 5707 3056 5764 cap.
3085 5693 3149 5747 2f
3178 5691 3317 5748 libri.
3348 5708 3408 5750 tt.
