3942 6190
165 236 240 289 t9
1034 230 1349 287 HISTORIA
1393 186 1833 281 emundant.
1879 223 2075 278 uasa
2118 223 2469 279 SEPTIMUS.
3286 227 3387 274 ξιιμ.

170 348 353 405 basilica
384 351 435 404 in
469 351 623 405 initio
672 351 841 405 noctis
867 350 1123 404 orationis
1153 350 1315 418 gratia
1342 346 1708 416 psalleremns,
1741 346 1791 403 Α
1821 343 2061 395 timorem
2096 340 2302 393 habuit.
2338 340 2465 393 Nam
2513 341 2636 395 dum
2671 351 2815 395 esset
2863 342 2914 399 in
2949 342 3213 403 libertate,
3270 343 3389 408 equi

171 438 451 498 furibundus
489 443 809 513 ingreditur,
862 458 1053 511 meque
1088 441 1341 495 conviciis
1388 454 1450 493 ac
1496 437 1717 491 maledi-

171 533 401 588 Ctionibus
429 549 623 604 urgere
638 536 832 603 ‘cdepit,
860 534 986 588 illud
1016 534 1152 587 inter
1166 533 1338 602 jnrgia
1360 530 1712 598 exprobrans.

166 628 278 696 quod
304 642 402 696 ego
431 644 552 681 eum
575 627 733 681 velim
760 642 787 679 a
830 624 1001 680 sancti
1030 625 1282 677 antiStitis
1316 622 1540 676 fimbriis
1566 636 1717 687 sepa-

163 735 276 773 rare.
320 719 425 773 Sed
468 733 567 788 ego
599 730 819 784 stupens
848 732 966 787 qua:
995 719 1163 769 virum
1217 716 1447 783 cepisset
1489 714 1712 776 insania,

164 810 341 863 blandis
372 825 498 864 eum
550 809 887 863 sermonibus
915 808 1150 861 mulcere
1178 815 1403 860 conatus
1437 820 1576 858 sum.
1609 806 1715 858 Sed

166 918 261 956 euut
282 904 393 970 ejus
423 901 587 956 furias
618 902 793 955 verbis
826 899 1033 954 lenibus
1068 914 1323 966 superare
1346 912 1450 950 non
1483 910 1713 965 possem,

166 995 295 1049 silere
322 995 556 1049 decrevi.
610 992 702 1045 llle
736 1008 862 1045 vero
901 1006 987 1044 me
1039 983 1253 1043 tactum
1300 987 1602 1052 intendens,
1647 986 1714 1038 ad

167 1088 502 1154 presbyterum
539 1094 561 1119 υ
599 1081 951 1144 convertitur,
983 1080 1282 1144 evomitque
1311 1080 1360 1130 in
1393 1092 1514 1131 eum
1550 1078 1714 1129 multa

167 1174 399 1240 convicia;
456 1189 581 1228 nam
634 1182 688 1227 et
728 1174 875 1226 illum
910 1171 1087 1225 verbis
1139 1168 1473 1239 procacibus,
1530 1176 1585 1221 et
1632 1181 1717 1219 tne

168 1268 365 1321 diversis
385 1266 696 1335 Opprobriis
723 1264 1084 1335 impugnabat.
1117 1264 1224 1316 Nrs
1256 1277 1381 1315 vero
1405 1276 1525 1314 cum
1556 1258 1716 1311 vidis-

169 1372 316 1411 scmus
341 1373 487 1424 eum,
521 1366 579 1410 ut
623 1356 691 1409 ita
722 1356 916 1420 dit-am,
947 1356 1029 1423 agi
1060 1369 1089 1407 a
1140 1353 1411 1415 daemone,
1453 1350 1650 1420 egressi
1683 1363 1713 1401 a

170 1448 349 1501 basilica
378 1458 563 1501 sancta
595 1447 903 1501 scandalum
928 1447 1240 1514 v'giliasque
1264 1444 1557 1507 linivimus,
1587 1444 1713 1497 illud

169 1542 363 1593 maxime
387 1540 658 1609 indignum
691 1539 945 1601 ferentes,
980 1537 1117 1605 qud
1150 1539 1247 1590 hoc
1279 1535 1302 1572 δ
1329 1535 1565 1604 jurgium
1590 1534 1713 1589 abs-

177 1645 258 1698 que
294 1631 587 1685 reverentia
629 1632 822 1695 sancti,
872 1639 994 1683 ante
1035 1629 1207 1696 ipsum
1242 1627 1544 1696 sepulcrum
1574 1627 1684 1679 anti

1818 434 1933 500 ejus
1980 448 2041 485 ac
2070 448 2260 501 pecora
2304 448 2399 500 per
2427 440 2634 502 segetes
2675 441 2961 502 pauperum
2993 433 3280 504 vineasque
3308 436 3388 488 di-

1817 524 2186 579 mittebantur.
2236 525 2385 589 Quod
2434 527 2477 580 si
2530 527 2928 594 erpellcbantur
2956 527 3022 583 ab
3054 528 3135 581 his
3161 544 3386 597 quorum

1816 620 2127 674 evertebant
2176 620 2422 681 labores,
2482 620 2660 675 statim
2705 636 2734 674 a
2784 622 2893 675 suis
2942 623 3386 690 percellebantur.

1816 711 1947 767 Nam
1983 714 2039 768 in
2066 714 2164 767 hac
2192 714 2431 784 angustia
2455 730 2554 784 qna
2577 727 2714 782 erat,
2742 732 2883 785 smpe
2913 719 3384 783 commemorabat,

1818 806 1956 872 quod
1986 821 2071 861 res
2093 807 2231 860 beati
2255 806 2509 861 antistitis
2539 807 2845 864 abstulissm
2885 808 3098 879 injuste.
3151 812 3391 880 Denique

1816 910 1955 948 anno
1986 896 2261 963 superiore
2284 902 2609 952 commotum
2632 897 2656 935 ἀ
2682 901 2962 969 quemdam
2994 901 3159 956 levem
3188 918 3219 957 e
3256 904 3390 958 civi-

1818 985 1914 1037 bus
1944 986 2189 1039 ecelesize
2212 999 2421 1041 actores
2444 988 2568 1043 fecit
2609 989 2971 1058 interpellare.
3005 990 3154 1047 Tunc
3179 1006 3391 1063 postpo-

1816 1076 1915 1130 sita
1940 1078 2165 1144 justitia,
2198 1094 2303 1143 res,
2339 1095 2471 1145 quas
2508 1082 2634 1134 nlim
2664 1084 2888 1139 ecclesia
2920 1085 3244 1154 possidebat,
3293 1089 3391 1143 sub

1816 1170 1995 1236 specie
2018 1172 2304 1239 emptionis
2335 1172 2617 1238 abstraxit,
2676 1176 2797 1230 data
2851 1178 2949 1246 ipsi
3005 1178 3205 1235 homini
3242 1193 3390 1248 parte

1816 1274 1973 1315 aurea
2026 1260 2181 1314 baltei
2234 1263 2336 1320 sui.
2369 1263 2473 1317 Sed
2505 1264 2611 1335 [AL
2646 1264 2778 1337 haec]
2825 1276 2879 1322 et
2909 1268 3031 1323 talia
3081 1271 3242 1325 multa
3275 1288 3391 1339 pcr-

1819 1365 1974 1406 verse
1995 1355 2101 1420 egit
2124 1369 2291 1421 usque
2313 1354 2378 1407 ad
2404 1355 2560 1410 linem
2587 1358 2714 1411 vita:
2741 1374 2869 1425 suae,
2896 1374 3052 1430 quem
3082 1370 3105 1398 θ
3137 1364 3186 1415 in
3217 1372 3389 1431 poste.

1817 1457 1933 1495 rum
1960 1444 2387 1511 explanabimus.

1889 1532 2077 1589 XXIII.
2118 1536 2372 1591 Praesenti
2406 1533 2425 1574 ί
2466 1553 2680 1607 quoque
2723 1556 2864 1594 anno
2902 1542 3266 1598 Armentarius
3296 1545 3390 1597 .lu-

1816 1623 1965 1677 daeus
1985 1641 2107 1679 cum
2136 1642 2242 1681 uno
2267 1637 2427 1681 sectae
2454 1642 2562 1683 sua:
2586 1631 2814 1685 satellite
2835 1642 2888 1686 et
2911 1632 3118 1691 duobus
3138 1634 3391 1689 Christia-

170 1723 644 1776 stitisexcitavcrat.
670 1720 763 1775 llis
788 1722 973 1775 diebus
991 1720 1096 1775 vidi
1123 1721 1419 1783 somnium,
1445 1718 1584 1787 quod
1611 1718 1710 1786 ξι)μί
1745 1709 1789 1766 Β
1820 1716 1921 1779 nis,
1971 1718 2035 1771 ad
2061 1718 2350 1787 exigendas
2386 1721 2682 1787 cautiones,
2711 1738 2843 1792 quas
2874 1725 2921 1779 ei
2954 1739 3171 1796 propter
3199 1729 3391 1783 tributa

170 1813 210 1865 in
234 1823 402 1867 sancta
428 1813 643 1866 basilica
686 1814 862 1876 retuli,
896 1812 1079 1867 dicens
1108 1831 1119 1864 :
1156 1812 1408 1866 I’utabam
1450 1828 1535 1866 me
1566 1812 1713 1881 quasi

172 1905 210 1955 in
234 1905 316 1958 hac
348 1906 563 1961 basilica
606 1914 946 1961 sacrosancta
976 1905 1255 1959 Missurum
1284 1904 1542 1958 solenmia
1570 1904 1715 1957 cele-

172 1996 311 2049 brare.
334 1995 572 2066 Cumque
593 1996 705 2066 jam
727 1996 969 2050 altarium
994 2011 1114 2049 cum
1136 1994 1491 2050 oblationibus
1516 1996 1675 2061 pallio
1691 2005 1712 2034 ο

172 2090 313 2143 serico
333 2098 643 2159 coopertum
689 2099 851 2157 esset,
910 2088 1087 2143 subito
1132 2088 1515 2157 ingredientem
1546 2086 1715 2142 Gunt-

172 2184 446 2237 chramnum
475 2199 658 2251 regem
688 2184 981 2252 eunSpicio,
1014 2183 1104 2252 qui
1135 2198 1263 2237 voce
1300 2198 1491 2252 magna
1520 2183 1715 2237 clama-

171 2277 267 2327 bat:
296 2274 573 2330 Extrahite
604 2275 877 2329 inimicum
908 2275 1270 2344 generationis
1294 2284 1490 2330 nostra:
1514 2316 1530 2341 ,
1566 2278 1714 2330 evel-

171 2364 241 2419 lite
261 2364 576 2419 homicidam
619 2381 649 2419 a
697 2381 850 2420 sacro
879 2366 973 2419 Dei
1002 2365 1209 2420 altario.
1236 2369 1304 2419 At
1329 2382 1428 2436 ego
1449 2382 1569 2421 cum
1604 2367 1716 2421 haec

172 2458 394 2522 audirem,
423 2458 489 2511 ad
518 2467 573 2512 te
612 2472 904 2512 conversus
926 2458 1034 2511 dixi
1071 2476 1085 2511 :
1119 2457 1473 2527 Apprebende
1503 2459 1713 2527 pallium

171 2547 334 2612 altaris,
389 2549 595 2613 infelix,
648 2563 757 2617 quo
783 2564 930 2604 sacra
963 2564 1182 2603 munera
1232 2559 1606 2619 conteguntur,
1650 2568 1716 2605 ne

168 2640 264 2694 hinc
287 2641 573 2711 abjiciaris.
605 2642 844 2710 Cumque
871 2645 1322 2712 apprehenderes,
1344 2644 1563 2700 laxabas
1590 2661 1713 2700 eum

167 2746 314 2797 manu,
340 2743 393 2788 et
418 2749 525 2788 non
549 2733 770 2788 viriliter
800 2735 1097 2789 detinebas.
1133 2736 1242 2806 Ego
1287 2750 1418 2791 vero
1458 2736 1714 2805 expansis

165 2826 406 2891 manibus,
439 2834 630 2880 contra
659 2835 842 2894 peetus
873 2829 1011 2895 regis
1035 2840 1209 2879 meum
1234 2837 1415 2895 pectus
1444 2827 1710 2895 aptabant,

162 2916 319 2972 dicens
343 2936 356 2971 :
380 2918 503 2973 Noli
526 2918 724 2989 ejicere
747 2918 883 2972 hunc
899 2919 1167 2974 hominem
1189 2920 1256 2974 de
1272 2919 1487 2974 basilica
1506 2930 1709 2986 sancta,

160 3025 214 3064 ne
250 3013 370 3066 vitae
416 3012 711 3082 periculum
765 3013 1003 3080 patiaris,
1056 3027 1123 3066 ne
1174 3022 1225 3067 te
1250 3002 1467 3068 sanctus
1492 3013 1713 3067 antistes

1821 1804 2028 1871 publica
2058 1806 2353 1876 lnjuriosus
2392 1824 2454 1863 ex
2486 1811 2705 1879 vicario,
2737 1828 2798 1868 ex
2828 1818 3023 1872 comite
3053 1834 3182 1874 vero
3211 1821 3390 1875 Euno-
3480 1846 3487 1853 ι

1818 1899 1957 1951 mins
1983 1898 2363 1967 deposuerant,
2402 1896 2629 1957 Turonis
2656 1905 2870 1961 advenit
2895 1925 2909 1961 :
2930 1911 3390 1982 interpellatisque

1818 1989 1966 2054 viris,
2009 1991 2416 2057 promissionem
2445 1994 2645 2067 accepit
2671 1996 2738 2050 de
2758 1996 2919 2067 3&9
2938 2000 3207 2054 reddendo
3231 2018 3391 2071 pecu.

1819 2080 1924 2133 nite
1968 2077 2174 2136 femore
2213 2097 2333 2136 cum
2393 2086 2588 2152 usuris,
2639 2086 2938 2143 dicentibus
2986 2090 3087 2144 sibi
3136 2104 3389 2160 praeterea

1820 2172 1949 2242 ipsis
1975 2191 1987 2225 :
2018 2173 2076 2228 Si
2100 2174 2167 2229 ad
2198 2175 2415 2230 domum
2450 2187 2684 2232 nostram
2714 2182 2944 2246 veneris,
2968 2191 3021 2236 et
3045 2198 3162 2253 qua:
3188 2185 3389 2240 deben-

1819 2274 1904 2318 tur
1932 2267 2282 2332 exsolvimus,
2313 2276 2367 2322 et
2394 2268 2516 2322 aliis
2540 2280 2590 2324 te
2610 2271 2941 2340 muneribus,
2998 2277 3135 2329 sicut
3177 2275 3391 2348 dignum

1819 2370 1920 2425 ost,
1951 2360 2294 2413 honoramus.
2323 2360 2401 2413 Eo
2428 2375 2639 2430 quoque
2666 2371 2844 2430 eunte,
2875 2365 2944 2419 ab
2973 2364 3236 2437 Injurioso
3276 2383 3391 2425 sus.

1816 2445 2044 2519 eipitur,
2093 2464 2147 2506 et
2202 2453 2445 2507 convivio
2497 2453 2818 2521 collocatur;
2849 2458 3169 2531 expletoqne
3215 2463 3392 2530 epulo,

1820 2546 2282 2615 appropinquante
2324 2556 2506 2612 nocte,
2563 2550 2816 2604 commoti
2847 2552 2917 2604 ab
2943 2552 3131 2609 eodem
3181 2554 3299 2610 loco
3327 2557 3391 2611 ad

1818 2640 1979 2693 alium
2014 2648 2312 2694 transeunt.
2332 2641 2502 2706 Tunc,
2536 2652 2589 2695 ut
2616 2640 2813 2707 ferunt,
2841 2643 3010 2699 Judaei
3035 2661 3154 2700 cum
3185 2647 3393 2704 dnobns

1817 2729 2136 2785 Christianis
2165 2731 2232 2786 ab
2261 2728 2503 2800 Injuriosi
2533 2730 2835 2788 hominibus
2874 2734 3161 2804 interfecti,
3211 2739 3262 2791 in
3294 2754 3391 2808 pn-

1821 2832 1986 2888 teum,
2017 2823 2106 2892 qui
2137 2823 2464 2891 propinquus
2493 2832 2607 2877 erat
2635 2824 2816 2879 domui
2840 2824 2979 2894 ejus,
3004 2827 3225 2897 projecti
3246 2841 3391 2888 sunt.

1818 2912 2027 2969 Auditis
2055 2915 2135 2969 his
2167 2925 2414 2984 parentes
2438 2932 2619 2972 eorum
2645 2933 2765 2986 quae
2790 2926 2935 2988 gesta
2968 2920 3197 2989 fuerant,
3220 2923 3391 2980 Ture-

1821 3007 1904 3063 nis
1933 3008 2287 3075 advenerunt,
2319 3010 2552 3077 datoque
2573 3011 2890 3079 quibusdam
2922 3013 3225 3070 hominibus
3255 3017 3394 3072 indi-

159 3101 299 3174 348
345 3078 441 3158 sua
492 3105 690 3158 virtute
714 3078 1001 3159 confodiat.
1050 3105 1169 3158 Noli
1202 3115 1253 3158 te
1281 3104 1497 3174 proprio
1536 3104 1713 3173 jacqu
1742 3078 1790 3142 (ἶ
1821 3101 1905 3155 cio
1934 3111 2151 3169 puteum
2174 3100 2471 3171 reperiunt,
2515 3103 2768 3173 virosque
2806 3104 3113 3171 extrahunt,
3164 3108 3392 3165 multum

154 3196 449 3249 interimere
481 3212 494 3247 :
531 3195 652 3264 quia
679 3194 780 3249 hoc
807 3195 853 3249 si
882 3192 1090 3260 feceris,
1141 3196 1388 3263 praesenti
1419 3197 1525 3249 vita
1558 3203 1717 3249 aeter-

156 3304 309 3359 uaque
331 3288 565 3344 carebis.
598 3288 703 3344 Sed
734 3304 854 3344 cum
884 3304 974 3343 rex
1001 3287 1134 3343 mihi
1164 3288 1459 3354 resisteret,
1494 3296 1547 3342 tu
1570 3289 1717 3341 laxa-

146 3380 231 3437 bas
257 3383 497 3452 pallium,
560 3394 615 3437 et
654 3392 773 3452 post
818 3396 905 3438 me
954 3382 1226 3437 veniebas.
1275 3381 1385 3452 Ego
1415 3397 1537 3435 vero
1564 3383 1717 3438 valde

144 3476 227 3529 tibi
253 3477 519 3531 molestus
544 3490 711 3529 erant.
752 3477 991 3545 Cumque
1017 3484 1314 3531 reverteres
1338 3475 1404 3529 ad
1444 3473 1714 3539 altarium,

141 3568 575 3635 apprehendebas
596 3560 834 3636 pallium,
855 3569 949 3623 sed
966 3584 1172 3624 rursum
1196 3570 1554 3639 relinquebas.
1584 3571 1716 3625 Dum

147 3659 238 3713 hoc
264 3667 320 3713 tu
352 3659 534 3727 tepide
561 3662 842 3725 retineres,
883 3669 937 3715 et
974 3674 1073 3729 ego
1099 3660 1322 3714 viriliter
1359 3661 1469 3730 regi
1500 3664 1716 3715 resiste-

144 3766 269 3817 rem,
295 3750 547 3823 evigilavi
579 3766 772 3820 pavore
798 3753 1140 3817 conterritus,
1169 3753 1385 3824 ignarus
1410 3754 1534 3823 quid
1576 3770 1717 3807 snm-

144 3842 279 3896 nium
304 3843 590 3897 indicaret.
646 3841 809 3912 Igitur
852 3858 970 3897 cum
1017 3844 1065 3897 ei
1091 3844 1193 3898 ista
1237 3858 1562 3908 narrassem,
1596 3846 1711 3898 ait:

147 3934 335 3990 Verum
365 3945 451 3990 est
480 3934 745 3989 somnium
775 3934 914 4005 quod
939 3935 1140 4003 vidisti,
1172 3936 1312 4005 quod
1343 3936 1493 3989 valde
1522 3938 1719 4006 engita-

138 4027 270 4082 tioni
296 4044 436 4084 mete
464 4027 774 4082 concordat.
805 4027 903 4082 Cui
932 4042 1031 4099 ego
1065 4044 1078 4082 :
1118 4026 1322 4098 Ecquid
1358 4028 1582 4098 providit
1623 4043 1717 4083 co-

146 4118 323 4185 gitatio
354 4128 446 4172 tua
471 4118 495 4171 ?
525 4118 590 4172 Et
617 4119 707 4172 ille
738 4135 752 4173 :
790 4118 1169 4184 Deliberatum,
1199 4120 1389 4189 inquit.
1419 4119 1577 4175 habui
1602 4161 1618 4185 ,
1662 4132 1719 4174 ιιι

148 4210 181 4261 ;i
213 4224 301 4262 me
330 4226 429 4263 rex
459 4209 527 4262 ab
553 4208 654 4264 hoc
682 4209 798 4264 loeti
822 4208 1039 4278 juberet
1068 4210 1295 4273 extrahi,
1327 4211 1394 4263 ab
1426 4225 1526 4265 una
1558 4228 1717 4266 manu

139 4300 304 4361 pallas
324 4301 516 4354 altaris
539 4308 800 4363 tenerem,
826 4300 894 4353 ab
919 4300 1022 4354 alia
1047 4316 1192 4361 vero,
1216 4302 1500 4371 evaginato
1519 4300 1715 4370 gladio,

136 4398 191 4444 te
223 4394 374 4459 prius
406 4392 705 4457 interfecto,
756 4402 1192 4464 quantoscunque
1218 4396 1470 4463 deinceps
1496 4395 1717 4451 clericos

1821 3203 2051 3262 negante
2077 3190 2357 3261 Injurioso,
2412 3193 2552 3263 quod
2584 3194 2636 3247 in
2680 3194 2778 3250 hac
2799 3210 2959 3252 causa
2987 3213 3093 3252 non
3117 3196 3293 3255 fuerat
3315 3201 3396 3255 in.

1821 3286 2087 3354 quinatus.
2126 3284 2367 3339 Posthtec
2398 3285 2450 3339 in
2489 3286 2743 3354 judicium
2775 3288 2947 3354 venit;
2974 3289 3069 3344 sed
3090 3304 3211 3345 cum
3242 3290 3396 3346 forti-

1821 3384 1903 3429 ter
1935 3383 1996 3441 s,
2032 3375 2368 3439 ntdiximus,
2399 3376 2706 3448 denegaret,
2755 3388 2810 3435 et
2862 3378 2915 3433 hi
2973 3395 3079 3435 non
3139 3382 3398 3440 baberent

1821 3466 2051 3537 qualiter
2078 3483 2200 3523 eum
2230 3469 2548 3525 convincere
2569 3478 2805 3539 possent,
2831 3470 3122 3540 judicatum
3148 3482 3232 3528 est
3260 3483 3315 3528 ut
3334 3489 3397 3530 se

1821 3560 2088 3615 insontem
2136 3561 2385 3617 redderet
2431 3572 2790 3618 sacramento.
2858 3564 2963 3619 Sed
3017 3580 3117 3621 nec
3168 3566 3268 3623 hoc
3315 3568 3395 3624 his

1821 3651 2305 3722 acquiescentibus,
2356 3652 2607 3721 placitum
2652 3654 2705 3708 in
2737 3654 2877 3724 regis
2907 3652 3234 3711 Childeberti
3269 3674 3396 3726 prte-

1821 3744 1990 3799 sentia
2022 3751 2330 3813 posuerunt.
2360 3742 2736 3797 Verumtamen
2766 3760 2935 3813 neque
2956 3746 3195 3813 pecunia,
3223 3763 3395 3817 neque

1821 3836 2097 3890 cautiones
2116 3833 2289 3889 Judaei
2318 3833 2556 3889 defuncti
2586 3843 2816 3903 reperta:
2837 3845 2982 3890 sunt.
3014 3836 3395 3907 Loquebantur

1823 3937 1948 3981 tunc
1975 3925 2128 3980 multi
2159 3924 2432 3979 hominum
2486 3925 2792 3980 Medardum
2837 3928 3108 3982 tribunum
3140 3927 3161 3964 δ
3192 3930 3245 3984 in
3294 3931 3395 3987 hoc

1820 4018 2027 4073 scelere
2054 4016 2270 4071 mistum
2299 4016 2489 4081 fuisse,
2519 4032 2585 4072 eo
2613 4017 2756 4087 quod
2804 4028 2856 4074 et
2887 4019 3002 4089 ipse
3030 4036 3059 4075 a
3083 4020 3269 4076 Iudaeo
3298 4037 3394 4093 pe-

1820 4110 2033 4167 cuniam
2066 4118 2378 4165 mutuassct.
2430 4110 2723 4179 lnjuriosus
2762 4119 2938 4167 tamen
2972 4113 3038 4168 ad
3062 4114 3311 4183 placitum
3342 4119 3394 4172 in

1820 4216 2110 4273 conspectu
2140 4204 2283 4273 regis
2302 4203 2625 4259 Childeberti
2651 4204 2885 4271 advenit,
2941 4216 2996 4262 et
3036 4222 3132 4275 per
3161 4209 3392 4267 triduum

1820 4315 1990 4368 usque
2011 4300 2077 4354 ad
2120 4313 2365 4354 occasum
2421 4298 2549 4354 solis
2582 4297 2954 4355 iobservavit.
3004 4301 3106 4358 Sed
3162 4318 3281 4358 cum
3340 4306 3395 4361 lti

1822 4405 1927 4444 non
1953 4388 2246 4455 venissent,
2300 4402 2473 4458 neque
2498 4390 2565 4444 de
2594 4404 2750 4446 causa
2780 4391 2879 4446 hac
2909 4393 2976 4447 ab
3003 4393 3111 4448 ullo
3138 4394 3395 4465 interpel-

137 4456 459 4547 reperissem
488 4524 503 4547 ,
564 4482 614 4534 in
666 4456 891 4536 mortem
942 4456 1355 4552 prosternerem.
1411 4456 1540 4537 'Nec
1588 4485 1715 4539 mihi
1749 4456 1797 4515 θ
1823 4482 1963 4536 latus
1990 4482 2194 4549 fuisset,
2229 4482 2292 4535 ad
2318 4482 2532 4551 propria
2559 4482 2736 4538 rediit.

137 4574 377 4627 Posthac
405 4573 729 4639 eratinjuria
759 4573 903 4626 letho
925 4574 1291 4636 succumbere,
1345 4576 1388 4628 si
1450 4575 1517 4629 de
1562 4574 1716 4643 hujus

155 4672 311 4719 sancti
337 4666 553 4721 clericis
575 4667 870 4733 acciperem
914 4665 1188 4721 ultionem.
1221 4669 1342 4723 Hmc
1371 4685 1470 4739 ego
1497 4672 1717 4725 audiens

135 4763 466 4824 Etstupens,
519 4756 825 4809 admirabar
852 4758 992 4826 quod
1037 4767 1171 4826 erat,
1220 4762 1340 4827 quia
1374 4777 1465 4828 per
1495 4777 1556 4816 os
1601 4764 1717 4831 ejus

142 4846 389 4904 diabolus
421 4850 759 4919 loquebatur;
794 4864 1060 4918 nunquam
1092 4853 1233 4905 enim
1266 4853 1317 4905 in
1351 4854 1515 4907 Deum
1553 4854 1714 4908 ullum

219 4996 247 5063 ξ
285 4987 434 5063 Bec.,
484 4984 875 5063 presbyterium,
921 5002 1022 5057 qua
1054 5004 1183 5063 voce
1204 5004 1389 5045 omnes
1422 4992 1715 5063 presbyteri

144 5059 236 5173 {tui
285 5059 507 5113 aderant
552 5060 992 5130 designarentur;
1034 5060 1126 5113 sed
1176 5073 1353 5114 nostra
1405 5059 1561 5115 lectio
1583 5059 1712 5120 'me-

174 5142 247 5181 lOl'
276 5141 375 5181 ρει.

221 5168 247 5235 ί)
407 5198 558 5263 Bad.;
589 5198 740 5253 Colb.
766 5214 862 5260 m.,
884 5200 1019 5265 quod
1046 5202 1108 5253 ab
1135 5199 1265 5264 hoc;
1306 5199 1431 5261 CIL,
1481 5203 1549 5254 ad
1581 5203 1712 5270 hoc;

146 5270 323 5341 czeterj
348 5284 464 5324 cum
493 5271 635 5333 Bec.,
660 5286 759 5341 quo
779 5272 846 5341 ad
866 5286 979 5324 nos.

226 5349 247 5376 ε
284 5337 439 5395 Facta
470 5337 744 5394 oblatione
775 5339 826 5412 in
882 5341 1038 5394 Missa
1068 5343 1345 5412 presbyter
1386 5357 1450 5394 ex
1496 5345 1707 5407 oblatis.

154 5417 395 5470 quantum
438 5413 567 5466 satis
593 5419 712 5464 erat
740 5411 806 5464 ad
854 5412 1165 5465 sacrilicinm
1200 5411 1537 5481 fideliumque
1560 5432 1709 5471 cum-

155 5483 470 5552 tnunionem,
522 5483 853 5552 assumebat,
911 5483 1049 5551 quod
1076 5484 1413 5552 contegebat
1455 5485 1587 5551 palla
1618 5502 1712 5539 seu

156 5550 311 5609 pallio
336 5554 536 5607 altaris.
599 5551 733 5605 Vide
765 5551 857 5606 lib.
890 5565 905 5603 t
934 5550 999 5606 de
1029 5551 1230 5625 Liturg.
1259 5550 1479 5621 'Gallic.,
1513 5570 1628 5624 cap.
1658 5556 1711 5621 5,

158 5630 296 5675 Ituttt.
328 5630 405 5676 ll).

232 5639 296 5675 Ill.
392 5664 405 5676 .

226 5691 248 5727 ά
284 5626 615 5751 ϐἔὲιῐηυιιιιιι
680 5693 780 5747 viri
834 5706 1024 5749 nomen
1054 5694 1323 5763 proprium
1374 5692 1535 5752 fuisse
1565 5708 1713 5762 putat

1893 4574 2084 4631 XXIV.
2125 4577 2281 4631 Anno
2324 4576 2481 4646 igitur
2518 4575 2722 4631 decino
2759 4576 3083 4635 Childeberti
3124 4583 3261 4652 regis
3299 4599 3394 4637 rex

1824 4670 2255 4725 Guntchramnus
2291 4670 2570 4725 commotis
2607 4670 2851 4741 gentibus
2875 4675 3023 4745 regni
3042 4676 3123 4729 sui
3148 4690 3393 4745 maguum

1820 4762 1996 4829 junxit
2031 4762 2348 4818 exercitum.
2384 4762 2488 4817 Sed
2528 4777 2648 4830 pars
2687 4764 2857 4832 major
2885 4782 3005 4821 cum
3044 4768 3389 4822 Aurelianen-

1823 4852 1970 4907 sibus
2020 4861 2179 4920 atque
2226 4850 2470 4907 Bituricis
2513 4853 2782 4910 Pietavum
2829 4857 3010 4925 petiit;
3057 4866 3393 4914 excesserant

1824 4989 2116 5044 Alteserra.

1898 5069 1921 5097 ε
1964 5059 2103 5113 Editi
2130 5067 2188 5112 ut
2216 5057 2521 5126 plurimum,
2552 5074 2664 5125 qua?
2682 5058 2757 5112 in.
2786 5058 2921 5113 Vide
2940 5071 3057 5127 cap.
3089 5058 3197 5112 9.9:

1900 5128 1919 5167 τ
1962 5131 2122 5183 Deest
2150 5131 2251 5183 hoc
2270 5139 2428 5194 caput
2457 5129 2507 5180 in
2531 5127 2683 5183 Colb.
2713 5143 2763 5180 a.
2793 5139 2845 5183 et
2877 5128 2993 5182 Vat.

1893 5209 1919 5247 8
1958 5200 2091 5255 Vide
2118 5197 2422 5253 Marculfum
2451 5198 2569 5251 libri
2598 5213 2633 5263 ι,
2660 5196 2881 5250 formula
2911 5199 2999 5253 58.

1890 5269 1918 5309 ιι
1958 5272 2012 5326 Id
2033 5279 2113 5324 est
2135 5269 2453 5323 tributorum
2479 5278 2804 5333 exactorem,
2822 5277 2877 5322 ut
2904 5269 3281 5337 interpretatur
3306 5274 3391 5328 Al.

1821 5352 2042 5398 teserra.

1897 5412 1911 5450 ί
1956 5413 2070 5482 Mos,
2084 5419 2199 5465 erat
2223 5418 2279 5482 ut
2298 5408 2410 5482 sole
2430 5406 2702 5482 occidente
2718 5406 2908 5482 placita
2934 5410 3227 5482 linirentur,
3250 5419 3391 5482 quod

1818 5485 1976 5538 etiam
2006 5481 2123 5553 aliis
2153 5480 2450 5553 nationibus
2475 5479 2718 5553 solemne
2726 5479 2900 5553 fuisse
2923 5481 3168 5553 observat
3199 5479 3392 5553 liigttn.

1824 5558 1937 5608 nins
1959 5554 2009 5607 in
2040 5551 2132 5606 lib.
2160 5567 2174 5604 ι
2204 5550 2461 5623 Marculfi,
2486 5551 2639 5623 fo_rm.
2668 5550 2757 5605 57.
2779 5550 2851 5605 De
2875 5550 3085 5618 placito,
3110 5552 3178 5606 les
3203 5550 3386 5623 planis,

1821 5644 1885 5679 cu
1916 5625 2137 5745 (tnger
2158 5624 2279 5675 vide
2305 5622 2482 5693 Cangii
2512 5620 2860 5687 Glossarium,
2889 5634 2940 5677 et
2969 5638 3125 5695 supra
3169 5620 3277 5679 not-
3328 5632 3389 5679 all

1823 5714 1939 5745 tan.
1973 5732 2000 5745 υ
2087 5711 2098 5745 I
2142 5733 2156 5745 .
2194 5710 2265 5745 Vl.

1823 5714 1939 5760 cap.
1972 5696 2038 5748 7.1:
2068 5696 2156 5749 lib.
2194 5710 2265 5748 γι.
