3942 6190
606 287 698 342 Mil

1598 269 1656 325 S.
1698 264 2022 324 GREGORII
2064 262 2367 321 EPISCOPI
2409 260 2837 321 TURONENSIS

3742 268 3830 321 43‘.

601 396 741 451 enim
790 392 858 447 de
903 390 1004 443 lide
1044 401 1199 459 quam
1233 384 1344 453 regi
1397 381 1767 450 promiserant.
1820 376 2180 443 Miserumque
2208 378 2259 434 A
2286 383 2336 428 te
2365 390 2492 446 ergo
2524 380 2713 445 parati,
2739 386 2791 432 et
2812 378 2855 431 si
2877 377 3104 432 voluerit
3134 377 3441 433 Desiderius
3481 380 3587 434 dux
3618 378 3743 435 hanc
3762 398 3834 435 ca-

608 488 751 558 prins
790 486 1134 552 legationem,
1165 488 1225 531 ut
1254 476 1445 531 scirent
1482 486 1655 527 utrum
1695 470 2092 539 susciperentur
2117 469 2184 522 ab

602 583 707 647 his,
729 596 794 634 an
818 594 943 633 non.
978 574 1082 630 Sed
1100 574 1381 641 episcOpus
1401 568 1521 633 loci,
1549 566 1821 620 Maroveus
1840 572 1891 628 ³,
1912 560 2043 615 dure
2063 574 2182 613 sus-

599 672 741 741 cepit
772 671 872 725 hos
907 666 1142 724 nuntios.
1188 667 1257 718 At
1294 662 1369 717 illi
1399 660 1534 715 infra
1578 656 1863 712 terminum
1916 654 2137 720 ingressi
2166 694 2181 717 ,

600 765 832 834 praedas,
859 760 1123 824 incendia,
1148 767 1307 827 atque
1335 752 1619 809 homicidia
1642 748 1924 804 faciebant.
1961 746 2019 798 lli
2056 759 2184 797 vero

600 858 688 925 qui
730 870 850 909 cum
878 852 1056 922 praeda
1088 847 1513 910 revertebantur,
1546 841 1707 912 350
1738 854 1832 908 per
1859 837 2181 893 Turonicum

604 924 961 1011 transeuntes,
993 943 1239 996 similiter
1272 938 1377 993 illis
1404 937 1491 1004 qui
1519 934 1630 1003 jam
1665 935 1996 985 sacramenta
2022 924 2184 980 dede-

602 1049 741 1104 rant,
767 1037 1030 1092 faciebant
1059 1052 1073 1088 :
1098 1034 1168 1088 ita
1196 1040 1253 1086 ut
1280 1030 1410 1099 ipsae
1436 1038 1648 1096 quoque
1670 1019 1911 1076 ecclesiae
1933 1016 2185 1071 incende-

602 1142 809 1199 rentur,
841 1139 894 1185 et
916 1138 1244 1197 qumcunqtte
1268 1119 1508 1175 invenire
1538 1114 1855 1183 potuissent,
1886 1109 2182 1178 diripereno

601 1236 719 1289 tur;
747 1221 887 1293 quod
910 1220 1104 1289 smpius
1131 1226 1308 1270 actum
1347 1220 1449 1276 est,
1478 1207 1604 1263 dum
1638 1205 1712 1259 illi
1739 1203 1803 1257 ad
1833 1216 2014 1271 regem
2044 1214 2184 1268 aegre

601 1322 1058 1374 converterentur.
1083 1308 1191 1366 Sed
1220 1322 1340 1361 cum
1366 1302 1635 1368 exercitus
1666 1298 1884 1369 propius
1908 1296 1973 1349 ad
1997 1294 2181 1349 urbem

600 1409 899 1473 accederet,
919 1414 972 1460 et
994 1403 1103 1473 jam
1126 1415 1249 1469 pars
1272 1396 1501 1452 maxima
1524 1390 1756 1461 regionis
1779 1390 2046 1442 devastata
2066 1401 2183 1439 cer-

604 1511 843 1561 neretur,
878 1506 1003 1549 tunc
1031 1492 1292 1545 miserunt
1316 1484 1551 1550 nuntios,
1579 1480 1761 1535 lideles
1786 1493 1845 1532 se
1877 1477 1986 1547 regi
2014 1476 2182 1531 Gunt-

599 1592 858 1650 chramno
884 1584 1135 1639 fatentes.
1172 1584 1238 1636 At
1270 1578 1345 1634 illi
1382 1576 1518 1630 infra
1550 1587 1732 1627 muros
1763 1569 1913 1623 urbis
1957 1566 2179 1631 recepti,

608 1694 771 1750 super
792 1677 1099 1746 episcopum
1126 1672 1420 1730 irruerunt,
1466 1664 1704 1719 dicentes
1748 1675 1869 1714 eum
1917 1658 2179 1750 infidelem

2289 466 2582 525 Iamitatem
2634 468 2885 521 inducere
2936 484 3096 536 super
3148 485 3264 533 nos,
3316 471 3478 525 simili
3528 481 3586 525 ut
3631 474 3834 542 Sigulfus

2290 565 2433 610 sorte
2462 558 2750 625 depereat;
2784 560 2956 629 sitque
2996 561 3242 615 omnibus
3284 562 3611 630 exemplum,
3654 580 3715 618 ne
3738 567 3835 634 quis

2286 660 2687 717 extraneorum,
2714 650 3039 707 Francorum
3063 668 3283 722 regnum
3308 654 3503 710 audeat
3524 656 3737 712 violare.
3762 658 3838 711 llis

2285 742 2353 795 ita
2413 744 2786 799 resistentibus
2833 753 2886 800 et
2908 744 3107 800 bellum
3163 747 3495 814 parantibus,
3552 734 3838 803 adveniente

2287 833 2638 890 Gundovaldo
2660 852 2780 891 cum
2806 852 2999 908 magno
3016 839 3277 904 exercitu,
3300 853 3421 893 cum
3446 840 3703 894 vidissent
3721 840 3836 910 quod

2284 926 2550 982 sustinere
2597 944 2700 983 non
2751 937 2988 998 possent,
3036 940 3389 999 susceperunt
3434 946 3579 985 eum.
3628 932 3840 986 Posthac

2283 1032 2404 1073 cum
2434 1020 2499 1073 ad
2541 1020 2846 1075 convivium
2878 1022 2932 1076 in
2961 1021 3120 1078 domo
3158 1023 3405 1078 ecclesia
3445 1025 3722 1094 episcopus
3756 1039 3839 1079 una

2284 1123 2403 1164 cum
2435 1110 2785 1166 Gundovaldo
2815 1113 3095 1179 resideret,
3144 1115 3218 1168 ait
3250 1131 3265 1169 :
3298 1114 3491 1171 Filium
3539 1126 3591 1173 te
3619 1117 3840 1171 Chlotha-

2285 1200 2453 1256 charii
2483 1203 2625 1272 regis
2665 1204 2891 1270 asseris,
2938 1206 3031 1260 sed
3074 1216 3252 1261 utrum
3281 1209 3352 1263 sit
3390 1224 3598 1273 verum,
3631 1226 3695 1265 an
3736 1227 3839 1275 non,

2284 1293 2610 1363 ignoramus.
2644 1294 2709 1348 Et
2736 1296 2783 1350 si
2816 1297 2986 1365 possis
3017 1297 3286 1354 vindicare
3329 1309 3525 1367 coepta,
3560 1301 3842 1355 incredibile

2284 1386 2511 1442 habetur
2536 1387 2676 1455 apud
2710 1388 2919 1443 animos
2951 1400 3184 1444 nostros.
3214 1392 3282 1445 At
3309 1390 3399 1445 ille
3434 1392 3507 1445 ait
3542 1408 3556 1443 :
3591 1393 3700 1463 Ego
3726 1396 3841 1463 regis

2284 1478 2675 1534 Chlmhacharii
2718 1494 2833 1533 sum
2879 1481 3046 1547 filius,
3091 1491 3144 1536 et
3200 1494 3406 1551 partem
3438 1486 3588 1555 regni
3634 1486 3699 1541 de
3734 1502 3845 1555 pra:-

2285 1575 2425 1627 sentl
2475 1587 2593 1628 sum
2646 1582 3014 1642 percepturus,
3064 1586 3117 1628 et
3146 1584 3314 1645 usque
3356 1576 3589 1631 Parisms
3620 1580 3847 1633 velocrter

2286 1664 2556 1731 accedam,
2585 1676 2638 1720 et
2677 1665 2747 1720 ibi
2780 1667 2963 1721 sedem
2992 1667 3138 1738 regni
3179 1678 3428 1722 statuam.
3461 1669 3563 1723 Cui
3594 1672 3848 1740 episcopus

610 1746 750 1827 esse.
770 1769 864 1824 Ille
890 1779 1019 1821 vero
1039 1777 1159 1817 cum
1185 1774 1243 1815 se
1263 1759 1330 1812 ab
1349 1757 1430 1811 his
1451 1761 1695 1809 cerneret
1722 1758 2073 1813 coarctatum,
2100 1746 2180 1801 ef-
2215 1751 2263 1811 B
2289 1760 2363 1813 ait
2396 1776 2406 1811 :
2444 1757 2714 1823 verumne
2735 1768 2817 1814 est
2844 1775 2995 1831 ergo,
3027 1762 3169 1830 quod
3198 1762 3373 1817 nullus
3401 1763 3468 1817 de
3510 1763 3677 1834 stirpe
3705 1766 3849 1819 pm.

622 1872 769 1918 racto
818 1872 923 1914 uno
957 1855 1026 1911 de
1072 1851 1241 1907 sacris
1274 1846 1587 1905 ministeriis
1616 1843 1783 1898 calice
1822 1852 2007 1905 aureo,
2038 1851 2092 1895 et
2131 1838 2180 1891 in

598 1954 922 2012 nomismata
952 1946 1193 2010 redacto,
1233 1957 1292 1997 se
1322 1938 1683 2011 populumque
1722 1933 1942 1989 redemit
1963 1930 2010 1987 δ.

668 2044 838 2101 XXV.
880 2038 1235 2097 Marileifumc
1267 2048 1426 2097 vero,
1472 2029 1562 2101 qui
1610 2029 1812 2096 primus
1851 2025 2181 2079 medicorum

596 2140 650 2194 in
680 2139 839 2193 domo
865 2130 1152 2201 Cbilperici
1174 2127 1316 2196 regis
1343 2124 1556 2177 habitus
1582 2120 1771 2185 fuerat,
1801 2117 2183 2172 ardentissime

598 2231 830 2292 vallant;
862 2235 916 2279 et
940 2225 1030 2293 qui
1070 2222 1179 2291 jam
1210 2235 1238 2272 a
1267 2216 1522 2273 Gararico
1561 2213 1696 2267 duce
1736 2209 1893 2265 valde
1930 2209 2181 2277 spoliatus

596 2322 792 2382 fuerat,
820 2319 888 2373 ab
920 2318 1002 2370 his
1032 2316 1221 2367 iterum
1261 2309 1578 2372 denudatur,
1612 2305 1681 2358 ita
1714 2314 1770 2356 ut
1796 2301 1939 2356 nulla
1965 2301 2013 2355 ei
2051 2298 2181 2353 sub-

597 2416 798 2472 stantia
824 2417 1147 2467 remaneret.
1182 2405 1358 2471 Equos
1380 2413 1589 2470 quoque
1613 2396 1753 2465 ejus,
1780 2409 1965 2447 aurum
1997 2406 2184 2461 argen-

597 2520 841 2576 tumque,
872 2503 985 2556 sive
1024 2498 1229 2567 Species
1260 2508 1392 2564 quas
1422 2490 1672 2545 meliores
1700 2485 1949 2546 habebat,
1984 2484 2183 2551 pariter

597 2599 921 2659 auferentes,
955 2595 1125 2663 ipsum
1172 2587 1363 2644 ditioni
1393 2582 1770 2641 ecclesiasticm
1802 2578 2173 2633 subdiderunt.

597 2691 886 2750 Servitium
922 2688 1059 2742 enim
1093 2684 1259 2754 patris
1286 2681 1401 2751 ejus
1432 2679 1537 2733 tale
1572 2676 1763 2741 fuerat,
1794 2682 1853 2728 ut
1876 2671 2181 2727 molendina

598 2782 961 2841 ecclesiastica
1000 2777 1260 2839 studeret,
1291 2773 1593 2839 fratresque
1631 2783 1693 2822 ac
1723 2764 2058 2829 consobrini,
2088 2765 2175 2817 vel

598 2878 788 2948 reliqui
849 2881 1097 2944 parentes
1143 2865 1379 2925 culinisd
1424 2864 1707 2921 dominicis
1755 2870 1913 2931 atque
1955 2858 2183 2930 pistrino

596 2972 821 3042 subjecti
847 2977 999 3024 erant

666 3063 856 3117 XXVI.
900 3058 1280 3115 Gundovaldus
1317 3070 1442 3109 vero
1471 3054 1741 3108 Pictavum
1780 3049 2038 3107 accedere
2083 3065 2179 3103 vo-

2288 1864 2470 1905 corum
2502 1851 2782 1918 remansit,
2823 1853 2867 1906 si
2902 1863 2955 1906 tu
2985 1868 3106 1922 quae
3147 1853 3281 1908 dicis
3322 1855 3628 1922 impleveris
3664 1856 3686 1908 ?
3732 1857 3851 1911 Inter

2288 1940 2384 1996 has
2430 1942 2833 2013 altercationes,
2872 1958 2992 1998 cum
3024 1947 3138 2000 haec
3170 1945 3487 2002 Mummolus
3516 1948 3849 2013 exaudisset,

2288 2038 2497 2092 elevata
2528 2053 2689 2094 manu
2720 2039 2889 2107 alapis
2916 2038 3108 2094 cecidit
3136 2041 3467 2109 episcopum,
3496 2042 3681 2098 dicens
3710 2060 3722 2095 :
3752 2043 3852 2098 Non

2289 2130 2450 2197 pudet
2485 2141 2541 2185 ut
2571 2137 2676 2186 tam
2716 2131 2949 2202 degener
2975 2143 3027 2187 et
3058 2133 3253 2189 stultus
3294 2133 3362 2187 ita
3404 2150 3599 2204 magno
3642 2138 3746 2204 regi
3784 2151 3854 2189 re-

2287 2224 2596 2292 spondeas?
2640 2226 2832 2281 Verum
2876 2226 2963 2280 ubi
2991 2238 3043 2281 et
3074 2227 3381 2283 Desiderius
3417 2229 3487 2285 de
3514 2231 3732 2285 consilio
3759 2233 3854 2298 epi-

2285 2318 2432 2386 scopi
2464 2321 2729 2387 comperit
2755 2335 2870 2388 quae
2909 2318 3120 2375 fuerant
3147 2321 3309 2386 dicta,
3342 2322 3418 2375 ira
3444 2334 3739 2377 commotus
3760 2339 3854 2375 uia-

2288 2424 2386 2463 nus
2420 2410 2470 2463 in
2515 2425 2635 2465 eum
2683 2412 2897 2479 injecit,
2929 2426 3232 2482 casumque
3264 2418 3621 2468 communiter
3665 2414 3853 2475 hastis,

2288 2503 2500 2570 pugnis,
2527 2512 2581 2558 et
2607 2504 2861 2567 calcibus,
2885 2519 2946 2557 ac
2976 2502 3104 2561 fune
3130 2504 3452 2571 revinctum,
3482 2510 3665 2561 exsilio
3713 2506 3855 2560 dam-

2288 2602 2572 2659 naverunt,
2602 2610 2688 2648 res
2717 2592 2853 2664 ejus,
2889 2603 2994 2650 tam
3023 2600 3267 2666 proprias
3297 2612 3450 2669 quam
3480 2596 3735 2663 ecclesias,
3786 2598 3855 2650 in-

2290 2695 2433 2752 tegre
2466 2685 2794 2741 auferentes.
2831 2686 3039 2741 Waddo
3072 2696 3272 2755 autem,
3302 2688 3392 2758 qui
3430 2695 3542 2742 erat
3575 2687 3742 2757 major
3772 2688 3855 2741 do-

2288 2790 2410 2830 mus
2446 2776 2643 2847 reginze
2672 2776 2976 2848 Riguntliis,
3010 2792 3070 2834 se
3109 2779 3311 2835 eisdem
3350 2781 3648 2849 copulavit;
3680 2781 3854 2851 reliqui

2286 2882 2413 2922 vero
2440 2869 2528 2937 qui
2553 2883 2673 2923 cum
2698 2885 2761 2922 eo
2792 2870 3059 2937 abierant,
3082 2887 3179 2941 per
3209 2856 3384 2941 fugam
3408 2870 3597 2942 dilapsi
3621 2881 3757 2928 sunt.

2360 2958 2589 3015 XXVIII.
2633 2960 2877 3015 Posthzec
2903 2963 3170 3017 exercitus
3200 2964 3266 3017 ab
3294 2965 3426 3019 urbe
3457 2966 3665 3019 Pictava
3696 2979 3851 3018 remo-

2288 3066 2391 3122 tus,
2422 3052 2667 3109 inanteah
2683 3038 2802 3125 post
2823 3055 3228 3111 Gundovaldnm
3262 3056 3639 3124 proficiscitur.
3666 3057 3850 3112 SeCuti~

596 3156 715 3218 luit,
743 3152 837 3207 sed
870 3150 1065 3204 timuit.
1099 3147 1355 3203 Audierat
1376 3146 1517 3199 enim
1541 3143 1649 3212 jam
1681 3153 1864 3197 contra
1894 3157 1952 3196 se
1975 3142 2176 3196 exerci-

2286 3165 2384 3218 que
2406 3156 2531 3203 sunt
2553 3163 2671 3202 eum
2694 3147 2761 3202 de
2790 3147 3072 3202 Turonicis
3094 3149 3241 3201 multi
3274 3148 3402 3201 lucri
3428 3164 3591 3204 causa
3615 3166 3628 3213 ;
3660 3150 3751 3203 sed
3781 3148 3849 3201 Pi-

597 3255 707 3299 tum
736 3240 1086 3296 commoveri.
1110 3239 1167 3293 In
1191 3237 1490 3292 civitatibus
1511 3237 1652 3290 enim
1673 3250 1791 3303 quze
1817 3233 2069 3301 Sigiberti
2097 3248 2180 3285 re-

595 3336 676 3404 gis
706 3334 936 3397 fuerant,
968 3347 1032 3385 ex
1070 3329 1284 3383 nomine
1315 3326 1453 3396 regis
1483 3324 1812 3399 Childebertj
1844 3332 2176 3377 sacramenta

595 3427 922 3497 suscipiebat
950 3442 963 3478 :
1014 3427 1067 3478 in
1105 3422 1321 3493 reliquis
1351 3435 1479 3473 vero
1508 3435 1624 3487 quae
1650 3428 1741 3472 aut
1768 3418 2175 3480 Guntcliramni,

592 3529 684 3576 aut
709 3516 992 3587 Chilperici
1024 3515 1250 3576 fuerant,
1278 3512 1494 3565 nomine
1519 3525 1636 3575 suo,
1654 3508 1791 3578 quod
1815 3509 1969 3562 fidem
2000 3523 2179 3562 serva-

592 3626 751 3679 rent,
779 3613 1053 3683 jurabant.
1110 3607 1350 3661 Posthacc
1382 3605 1703 3674 Egolismam
1733 3603 1977 3666 accessit,
2010 3616 2181 3654 susce-

592 3710 803 3778 ptisque
826 3700 1198 3763 sacramentis,
1232 3700 1630 3767 muneratisque
1673 3697 1962 3767 prioribus,
1989 3696 2175 3750 Petro-

591 3801 828 3871 goricnm
874 3794 1197 3867 aggreditur,
1240 3792 1473 3863 graviter
1502 3791 1811 3862 episcopum
1835 3800 1859 3828 ε
1889 3800 2012 3844 tunc
2041 3789 2178 3857 inju-

592 3893 790 3944 riatum
822 3889 1059 3957 reliquit,
1087 3900 1182 3954 pro
1202 3900 1265 3939 eo
1288 3884 1429 3955 quod
1451 3893 1732 3953 susceptus
1760 3883 1828 3939 ab
1850 3883 2037 3938 eodem
2072 3897 2175 3937 non

590 3983 797 4037 fuisset.

663 4072 876 4129 XXVII.
920 4072 1124 4127 Exinde
1150 4071 1400 4126 Tolosam
1429 4069 1725 4141 digressus,
1752 4070 1929 4125 emisit
1961 4071 2175 4123 nuntios

595 4163 662 4219 ad
694 4161 1057 4234 Magnulfumf
1094 4163 1251 4233 351
1284 4163 1592 4232 episcOpum
1624 4162 1875 4222 civitatis.
1918 4170 1976 4215 ut
2014 4160 2082 4213 ab
2111 4176 2176 4214 eo

596 4255 977 4322 susciperetur.
1000 4252 1108 4308 Sed
1137 4251 1228 4306 ille
1259 4268 1362 4305 non
1395 4254 1677 4306 immemor
1705 4251 1897 4321 prioris
1929 4250 2135 4318 injuriae
2155 4290 2170 4315 ,

588 4360 746 4411 quam
776 4360 869 4413 per
898 4342 1160 4413 Sigulfum
1181 4353 1205 4390 ες
1234 4345 1527 4412 quondam,
1556 4345 1643 4409 qui
1668 4358 1726 4396 se
1750 4344 1799 4396 in
1826 4359 2043 4411 regnum
2065 4343 2174 4396 ele-

586 4451 713 4490 vare
748 4436 939 4501 voluit,
989 4435 1309 4505 pertulerat,
1342 4436 1477 4488 dixit
1518 4436 1723 4489 civibus
1770 4436 1880 4489 suis
1912 4452 1925 4489 :
1962 4436 2170 4490 Scimus

2282 3242 2451 3296 clavis
2470 3257 2631 3309 super
2650 3256 2769 3295 eum
2789 3241 3111 3295 irruentibus
3142 3240 3322 3311 352,
3350 3242 3589 3296 nonnulli
3620 3243 3850 3294 interem-

2283 3334 2385 3403 pti,
2425 3333 2640 3403 plurimi
2671 3348 2798 3387 vero
2827 3332 3035 3401 Spoliati
3070 3334 3364 3388 redierunt.
3394 3334 3457 3387 Hi
3483 3344 3661 3388 autem
3690 3334 3771 3403 qui
3794 3330 3849 3384 de

2284 3427 2365 3478 his
2385 3424 2450 3479 ad
2475 3426 2769 3479 exercitum
2804 3425 2948 3493 prius
2984 3424 3279 3493 junxerant
3301 3422 3347 3488 ί,
3373 3428 3574 3494 pariter
3601 3426 3850 3480 abierunt.

2279 3517 2461 3587 Itaque
2494 3516 2757 3572 exercitus
2783 3518 2846 3570 ad
2877 3516 3266 3570 Dorononiami
3309 3516 3529 3570 fluvium
3572 3517 3847 3577 accedens,

2280 3610 2577 3679 praestolari
2608 3611 2791 3679 cmpit,
2825 3610 2947 3677 quid
2990 3610 3057 3664 de
3103 3609 3454 3664 Gundovaldo
3498 3622 3846 3679 cognosceret.

2279 3702 2373 3758 Cui
2402 3703 2535 3772 jam,
2583 3712 2639 3756 ut
2663 3718 2818 3770 supra
2850 3703 3047 3755 dictum
3084 3712 3185 3769 est,
3218 3704 3557 3757 adhaeserant
3581 3706 3689 3757 dux
3722 3703 3851 3757 Desi-

2280 3796 2460 3850 derius
2489 3804 2542 3849 et
2567 3795 2845 3848 Bladastes
2874 3809 2995 3847 cum
3027 3793 3305 3849 Waddone
3328 3795 3533 3864 majore
3562 3795 3752 3850 domus
3777 3794 3852 3847 lli-

2278 3886 2493 3957 gunthis
2519 3887 2736 3955 reginae.
2769 3884 2935 3938 Erant
2964 3886 3105 3939 enim
3137 3885 3291 3954 primi
3313 3900 3433 3939 cum
3460 3900 3528 3940 eo
3553 3885 3852 3955 Sagittarius

2277 3978 2559 4046 episc0pus
2588 3986 2638 4029 et
2681 3976 3018 4030 Mummolus.
3069 3976 3388 4045 Sagittarius
3428 3978 3571 4032 enim
3598 3980 3710 4046 jam
3742 3992 3850 4046 pro-

2278 4070 2588 4147 missionem
2615 4068 2684 4121 de
2714 4068 3022 4136 episcOpatu
3047 4068 3315 4123 To|0sano
3343 4083 3645 4140 acceperat.

2348 4158 2539 4214 XXIX.
2567 4160 2699 4213 Dum
2725 4169 2900 4214 autem
2930 4159 3045 4214 hmc
3076 4172 3379 4229 agerentur,
3406 4163 3551 4216 misit
3580 4178 3675 4216 rex
3699 4161 3851 4217 Gunt-

2274 4249 2562 4304 chramnus
2595 4250 2873 4305 Claudium
2922 4252 3231 4317 quemdam,
3264 4254 3449 4306 dicens
3480 4270 3494 4306 :
3528 4253 3582 4307 Si
3625 4254 3813 4307 abieris
3836 4295 3849 4316 ,

2275 4342 2465 4411 inquit,
2493 4352 2546 4397 et
2575 4344 2804 4413 ejectum
2838 4346 2904 4399 de
2936 4346 3153 4398 basilica
3178 4343 3204 4382 ¹ί
3233 4346 3538 4398 Eberulfum
3569 4359 3660 4400 aut
3690 4346 3854 4417 gladio

2274 4437 2631 4503 interemeris,
2661 4448 2752 4491 aut
2792 4440 2995 4493 catenis
3024 4438 3285 4503 vinxeris,
3314 4440 3518 4508 magnis
3547 4448 3598 4494 te
3622 4440 3853 4495 muneri-

586 4527 727 4579 enim
758 4541 937 4596 regem
985 4543 1104 4581 esse
1148 4525 1607 4580 Guntchramnum
1652 4540 1715 4579 ac
1762 4535 2009 4594 nepotem
2058 4527 2171 4595 ejus
2202 4521 2756 4595 Dbuslocupletabo;
2785 4540 3149 4583 verumtamen
3194 4545 3258 4584 ne
3287 4538 3485 4584 sanctte
3522 4530 3758 4587 basilica:
3783 4531 3854 4583 in-

585 4618 985 4674 Cnildebertum
1013 4636 1027 4675 :
1062 4620 1203 4675 hunc
1231 4630 1407 4675 autem
1435 4621 1702 4674 nescimus
1730 4619 1869 4673 unde
1897 4621 1985 4673 sit.
2018 4619 2172 4673 Esto-

658 4766 684 4793 ιι
724 4756 935 4821 Regm.,
973 4755 1255 4811 Meroveus.

658 4827 684 4865 δ
728 4829 853 4895 Ejus
884 4827 960 4882 rei
981 4827 1224 4896 exempla
1244 4827 1522 4881 laudantur
1546 4826 1639 4880 lib.
1670 4841 1687 4878 ι
1716 4825 1919 4896 Liturg.
1953 4826 2166 4893 Gallic.,

583 4916 700 5008 me.
725 4900 882 5024 geest
920 4970 1023 5023 hoc
1053 4976 1211 5031 caput
1236 4968 1286 5022 in
1316 4967 1435 5021 Vat.
1469 4977 1521 5023 et
1546 4967 1699 5021 Lolb.
1732 4984 1782 5021 a.
1813 4964 2007 5023 Confer
2039 4968 2164 5023 illud

582 5057 704 5095 cum
728 5042 818 5095 lib.
849 5056 879 5094 v
906 5056 1021 5109 cap.
1054 5040 1138 5093 M.
1165 5039 1319 5093 Cnlb.
1351 5056 1421 5091 m.
1456 5049 1512 5093 et
1540 5039 1689 5094 Alex.
1713 5038 1929 5106 habent,
1959 5038 2166 5110 Male/i-

582 5129 698 5184 cum
727 5115 1038 5184 t'ero...jom
1066 5127 1098 5163 α
1130 5110 1336 5170 Carico,
1364 5119 1468 5184 etc.

655 5180 682 5218 ἀ
722 5183 897 5237 Casin.
927 5179 987 5235 et
1014 5183 1224 5251 Begm.,
1257 5181 1472 5234 colonia.
1502 5179 1656 5235 Colb.
1692 5196 1787 5242 m.,
1820 5179 2018 5234 colim's.

658 5262 681 5289 ε
721 5253 769 5307 Is
797 5263 913 5310 erat
935 5249 1228 5315 Carterius,
1254 5254 1321 5305 de
1350 5268 1455 5320 quo
1490 5267 1647 5321 supra
1680 5252 1774 5306 lib.
1814 5266 1883 5313 vt,
1916 5266 2034 5315 cap.
2071 5249 2162 5303 2‘2.

586 5322 699 5395 Iloc
726 5324 839 5391 ipso
878 5342 1019 5379 anno
1062 5325 1375 5395 subscripsit
1403 5322 1568 5378 Conc.
1608 5324 1811 5377 Matisc.
1848 5337 1918 5388 ιι,
1949 5321 2086 5376 sicut
2113 5331 2168 5376 et

585 5392 822 5447 Nicasius
859 5396 1273 5451 Incultsmensis.

662 5459 679 5534 ἴ
722 5463 873 5518 Coll).
903 5483 980 5530 a.,
1015 5466 1379 5534 Maginultum.
1411 5464 1565 5520 Cnlb.
1604 5480 1674 5519 m.
1713 5464 2003 5531 eLchnL,
2048 5461 2163 5517 Ma-

581 5533 805 5598 nulfum.
839 5535 890 5589 In
919 5533 1151 5603 capitum
1183 5537 1354 5590 iudice
1394 5536 1446 5589 in
1490 5552 1616 5590 mss.
1646 5536 1838 5589 dicitur
1870 5535 2159 5603 Ayltﬂtlftts.

587 5605 880 5725 nl.;gtiiilfus
908 5607 1099 5661 dicitur
1142 5607 1194 5659 in
1224 5606 1389 5659 Cone.
1428 5608 1635 5662 Matisc.
1684 5604 1771 5658 cui
1810 5620 1902 5672 per
1936 5608 2159 5663 lega'utn

587 5687 641 5725 Ml
668 5686 918 5725 )SCI‘IDNIL

583 5677 918 5741 subscripsit.

658 5755 683 5793 κ
723 5747 804 5801 An
830 5746 876 5802 is
898 5743 1151 5813 Sigulfus,
1182 5744 1271 5809 qui
1300 5754 1445 5801 stans
1474 5760 1568 5816 pro
1594 5746 1861 5816 Sigiherto
1883 5746 2041 5816 paulo
2066 5762 2160 5802 an-

2274 4618 2468 4688 juriam
2497 4619 2695 4674 inferas
2733 4620 2950 4674 omnino
2978 4634 3313 4685 commoneo,
3357 4621 3448 4675 Ille
3479 4637 3631 4687 vero,
3668 4634 3723 4678 ut
3749 4631 3853 4677 erat

2276 4765 2488 4823 tequam
2535 4755 2888 4819 occideretur,
2947 4753 3311 4809 Chlodoveum
3357 4757 3645 4825 Cbilperici
3696 4760 3850 4814 ﬁlium

2277 4827 2570 4896 Burdegala
2601 4826 2778 4892 eiecit,
2807 4841 2868 4878 ac
2901 4827 3185 4895 fugientem
3218 4827 3487 4881 insecutus
3511 4842 3610 4892 est,
3656 4843 3711 4884 ut
3740 4846 3854 4884 nar-

2276 4907 2355 4969 rat
2390 4895 2674 4964 Gregorius
2715 4897 2804 4950 lib.
2838 4913 2907 4969 tv,
2940 4912 3057 4962 cap.
3087 4896 3177 4960 48,
3203 4899 3334 4949 alias
3360 4895 3453 4951 42?
3485 4899 3721 4969 Signlfus
3751 4903 3849 4954 dux

2271 4968 2406 5021 infra
2439 4980 2765 5022 memoratur
2792 4968 2882 5022 lib.
2932 4981 3048 5036 vnt,
3077 4983 3196 5037 Cap.
3229 4969 3315 5035 18,
3346 4969 3441 5023 sed
3471 4968 3606 5026 alios
3634 4974 3704 5027 ab
3730 4974 3849 5037 isto,

2270 5039 2315 5092 si
2349 5054 2433 5091 res
2464 5054 2562 5091 suo
2593 5048 2831 5105 tempore
2874 5046 3176 5093 narrantur.

2271 5180 2283 5191 .
2343 5106 2367 5144 ιι
2410 5108 2462 5163 Id
2505 5120 2586 5163 est
2619 5110 2864 5170 ulterius;
2909 5110 3096 5179 Regni.
3136 5108 3297 5164 habet
3323 5107 3601 5165 a‘l’iclavo
3639 5123 3851 5167 remotus

2266 5190 2315 5233 tn
2347 5191 2515 5244 antea,
2540 5190 2647 5234 etc.

2343 5249 2353 5285 ί
2407 5253 2962 5327 Badq‘se‘jtinxerattl,
2992 5259 3045 5304 et
3073 5249 3222 5327 Golb.
3241 5266 3296 5327 _a.
3321 5250 3491 5327 altera
3526 5268 3709 5317 manu,
3727 5258 3851 5327 jun-

2264 5323 2331 5374 cti
2361 5330 2530 5375 erant.
2563 5320 2671 5376 Sed
2696 5321 2983 5389 Gregorius
3012 5333 3063 5373 et
3091 5321 3175 5373 alii
3205 5320 3321 5389 ejus
3350 5324 3447 5375 :evi
3479 5320 3851 5379 auctores'sze-

2266 5394 2388 5463 pius
2422 5396 2758 5463 verbojungo
2792 5401 3012 5445 utuntur
3046 5394 3248 5463 passive
3272 5409 3363 5445 seu
3388 5396 3733 5449 neutraliter.

2342 5462 2355 5513 i
2403 5463 2507 5518 Sen
2535 5446 2839 5527 Οιῖτθιῆυιη,
2865 5465 3019 5529 vulgo
3041 5446 3091 5514 ὶα
3108 5446 3403 5532 Dordogne,
3423 5446 3620 5519 nobilis
3636 5446 3848 5527 ﬂuvius,

2265 5536 2354 5604 qui
2400 5537 2450 5589 in
2482 5533 2733 5591 Arvernis
2764 5543 2945 5596 ortus,
2988 5535 3221 5586 lustratis
3259 5536 3440 5588 multis
3483 5535 3727 5599 urbibus,
3752 5537 3849 5590 (Iac

2266 5622 2472 5659 rumme
2494 5605 2736 5676 jungitur
2759 5605 2915 5668 paulo
2942 5614 3224 5676 antequam
3239 5617 3366 5676 sese
3398 5606 3447 5657 in
3479 5622 3627 5661 mare
3649 5620 3847 5663 exone-

2267 5686 2370 5731 ret.
2400 5673 2552 5730 Colb.
2585 5673 2658 5729 iii.
2691 5684 2744 5729 et
2773 5676 2956 5743 Itegtn.
2979 5674 3191 5736 habent,
3214 5673 3539 5743 ADononiam,

2340 5745 2362 5784 '=
2406 5745 2585 5802 Sancti
2618 5745 2820 5801 Martini
2846 5741 3073 5812 scilicet;
3102 5741 3284 5799 confer
3302 5759 3461 5817 capp.
3486 5748 3549 5805 2|
3572 5758 3623 5805 et
3655 5747 3745 5803 22.
