3942 6190
229 242 343 296 έῦὃ

1124 237 1441 294 HISTORIA
1480 237 1919 296 FRANCORUM.
1962 240 2163 296 LIBER
2201 241 2561 301 SEPTIMUS.
3398 252 3498 303 43.5

230 351 454 409 vanitati
478 359 641 420 atque
669 350 905 405 avaritia
928 349 1158 417 deditus,
1186 351 1440 407 velociter
1467 352 1700 408 Parisios
1721 354 1814 407 ad-
1840 361 1892 418 Α
1917 356 2144 422 dicente,
2170 360 2383 427 gavisus
2411 359 2717 428 Eberullus,
2761 364 3036 432 respondit
3076 364 3269 421 habere
3307 381 3383 429 se,
3419 368 3500 420 di-

230 446 486 500 volavit:
527 459 667 498 uxor
706 444 847 498 enim
876 444 927 498 ei
958 458 1021 497 ex
1068 443 1327 500 Meldensi
1372 445 1642 501 territorio
1687 454 1824 503 erat.

225 538 457 592 Volvere
501 535 687 589 animo
724 534 887 603 etrapit
923 540 1102 588 utrum
1132 534 1533 605 Fredegundem
1586 537 1822 605 reginam

218 628 457 696 videret,
483 627 673 681 dicens
698 644 712 678 :
739 626 798 680 Si
819 639 938 681 eam
968 626 1175 692 videro,
1207 626 1401 683 elicere
1445 627 1512 682 ab
1539 641 1602 682 ea
1628 628 1824 697 aliquid

220 718 473 775 muneris
488 732 731 787 possum.
754 716 880 772 Scio
895 715 1039 771 enim
1062 730 1178 770 eam
1196 731 1319 771 esse
1336 716 1557 784 homini,
1580 718 1645 772 ad
1666 734 1823 789 quem

216 813 467 867 directus
490 825 637 876 sum,
666 810 960 864 inimicam.
992 810 1145 864 Tunc
1178 810 1444 865 accedens
1485 811 1550 866 ad
1590 826 1729 880 eam,
1757 813 1825 868 de

217 899 485 970 praesenti
515 914 741 956 munera
770 913 960 968 magna
997 900 1238 969 capiens,
1270 900 1653 968 promissiones
1680 901 1822 955 mul-

216 1000 309 1044 tas
334 990 551 1057 elicuit,
577 999 635 1043 ut
664 1000 754 1043 aut
784 996 1081 1045 extractum
1105 1004 1133 1042 a
1156 989 1375 1045 basilica
1406 990 1717 1047 Eberulfum
1741 1007 1825 1047 oc°

217 1083 459 1151 cide'ret,
487 1091 580 1136 aut
606 1083 1029 1137 circumventum
1060 1082 1197 1137 dolis
1222 1084 1429 1139 catenis
1454 1085 1699 1152 vinciret,
1733 1094 1825 1140 aut

217 1183 380 1226 certe
411 1174 466 1225 in
506 1172 627 1241 ipso
661 1186 783 1226 eum
815 1172 953 1226 atrio
980 1171 1290 1227 trucidaret.
1325 1171 1618 1243 Regressus
1644 1185 1823 1230 autem

223 1265 295 1316 ad
327 1264 583 1318 Dunense
614 1273 873 1332 castrum,
899 1266 1148 1318 comitem
1189 1276 1510 1331 commonet,
1539 1275 1595 1321 ut
1622 1267 1671 1321 el
1717 1276 1825 1323 tre-

224 1366 421 1411 centos
449 1357 622 1421 viros,
652 1357 802 1424 quasi
845 1356 910 1410 ad
947 1355 1325 1412 custodiendas
1370 1359 1647 1414 Turonica:
1675 1362 1824 1416 urbis

230 1458 438 1513 portas,
466 1447 779 1518 adjungeret
806 1465 820 1501 :
849 1448 1058 1504 scilicet
1084 1457 1141 1502 ut
1178 1464 1298 1504 cum
1332 1450 1584 1515 venisset,
1614 1465 1710 1518 per
1733 1466 1825 1505 eo-

230 1553 351 1591 rum
388 1539 641 1593 solatium
674 1540 985 1596 Eberulfum
1025 1550 1209 1610 posset
1235 1543 1557 1612 opprimere.
1582 1544 1824 1614 Cumque

234 1644 415 1685 comes
444 1632 547 1686 loci
578 1633 721 1687 viros
743 1634 877 1688 istos
904 1643 1287 1701 commoveret,
1319 1635 1573 1690 Claudius
1595 1638 1823 1693 Turonis

1924 464 2083 502 cens:
2116 449 2180 503 Et
2203 454 2381 504 omnia
2398 466 2516 520 qua!
2536 452 2768 506 volueris
2785 456 2850 507 ad
2872 464 3123 509 metatum
3148 470 3322 510 meum
3345 472 3501 526 repe-

1925 539 2031 593 ries
2083 557 2095 592 :
2142 549 2345 595 tantum
2377 550 2438 595 ut
2470 543 2715 611 dignetur
2757 544 3004 600 dominus
3047 561 3198 601 meus
3231 546 3494 617 tugurium

1922 629 2126 699 ingredi
2157 630 2448 687 mansionis
2474 648 2627 688 meat.
2663 633 2905 703 Misitque
2953 651 3165 703 pueros,
3189 653 3348 691 unum
3382 649 3500 704 post

1924 723 2114 788 alium,
2146 723 2213 778 ad
2242 725 2558 793 requirenda
2598 728 2895 795 potentiora
2933 729 3076 794 vina,
3107 727 3389 785 Laticiuab
3420 729 3499 785 vi-

1924 815 2136 879 delicet,
2163 825 2320 887 atque
2352 816 2613 875 Gazitina.
2643 818 2881 890 Cumque
2917 819 3068 876 illum
3102 836 3132 872 a
3164 822 3340 889 pueris
3374 822 3498 877 reli-

1924 917 2065 962 cmm
2118 908 2289 963 solum
2326 906 2576 965 Claudius
2625 912 3017 980 conspexisset,
3069 914 3271 966 elevata
3311 923 3499 968 contra

1923 995 2194 1051 basilicam
2260 1013 2458 1067 manu,
2531 1000 2667 1054 ait:
2718 1000 2942 1055 Martiae
3007 1000 3351 1069 beatissime,
3414 1002 3498 1058 fac

1926 1103 2012 1144 me
2038 1104 2265 1145 uxorem
2287 1089 2449 1161 355
2472 1105 2592 1145 cum
2621 1092 2924 1161 parentibus
2946 1092 3052 1147 cito
3082 1093 3281 1148 videre.
3316 1091 3497 1146 Infelix

1923 1186 2065 1239 enim
2084 1186 2136 1240 in
2160 1184 2467 1242 discrimine
2487 1189 2710 1256 positus,
2734 1200 2788 1243 et
2808 1188 3260 1244 huncinterﬁcere
3283 1189 3337 1243 in
3360 1192 3496 1244 atrio

1923 1275 2209 1345 cogitabat,
2233 1285 2287 1331 et
2304 1278 2553 1332 virtutem
2576 1279 2743 1332 sancti
2767 1279 3019 1334 antistitis
3040 1280 3326 1334 metuebat.
3348 1280 3497 1334 Tunc

1924 1382 2063 1422 unus
2093 1384 2123 1422 e
2144 1369 2324 1436 pueris
2352 1368 2556 1423 Claudii
2594 1369 2683 1439 qui
2723 1380 2839 1425 erat
2878 1370 3168 1437 robustior,
3202 1370 3497 1440 apprehen-

1924 1470 2041 1511 sum
2067 1457 2372 1512 Eberulfum
2404 1475 2432 1511 a
2459 1469 2607 1530 tergo
2632 1461 2979 1515 Validioribus
3000 1462 3210 1516 lacertis
3230 1461 3495 1531 astringit,

1923 1550 2389 1619 resupinatumqne
2415 1561 2595 1618 pectus
2620 1552 2736 1619 ejus
2765 1551 2832 1606 ad
2853 1552 3199 1621 jugulandum
3228 1563 3398 1621 parat.
3425 1553 3496 1607 At

1924 1641 2206 1709 Claudius,
2238 1650 2478 1698 extracto
2504 1657 2532 1696 a
2562 1644 2740 1698 balteo
2787 1644 2982 1713 gladio,
3035 1645 3098 1699 ad
3130 1660 3250 1698 eum
3294 1645 3492 1714 dirigit.

236 1726 480 1780 accessit.
510 1726 577 1779 Et
604 1742 724 1781 cum
750 1728 851 1782 iter
870 1737 1074 1797 ageret,
1100 1737 1155 1783 ut
1175 1731 1503 1784 consuetudo
1530 1739 1613 1785 est
1634 1732 1825 1786 barba~
1852 1730 1901 1791 Β
1927 1730 2031 1786 Sed
2054 1742 2105 1786 et
2128 1734 2215 1785 ille
2238 1734 2497 1801 prolatum
2521 1750 2549 1787 a
2572 1735 2783 1805 cingulo
2803 1734 3000 1790 ferrum
3026 1752 3086 1791 se
3110 1737 3176 1791 ad
3198 1739 3495 1807 percutien~

239 1828 437 1880 rerum,
470 1817 707 1885 auSpicia
747 1817 1024 1874 intendere
1049 1820 1230 1888 cmpit,
1274 1835 1336 1875 ac
1367 1820 1547 1877 dicere
1572 1822 1673 1877 sibi
1701 1838 1821 1879 esse

242 1909 524 1974 contraria,
547 1908 812 1979 simulque
833 1910 1159 1980 interrogare
1182 1912 1399 1979 multos,
1421 1916 1463 1967 si
1490 1914 1656 1969 virtus
1678 1914 1819 1972 beati

248 1997 447 2053 Martini
492 1999 561 2054 de
601 2002 852 2069 pra’senti
892 2003 1320 2057 manifestaretur
1360 2004 1412 2057 in
1446 2005 1698 2073 perﬁdis?
1727 2014 1820 2062 aut

248 2101 397 2152 certe,
427 2096 472 2145 si
503 2091 697 2161 aliquis
732 2093 977 2160 iniuriam
1008 2094 1059 2148 in
1088 2110 1208 2149 eum
1233 2096 1570 2163 sperantibus
1611 2097 1818 2155 intulis-

250 2194 333 2250 set,
360 2186 404 2239 si
444 2187 685 2255 protinus
714 2187 844 2242 ultio
880 2190 1234 2257 sequeretur?
1265 2190 1427 2261 Igitur
1470 2193 1813 2262 postpositis,

251 2287 293 2328 ut
320 2277 580 2345 diximus,
615 2279 869 2353 virisqui
917 2282 1078 2353 353
1109 2282 1175 2335 ad
1210 2283 1459 2339 solatium
1489 2285 1604 2353 ejus
1632 2286 1817 2343 venire

253 2361 545 2433 :lebuerant,
581 2369 695 2436 ipse
732 2370 797 2422 ad
828 2370 1100 2425 basilicam
1148 2383 1386 2428 sanctam
1416 2376 1666 2430 accessit.
1695 2376 1816 2432 Sta-

257 2455 434 2527 limque
463 2459 665 2516 infelici
696 2462 947 2518 Eberulfo
976 2463 1313 2533 conjunctns,
1332 2477 1662 2523 sacramenta
1686 2469 1817 2525 dare

260 2551 416 2618 erepit,
448 2566 514 2605 ac
537 2552 719 2622 jurare
748 2570 841 2623 per
861 2557 1037 2611 omnia
1065 2571 1423 2625 sacrosancta,
1457 2561 1541 2615 vel
1567 2561 1814 2616 virtutem

258 2642 515 2700 pmsentis
561 2644 837 2712 antistitis,
867 2646 1067 2701 nullum
1105 2647 1158 2701 in
1191 2650 1365 2702 causis
1392 2649 1507 2718 ejus
1547 2649 1659 2705 fore
1687 2651 1817 2706 fide-

256 2727 440 2797 liorem,
466 2734 555 2803 qui
579 2734 651 2788 ita
676 2749 795 2789 cum
824 2752 948 2806 rege
975 2752 1163 2792 causas
1185 2739 1298 2806 ejus
1321 2742 1747 2808 possitexserere
1765 2752 1810 2798 η.

252 2822 347 2877 Hoc
374 2827 516 2878 enim
545 2828 682 2895 apud
727 2843 785 2882 se
814 2830 1093 2884 Consilium
1135 2830 1397 2886 habuerat
1436 2833 1765 2888 miserrimus
1798 2850 1812 2887 :

250 2914 343 2969 Nisi
388 2933 511 2971 eum
556 2918 847 2988 peierando
880 2922 1165 2992 decepero,
1205 2939 1309 2978 non
1357 2923 1588 2982 vincam.
1616 2926 1811 2981 Verum

249 3007 321 3061 ubi
348 3009 477 3063 vidit
511 3011 812 3079 Ehcrulfus,
846 3015 983 3083 quod
1014 3016 1059 3069 ei
1094 3016 1213 3069 talia
1243 3032 1363 3071 cum
1393 3029 1728 3073 sacramento
1758 3020 1812 3073 in

1923 1825 2048 1880 dum
2078 1824 2202 1879 dum
2238 1834 2509 1879 teneretur
2546 1825 2780 1895 adaptat.
2822 1826 3061 1896 Cumque
3103 1826 3360 1883 Claudius
3388 1829 3495 1882 ele-

1918 1925 2039 1970 vata
2072 1914 2290 1970 dextera
2335 1915 2560 1969 cultrum
2592 1916 2706 1983 ejus
2750 1918 2950 1984 pectori
2984 1917 3270 1986 injecisset,
3307 1926 3357 1971 et
3403 1918 3493 1971 ille

1917 2021 2026 2063 non
2054 2007 2287 2075 segniter
2328 2006 2426 2059 sub
2465 2006 2656 2061 ascella
2704 2007 2846 2061 illius
2876 2006 3153 2076 pugionem
3196 2008 3490 2070 defixisset,

1916 2104 2255 2168 retracthue
2281 2099 2347 2152 ad
2369 2113 2448 2164 se,
2477 2100 2667 2154 librato
2692 2101 2795 2154 ictu
2825 2101 3068 2168 pollicem
3090 2100 3294 2153 Claudii
3325 2101 3491 2152 inter-

1916 2189 2065 2245 cidit.
2109 2190 2187 2243 Ex
2227 2189 2326 2243 hoc
2365 2190 2750 2244 convenientes
2780 2190 2925 2258 pueri
2954 2190 3069 2257 ejus
3100 2204 3218 2243 cum
3255 2189 3447 2259 gladiis
3470 2229 3486 2253 ,

1917 2282 2227 2338 Eberulfum
2249 2283 2472 2337 diversis
2491 2282 2681 2337 ictibus
2701 2283 2959 2336 sauciant.
2981 2282 3226 2348 Quorum'
3241 2281 3305 2336 de
3329 2296 3487 2335 manu

1916 2372 2172 2443 dilapsus,
2203 2372 2326 2427 dum
2361 2372 2540 2441 fugere
2575 2374 2679 2441 jam
2707 2372 2967 2426 exanimis
3010 2372 3281 2436 niteretur,
3314 2381 3491 2425 extra-

1916 2476 2000 2522 cto
2028 2466 2202 2537 gladio
2222 2473 2378 2533 caput
2401 2463 2516 2533 ejus
2544 2464 2857 2533 gravissime
2885 2462 3181 2525 verberant,
3208 2461 3486 2531 effusoque

1916 2562 2138 2615 cerebro
2169 2558 2381 2618 cecidit,
2413 2568 2466 2611 et
2494 2565 2733 2611 mortuus
2762 2565 2874 2622 est;
2904 2571 3000 2609 nec
3022 2555 3313 2623 promeruit
3336 2556 3402 2608 ab
3425 2571 3490 2609 eo

1916 2650 2133 2713 salvari,
2162 2663 2317 2717 quem
2348 2646 2577 2702 ﬁdeliter
2601 2645 2867 2713 nunquam
2892 2643 3151 2697 intellexit
3179 2658 3488 2710 exposcere.

1916 2739 2079 2809 Igitur
2105 2738 2358 2793 Claudius
2399 2738 2588 2791 timore
2619 2736 2962 2805 perterritus.
2999 2735 3242 2788 cellulam
3282 2734 3488 2788 abbatis

1916 2830 2152 2901 expetiit,
2182 2830 2249 2884 ab
2275 2844 2339 2883 eo
2365 2829 2525 2883 tutari
2550 2842 2608 2881 se
2632 2827 2873 2896 cupiens,
2897 2826 2947 2880 in
2978 2826 3125 2894 cujus
3158 2836 3436 2895 patronum
3461 2836 3486 2865 α

1898 2922 2268 2977 reverentiam
2294 2920 2489 2974 habere
2512 2934 2617 2973 non
2639 2919 2829 2987 sapuit.
2855 2918 2949 2972 lllo
2973 2932 3181 2988 quoque
3202 2918 3487 2983 residente,

1916 3013 1989 3066 ait
2019 3030 2031 3064 :
2066 3012 2436 3079 Perpetratum
2466 3018 2551 3065 est
2590 3011 2767 3064 scelus
2795 3010 3111 3064 immensum
3133 3050 3150 3076 ,
3194 3019 3246 3064 et
3288 3010 3387 3064 nisi
3433 3020 3486 3064 tu

245 3106 344 3166 ipsa
379 3101 596 3155 basihca
624 3118 688 3157 ac
717 3120 812 3173 per
835 3106 1094 3175 porticus,
1126 3117 1179 3162 et
1201 3108 1405 3178 singula
1435 3109 1548 3163 loca
1578 3110 1697 3164 atrii
1722 3126 1812 3165 ve-

1920 3102 2246 3167 subveneris,
2288 3101 2598 3171 peribimus.
2639 3101 2764 3155 Haec
2804 3116 2867 3155 eo
2912 3100 3190 3169 loquente,
3225 3102 3490 3157 irruerunt

248 3193 466 3245 neranda
493 3194 855 3263 promitteret,
879 3196 1105 3251 credidit
1126 3198 1285 3253 miser
1312 3199 1507 3255 homini
1531 3201 1807 3271 pejeranti.

248 3282 332 3336 Die
368 3294 547 3338 autem
595 3286 766 3341 altero
804 3302 926 3342 cum
964 3304 1059 3343 nos
1091 3290 1144 3343 in
1174 3291 1293 3345 villa
1331 3294 1481 3361 quasi
1525 3294 1685 3349 millia
1720 3297 1811 3349 tri-

246 3377 375 3443 ginta
406 3377 477 3431 ab
499 3378 630 3432 urbe
654 3394 1131 3448 commoraremur,
1154 3383 1218 3438 ad
1249 3385 1551 3440 convivium
1580 3387 1811 3444 basilica;

246 3476 431 3520 Sancta:
456 3482 579 3522 cum
603 3471 789 3524 eodem
810 3480 863 3526 et
886 3472 1108 3543 reliquis
1131 3475 1337 3529 civibus
1357 3484 1438 3531 est
1457 3479 1682 3543 ascitus;
1713 3480 1811 3534 ibi-

245 3571 337 3623 que
366 3573 489 3611 eum
520 3558 773 3615 Claudius
811 3562 989 3631 gladio
1031 3563 1193 3620 ferire
1233 3568 1399 3621 voluit
1447 3569 1491 3622 si
1525 3570 1671 3637 pueri
1694 3570 1811 3636 ejus

243 3649 441 3716 tongius
474 3650 793 3705 astitissent.
829 3652 1205 3709 Verumtamen
1232 3672 1496 3726 nunquam
1524 3658 1638 3713 bzec
1666 3660 1811 3714 Iibe-

242 3736 428 3799 rutfus,
451 3748 510 3790 ut
532 3749 646 3793 erat
670 3756 860 3807 vanus,
878 3745 1128 3798 advertit.
1159 3745 1442 3815 Postquam
1475 3759 1653 3805 autem
1679 3765 1811 3805 con-

243 3833 431 3886 vivium
460 3844 545 3887 est
574 3834 797 3901 ﬁnitum,
825 3838 936 3905 ipse
964 3837 1118 3892 simul
1140 3854 1202 3893 ac
1232 3841 1482 3895 Claudius
1512 3858 1606 3910 per
1620 3845 1810 3899 atrium

244 3926 423 3980 domus
466 3927 698 3982 basilicae
738 3929 1075 3985 deambulare
1103 3943 1398 4001 coeperunt,
1442 3935 1539 3989 sibi
1584 3936 1810 3990 invicem

247 4018 394 4073 ﬁdem
420 4036 484 4075 ac
508 4022 816 4077 charitatem
834 4028 1179 4081 sat-ramentis
1196 4028 1666 4083 intercurrentibus
1691 4044 1812 4096 pro-

249 4110 527 4167 mittentes.
562 4114 652 4168 llis
674 4114 746 4168 ita
774 4116 1130 4184 loquentibus,
1158 4117 1231 4171 ait
1250 4118 1505 4172 Claudius
1531 4119 1807 4175 Eberulfo:

249 4198 481 4258 Delectat
502 4207 736 4260 animum
764 4207 830 4261 ad
856 4218 1106 4263 metatum
1138 4218 1283 4264 tuum
1309 4210 1520 4265 haurire
1549 4222 1751 4278 potum,
1769 4212 1814 4265 si

248 4293 357 4346 vina
386 4296 746 4352 odoramentis
784 4310 962 4353 essent
986 4302 1239 4365 immista,
1272 4312 1524 4356 autcerte
1554 4302 1815 4371 pulelllio-

248 4384 313 4437 ris
340 4386 447 4439 vini
481 4387 788 4444 libatiouem
818 4393 1104 4447 Strenuitas
1134 4403 1220 4447 tua
1252 4397 1562 4463 requireret.
1603 4394 1729 4448 Haec
1746 4410 1811 4448 eo

318 4528 346 4589 fl
369 4518 557 4587 Regm.
591 4530 642 4574 et
666 4523 863 4579 Chesn.
894 4526 989 4589 al.,
1014 4543 1262 4582 exercere.

319 4587 345 4628 δ
365 4591 686 4670 ΙλριρξειιιόιιιιιΔ
702 4594 838 4670 forte
870 4587 1074 4670 Latina,
1101 4599 1149 4670 id
1176 4608 1258 4670 est
1290 4599 1534 4666 Falerna,
1576 4610 1632 4653 ut
1657 4616 1815 4670 supra

248 4658 334 4712 lib.
367 4658 596 4719 inurat».
626 4663 714 4728 19,
756 4664 832 4718 sic
860 4668 997 4720 dicta
1026 4658 1067 4720 a7
1103 4668 1329 4723 Falerno
1361 4658 1539 4726 monte
1579 4672 1629 4725 in
1661 4658 1817 4726 Ca'm-

250 4734 397 4807 pania
430 4730 633 4807 Felice.
671 4733 909 4807 Laticina
953 4747 1127 4790 tamen
1176 4739 1443 4795 Alteserra
1496 4750 1641 4807 putat
1680 4743 1821 4797 dicta

246 4798 868 4880 fuisse_vina_alba,_quod
892 4821 1041 4880 aqum
1068 4810 1302 4880 colorem
1328 4798 1775 4878 reprm'sentarent
1799 4829 1816 4880 ;

248 4871 649 4953 hincj’irgilius
664 4875 894 4953 ‘A‘Jueid.
915 4871 1029 4953 liba
1049 4894 1074 4953 ι
1094 4878 1352 4932 Laticeum
1384 4871 1593 4950 Lywnm
1620 4871 1817 4953 regali-'-

250 4943 341 4995 hus
371 4942 585 4997 ferculis
615 4944 875 5009 adjungit.
907 4948 1145 5001 Cazitina
1171 4959 1346 5002 autem
1369 4942 1489 5005 vina
1533 4962 1656 5005 tunc
1681 4942 1820 5007 Tem-

250 5014 389 5109 poris
414 5015 648 5109 cgleabria
673 5025 857 5109 1«δι’ίιλξιῑ,
881 5028 1026 5109 ἓιΔεχ
1051 5020 1156 5100 hoc
1177 5021 1656 5109 aliisqttegre‘gorii
1689 5024 1819 5109 locis

253 5093 406 5153 patet.
442 5084 638 5137 Eadem
673 5086 855 5139 laudat
880 5088 1131 5143 Sidonius
1172 5084 1340 5142 carni.
1377 5092 1462 5153 'I7,
1510 5084 1815 5148 Cassiodor.

252 5152 335 5222 l_ib.
382 5171 476 5218 xu,
532 5156 697 5222 epist.
753 5156 841 5221 12,
872 5168 924 5212 et
969 5160 1077 5212 alii.
1122 5160 1211 5215 Sic
1263 5161 1400 5214 dicta
1454 5164 1614 5216 fuisse
1664 5165 1820 5217 docet

253 5219 476 5277 Isidorus
529 5219 627 5278 lib.
685 5219 852 5289 χχιιι,
909 5230 1045 5294 quod
1098 5247 1127 5282 e
1179 5230 1314 5283 Gaza
1363 5232 1643 5287 Palestinte
1687 5236 1819 5288 urbe

254 5293 655 5369 adhiberentur.
689 5297 821 5350 Vide
845 5293 936 5354 lib.
961 5300 1028 5353 de
1060 5300 1236 5353 Gloria
1268 5301 1586 5369 Conf.,cap.
1618 5304 1707 5356 63.

324 5375 344 5401 ι’
382 5366 531 5420 Coll).
562 5383 615 5420 a.
639 5369 733 5441 ait.
753 5383 948 5441 jnanu,
987 5372 1037 5421 in
1081 5374 1228 5441 cujus
1254 5366 1608 5426 Patrisatrio.
1640 5373 1820 5427 Abbas

258 5438 724 5508 vero_munasterio
747 5438 805 5491 S.
842 5440 1049 5492 Martini
1088 5438 1209 5494 tunc
1232 5452 1461 5508 prmerat
1477 5445 1816 5507 Eustachius,

257 5504 722 5581 seu__Eustocltius,
758 5524 813 5560 ut
844 5512 1093 5581 observat
1140 5504 1403 5576 Cuintius,
1436 5516 1501 5567 de
1530 5531 1635 5581 qun
1684 5504 1817 5567 infra

261 5576 303 5653 in
332 5576 467 5653 _\'i_tis
500 5580 1019 5653 Patrittn,_can.321).
1059 5580 1192 5653 Male
1224 5584 1364 5637 hunc
1400 5576 1570 5638 locum
1600 5585 1665 5637 de
1711 5588 1819 5638 Ma-

263 5647 341 5722 iori
386 5650 712 5705 Monastrrio
735 5651 993 5722 intelligit
1042 5652 1311 5707 Alteserra
1339 5695 1354 5715 ,
1398 5657 1541 5722 quod
1582 5671 1609 5707 a
1650 5656 1815 5708 sancti

261 5716 463 5791 IIartini,
514 5725 680 5778 hodie
732 5716 930 5789 insigni
970 5724 1283 5793 collegiata,
1340 5716 1663 5780 monasterio
1715 5742 1819 5781 nun

1913 3194 2062 3262 pueri
2094 3192 2328 3247 Eberulli
2351 3206 2471 3246 cum
2504 3190 2695 3259 gladiis
2735 3206 2797 3245 ac
2823 3191 3051 3246 lanceis:
3081 3190 3491 3261 obseratumque

1912 3288 2237 3357 reperientes
2274 3284 2499 3349 ostium,
2545 3282 2781 3338 effractis
2810 3282 3015 3337 cellulae
3064 3283 3274 3347 vitreis,
3310 3281 3489 3337 hastas

1912 3395 2007 3448 per
2038 3377 2251 3448 parietis
2273 3378 2538 3432 fenestras
2568 3376 2834 3445 injiciunt,
2863 3374 3249 3444 Claudiumque
3265 3376 3376 3444 jam
3399 3391 3488 3429 se-

1912 3473 2164 3526 mivivum
2212 3471 2319 3525 ictu
2357 3470 2686 3539 transﬁgunt.
2730 3469 2993 3524 Satellites
3018 3479 3194 3525 autem
3232 3469 3345 3539 ejus
3372 3480 3492 3539 post

1911 3565 2043 3618 ostia
2056 3576 2103 3617 et
2120 3563 2378 3619 sublectis
2390 3561 2858 3618 abduntur.Abbas
2870 3561 3493 3630 apprehensusaduubus

1912 3658 2140 3722 clericis,
2173 3658 2312 3710 inter
2339 3656 2635 3726 gladiorum
2663 3655 2803 3708 acies
2829 3654 2915 3707 vix
2943 3656 3093 3708 vivus
3123 3653 3372 3722 eripitur;
3406 3668 3493 3708 re-

1912 3751 2209 3819 seratisque
2238 3748 2390 3804 ostiis
2431 3750 2585 3803 turba
2613 3747 2959 3817 gladiatorum
3001 3746 3317 3816 ingreditur.
3348 3744 3493 3799 Non-

1914 3843 2043 3898 nulli
2092 3842 2253 3895 etiam
2305 3837 2833 3894 matriculariorumd
2865 3848 2918 3893 et
2960 3839 3287 3908 reliquorum
3333 3837 3493 3909 355

1915 3949 2229 4005 pauperum,
2262 3948 2357 4001 pro
2380 3933 2585 3988 scelere
2612 3931 2900 3986 commisso
2932 3938 3129 3985 tectum
3169 3931 3375 3985 cellula:
3405 3948 3495 3984 co-

1916 4038 2109 4083 nantur
2132 4034 2395 4081 evertere.
2425 4024 2531 4080 Sed
2555 4035 2606 4079 et
2640 4024 2989 4094 energumeni
3019 4038 3081 4078 ac
3112 4024 3310 4079 diversi
3341 4025 3493 4095 egeni

1914 4137 2032 4177 cum
2064 4119 2228 4189 petris
2254 4127 2308 4171 et
2337 4116 2565 4171 fustibus
2602 4116 2668 4170 ad
2697 4115 3059 4170 ulciscendam
3098 4115 3331 4170 basilica:
3371 4118 3495 4169 vio-

1915 4212 2131 4266 lentiam
2181 4208 2621 4277 proﬁciscuntur,
2665 4207 2879 4277 indigne
2908 4206 3170 4269 ferentes,
3213 4222 3308 4260 cur
3340 4208 3464 4261 talia

1915 4318 2037 4372 quae
2087 4316 2357 4369 nunquam
2402 4298 2538 4353 facta
2578 4298 2810 4364 fuerant,
2849 4307 3030 4353 essent
3081 4298 3275 4353 ibidem
3306 4314 3497 4366 perpe-

1918 4406 2074 4449 trata.
2104 4394 2239 4461 Quid
2271 4393 2450 4463 plura?
2478 4392 2840 4448 Extrahuntur
2864 4392 3076 4463 fugaces
3106 4408 3170 4447 ex
3201 4392 3415 4460 abditis,
3441 4403 3498 4451 et

1840 4534 1894 4594 D
1921 4530 2200 4599 distinguit
2290 4569 2295 4577 .

1991 4601 2017 4637 ά
2064 4602 2404 4655 Matricularii
2455 4599 2769 4655 dicebantur
2815 4616 3077 4671 pauperes
3118 4600 3207 4671 qui
3256 4604 3497 4659 cccle~iai

1921 4672 2265 4727 facultatibus
2292 4674 2592 4730 alebantur,
2625 4671 2765 4739 quod
2796 4672 2847 4726 itt
2900 4674 3143 4741 catalogo
3173 4688 3266 4727 seu
3311 4680 3499 4727 matri-

1922 4744 2041 4796 cula
2085 4758 2268 4795 eorum
2302 4742 2512 4795 nomina
2562 4741 2831 4808 descripta
2876 4754 3076 4807 essent,
3112 4752 3167 4796 ut
3204 4746 3385 4798 videre
3416 4755 3497 4799 est

1924 4814 2063 4879 apud
2102 4812 2467 4866 Frodoardum
2504 4813 2594 4865 lib.
2653 4830 2689 4866 ιι
2728 4814 2861 4867 llist.
2906 4814 3249 4877 Iihemensis,
3280 4830 3398 4878 cap.
3445 4816 3500 4876 5,

1925 4885 2368 4944 Ilincmar.,etc.
2419 4884 2494 4936 Eo
2522 4884 2683 4937 etiam
2736 4885 2951 4938 nomine
3006 4885 3188 4938 donati
3240 4894 3364 4935 sunt
3408 4886 3501 4951 qui

1924 4952 2186 5022 ejusmodi
2217 4967 2528 5022 pauperum.
2562 4962 2615 5007 et
2637 4954 2831 5009 domus
2862 4956 2913 5008 in
2938 4971 3043 5020 qua
3072 4953 3495 5019 h05pitabantur,

1923 5039 2042 5092 qua:
2070 5023 2339 5075 matricqu
2379 5025 2542 5077 etiam
2591 5024 2886 5087 dicebatur,
2915 5040 3096 5077 curam
3127 5022 3410 5092 habebant,
3441 5032 3501 5077 ut

1925 5102 2071 5161 patet
2085 5110 2146 5147 ex
2178 5092 2398 5145 formula
2423 5096 2480 5146 Il
2503 5110 2566 5145 ex
2595 5095 2712 5159 lege
2732 5095 2970 5147 Romana
2998 5093 3135 5157 apud
3162 5091 3499 5158 Bignonium,

1924 5166 2075 5231 cujus
2117 5163 2276 5216 etiam
2334 5164 2393 5215 ν.
2428 5165 2508 5215 CI.
2570 5174 2713 5216 uota:
2762 5166 2813 5217 in
2860 5165 3001 5216 hunc
3055 5164 3225 5214 locum
3261 5162 3501 5229 legenda:

1927 5246 2073 5288 sunt.
2103 5235 2184 5287 Ex
2220 5233 2319 5285 hoc
2371 5233 2686 5285 translatum
2714 5244 2799 5287 est
2824 5235 2983 5285 etiam
3016 5231 3153 5285 istud
3208 5248 3400 5286 nomen
3432 5235 3499 5286 ad

1927 5320 2042 5366 eos,
2074 5306 2160 5368 qui
2203 5302 2487 5370 cujuslibet
2536 5303 2777 5356 ecclesiae
2828 5318 3009 5356 curam
3066 5302 3351 5365 habebant,
3413 5302 3502 5370 qui

1927 5375 2174 5429 custodes
2213 5390 2306 5425 seu
2339 5372 2683 5426 matricularii
2710 5372 3060 5426 ecclesiarum
3098 5372 3224 5425 dicti
3256 5371 3500 5441 fuerunt;

1928 5445 2066 5508 quod
2097 5460 2289 5497 nomen
2334 5446 2568 5497 retinent
2610 5444 2769 5496 etiam
2822 5459 2983 5506 nunc,
3026 5445 3117 5511 qui
3147 5444 3499 5500 ecclesiarum

1926 5514 2305 5596 parocttialium
2330 5514 2467 5596 bona
2488 5512 3054 5596 administrant,vulgo
3068 5514 3139 5596 (εἰς
3162 5516 3505 5596 ηιιιιμιιὶιιὶειςε

1925 5586 2075 5640 dicti.
2104 5586 2272 5637 Immo
2300 5586 2459 5640 etiam
2506 5584 2763 5639 Alcuinus
2793 5601 2850 5637 se
2893 5584 3029 5639 beati
3075 5584 3289 5639 Martini
3317 5587 3503 5638 matri~

1926 5657 2205 5722 eularium,
2238 5656 2289 5709 id
2312 5667 2394 5713 est
2421 5657 2714 5723 alumnum,
2743 5657 2939 5726 passim
2970 5655 3118 5712 dicit.
3156 5655 3285 5713 Vide
3310 5657 3499 5723 Cattgii

1929 5726 2281 5785 Glossarium.
