3942 6190
613 282 714 336 ᾶῖδ

1573 278 1630 334 s.
1675 276 1999 333 GlttiGOltll
2041 276 2338 332 EPlSCOPl
2381 281 2806 337 Tenosessns

3761 278 3849 331 436

613 391 899 449 crudeliter
928 389 1278 454 trucidantur,
1307 385 1668 457 pavimentum
1692 387 1896 442 cellulae
1927 392 2050 442 tabo
2074 403 2184 441 tna-
2214 390 2269 450 Α
2298 391 2526 446 maximo
2574 392 2821 459 ﬂagraret
2864 391 3129 455 incendio,
3161 389 3276 447 hate
3306 392 3496 447 domus
3543 388 3847 445 circumdata

611 485 840 538 culalur.
873 482 1160 551 Postquam
1188 494 1319 535 vero
1340 480 1643 547 interempti
1665 489 1810 545 sunt,
1838 479 2186 535 extrahuntur

611 577 781 642 foras,
811 585 865 631 et
912 576 1037 630 nudi
1076 588 1237 642 super
1265 574 1484 627 humum
1521 572 1763 643 frigidam
1794 574 2183 645 relinquuntur.

610 668 963 723 l’ercussores
988 681 1115 721 vero
1144 675 1300 720 nocte
1341 665 1587 734 sequenti
1612 664 1961 735 apprehensis
2004 664 2188 734 spoliis

609 759 731 829 fuga
761 759 1085 814 dilabuntur.
1120 757 1302 812 Adfuit
1329 767 1507 813 autem
1548 758 1637 813 Dei
1677 758 1805 812 ultio
1841 758 1908 813 de
1939 762 2187 828 praesenti

609 867 771 921 super
807 867 924 919 eos,
955 853 1043 921 qui
1075 852 1287 908 beatum
1315 853 1509 906 atrium
1542 854 1774 906 humano
1798 853 2055 923 sanguine
2074 856 2188 922 pol-

609 945 845 999 luerunt.
875 948 978 999 Sed
1018 960 1116 999 nec
1152 946 1267 1013 ejus
1299 944 1503 999 facinus
1531 960 1747 1012 parvum
1771 959 1891 1001 esse
1916 959 2185 1014 censetur,

610 1052 767 1105 quem
798 1038 920 1093 talia
946 1036 1131 1092 beatus
1151 1037 1377 1090 antistes
1401 1036 1633 1104 perferre
1658 1038 1916 1107 permisit.
1950 1038 2185 1108 Magnam

609 1145 675 1184 ex
721 1128 821 1182 hoc
858 1143 952 1183 rex
999 1125 1326 1181 iracundiam
1368 1124 1571 1189 habuit,
1603 1127 1697 1181 sed
1725 1128 1935 1197 cognita
1978 1129 2186 1184 ratione

607 1223 829 1291 quievit.
849 1222 951 1277 Res
974 1231 1149 1276 tamen
1177 1220 1345 1290 ipsius
1369 1219 1617 1286 infelicis,
1648 1230 1752 1275 tam
1780 1222 2003 1278 mobiles
2027 1241 2183 1294 quam

608 1314 930 1383 immobiles,
960 1333 1075 1386 quae
1096 1317 1146 1371 ei
1166 1317 1233 1370 de
1260 1318 1487 1386 prOpriiS
1507 1317 1667 1373 rebus
1688 1319 1885 1374 relictae
1912 1318 2119 1377 fuerant
2136 1332 2183 1388 κ,

606 1408 719 1463 suis
746 1407 991 1462 ﬁdelibus
1008 1406 1349 1474 condonavit,
1380 1408 1468 1478 qui
1496 1425 1717 1466 uxorem
1746 1412 1862 1480 ejus
1885 1412 2035 1469 valde
2057 1429 2182 1483 spo-

606 1498 785 1552 liatam
835 1500 887 1553 in
922 1508 1103 1554 sancta
1142 1499 1361 1555 basilica
1408 1501 1753 1571 reliquerunt.
1800 1502 2004 1573 Corpus
2055 1520 2185 1561 vero

605 1590 809 1647 Claudii
851 1600 905 1646 et
933 1592 1278 1661 reliquorum,
1326 1602 1574 1662 parentes
1611 1595 1836 1663 proximi
1880 1594 2183 1653 auferentes

603 1684 660 1736 in
686 1696 832 1737 suam
859 1683 1151 1752 regionem,
1178 1684 1521 1752 sepelierunt.

2292 483 2539 551 llammis,
2570 485 2873 540 nullatenus
2912 493 2994 539 est
3021 486 3233 541 adusta.
3259 485 3364 540 lsta
3393 500 3459 540 eo
3497 485 3733 548 dicente,
3758 492 3849 537 sta-

2294 573 2385 627 tim
2426 574 2743 630 Mummolus
2792 591 2952 631 cursu
3010 577 3199 646 rapido
3242 592 3364 632 cum
3417 577 3673 645 episcopo
3718 574 3850 629 Bert-

2290 666 2550 721 chramno
2592 668 2660 722 ad
2709 669 2926 723 domum
2977 669 3099 739 Syri
3147 669 3722 736 acceditzvallatoque
3762 667 3848 720 bo-

2290 756 2456 821 mine,
2488 759 2710 827 pignora
2752 760 2857 815 sibi
2910 771 3095 815 sancta
3139 760 3392 829 praecepit
3442 758 3675 814 ostendi.
3700 756 3851 825 Negat

2290 849 2398 903 ille.
2422 849 2627 907 Tamen
2651 853 2916 923 cogitans,
2946 852 3086 923 quod
3117 868 3213 921 pro
3240 851 3445 907 malitia
3488 851 3665 920 aliqua
3703 849 3751 904 ei
3777 848 3850 902 hzc

2293 954 2608 1006 pararentur
2655 943 2884 1009 insidize,
2938 944 3053 999 ait:
3085 942 3205 998 Noli
3251 941 3475 1012 fatigare
3514 955 3720 1002 senem,
3760 951 3851 992 nec

2289 1045 2475 1091 sancto
2504 1036 2704 1092 inferre
2747 1036 3019 1106 irrjuriam,
3054 1036 3149 1091 sed
3190 1034 3424 1103 acceptis
3458 1048 3485 1086 a
3522 1048 3612 1086 me
3652 1038 3846 1086 centum

2288 1128 2466 1183 aureis
2507 1128 2758 1184 abscede.
2793 1128 2887 1183 Illo
2926 1142 3136 1197 quoque
3182 1125 3493 1193 insistente,
3545 1132 3604 1177 ut
3654 1129 3848 1175 sanctas

2288 1219 2493 1274 videret
2519 1221 2791 1290 reliquias,
2823 1219 3083 1275 ducentos
3110 1232 3303 1273 aureos
3332 1217 3552 1279 obtulit;
3584 1225 3640 1269 et
3658 1228 3755 1269 nec
3780 1213 3847 1266 sic

2287 1314 2517 1368 obtinuit
2542 1329 2663 1369 eum
2694 1319 2968 1378 recedere,
2999 1314 3103 1367 nisi
3134 1314 3245 1382 ipsa
3275 1313 3494 1383 pignora
3529 1311 3844 1365 viderentur.

2288 1406 2439 1462 Tunc
2478 1408 2797 1463 Mummolus
2820 1408 3019 1464 elevari
3066 1408 3131 1462 ad
3175 1409 3432 1477 parietem
3465 1408 3668 1461 scalam
3716 1405 3847 1472 jubet

2289 1502 2466 1573 (erant
2493 1503 2635 1558 enim
2669 1507 2719 1559 in
2752 1505 2963 1559 sublimi
3011 1504 3231 1573 parietis
3277 1510 3461 1559 contra
3514 1503 3761 1556 altarium
3801 1498 3848 1553 in

2288 1595 2505 1664 capsula
2538 1596 2848 1663 reconditze)
2870 1640 2883 1661 ,
2917 1595 3199 1650 diaconum
3242 1610 3397 1648 suum
3444 1591 3703 1647 scandere
3725 1605 3848 1659 prte-

2288 1688 2451 1755 cepit.
2483 1688 2582 1753 Qui
2615 1704 2706 1755 per
2729 1689 2925 1759 gradus
2953 1686 3218 1742 scandens
3248 1686 3426 1752 scalae,
3454 1683 3851 1754 apprehendens

678 1774 844 1830 XXX.
884 1777 1049 1846 igitur
1096 1776 1477 1832 Gundovaldus
1514 1777 1648 1833 duos
1694 1774 1757 1832 a'd
1802 1782 2007 1836 amicos
2053 1799 2180 1840 suos
2218 1756 2259 1815 Β
2286 1797 2525 1849 causam,
2554 1784 2623 1836 ita
2668 1790 2900 1837 tremore
2949 1794 3244 1835 concussus
3296 1788 3400 1843 est,
3444 1790 3501 1832 ut
3552 1792 3652 1832 nec
3680 1778 3852 1830 vivens

601 1870 804 1939 legatos
832 1869 1049 1934 direxit,
1083 1870 1307 1925 clericos
1342 1871 1562 1941 utique:
1590 1887 1653 1926 ex
1686 1874 1881 1940 quibus
1908 1893 2045 1932 unus
2079 1879 2177 1933 ab-

599 1964 697 2016 bas
721 1960 1034 2018 Cadurcinae
1059 1964 1226 2029 urbis,
1255 1964 1465 2020 litteras
1487 1979 1619 2035 quas
1656 1979 1960 2038 acceperat,
1992 1984 2177 2028 cavata

598 2055 800 2110 codicis
825 2056 1003 2110 tabula
1055 2057 1154 2111 sub
1181 2072 1303 2112 cera
1331 2058 1649 2114 recondidit.
1678 2060 1781 2115 Sed
1811 2066 2177 2132 apprehensus

598 2148 668 2201 ab
698 2146 1009 2203 hominibus
1041 2151 1181 2219 regis
1227 2149 1641 2217 Guntehramni,
1695 2157 1923 2221 repertis
1962 2156 2173 2225 litteris,

598 2246 653 2299 in
679 2246 820 2315 regis
843 2247 1184 2314 prtcsentiam
1206 2256 1289 2301 est
1310 2248 1573 2304 deductus
1606 2267 1620 2305 :
1653 2253 1740 2320 qui
1771 2267 1944 2310 caesus
1975 2272 2176 2327 gravrs-

599 2335 755 2399 sime.
780 2336 831 2388 itr
863 2338 1159 2391 custodiam
1189 2349 1265 2392 e5t
1301 2348 1559 2396 retrusus.

672 2425 861 2482 XXXI.
898 2428 1027 2482 Erat
1057 2438 1181 2485 tunc
1214 2432 1475 2501 temporis
1507 2433 1887 2493 Gundovaldus
1935 2440 1989 2494 in
2046 2442 2177 2499 urbe

599 2517 977 2587 Burdegaleusi
1006 2534 1033 2573 a
1061 2521 1445 2577 Bertchramno
1461 2525 1714 2594 episcopo
1744 2529 1900 2586 Valde
1926 2530 2171 2590 dilectus.

598 2608 873 2678 lnquirens
912 2619 1088 2664 autem
1141 2626 1262 2681 quas
1310 2612 1360 2667 ei
1404 2628 1582 2669 causae
1634 2618 1881 2674 solatium
1933 2623 2175 2690 praebere

597 2712 834 2769 possent,
870 2701 1109 2756 narravit
1147 2703 1386 2774 quidam,
1426 2707 1567 2775 quod
1597 2708 1784 2779 aliquis
1829 2711 1885 2766 in
1932 2714 2175 2783 partibus

597 2792 830 2852 Orientis
859 2810 976 2863 rex,
1007 2795 1186 2851 ablato
1211 2799 1381 2853 sancti
1409 2798 1579 2869 Sergii
1610 2799 1638 2840 δ
1680 2807 1929 2876 martyris
1957 2809 2169 2879 pollice,

597 2884 653 2947 in
678 2885 866 2942 dextro
894 2886 1114 2941 brachio
1155 2889 1398 2958 corporis
1426 2892 1507 2945 sui
1537 2894 1813 2949 seruisset.
1845 2896 2085 2968 Cumque
2124 2902 2173 2957 ei

596 2976 889 3030 necessitas
920 2978 986 3031 ad
1027 2978 1401 3047 depellendum
1448 2983 1696 3043 inimicos
1740 2989 2067 3061 obvenisset,
2120 2998 2170 3052 iri

596 3066 700 3123 hoc
726 3068 888 3147 356
917 3072 1151 3126 conlisus
1180 3074 1399 3139 auxilio,
1431 3076 1519 3130 ubi
1546 3078 1718 3134 dextri
1750 3081 1930 3139 lacerti
1960 3089 2167 3143 erexis-

596 3166 681 3213 set
709 3159 912 3225 ulnam,
946 3163 1189 3229 protinus
1226 3165 1509 3223 multitudo
1557 3170 1815 3239 hostium,
1837 3177 1988 3245 quasi
2031 3194 2171 3234 mar-

595 3252 729 3320 tyris
752 3266 1005 3320 oppressa
1034 3255 1251 3321 virtute,
1286 3257 1563 3315 labebatur
1590 3262 1641 3316 in
1691 3263 1887 3335 fugam.
1922 3268 2042 3326 Hmc
2072 3286 2165 3325 au-

596 3343 746 3399 diens
770 3342 1165 3413 Gundolvadus,
1194 3349 1464 3419 inquirere
1484 3354 1787 3423 diligentius
1811 3362 1991 3428 ctepit,
2018 3367 2166 3431 quis-

597 3452 719 3489 nam
775 3445 918 3491 esset
976 3438 1028 3491 in
1071 3455 1137 3494 eo
1180 3440 1318 3507 loco,
1365 3447 1452 3511 qui
1493 3445 1743 3516 reliquias
1794 3454 1965 3506 sancti
1999 3454 2169 3525 Sergii

595 3531 845 3600 martyris
889 3533 1172 3587 meruisset
1226 3536 1490 3603 accipere.
1549 3537 1758 3597 Interea
1810 3546 2051 3612 proditus
2102 3551 2169 3605 ab

594 3622 847 3691 episcopo
876 3623 1255 3681 Bertchramno
1292 3626 1581 3685 Eulronius
1611 3631 1716 3703 [ΑΙ.
1748 3633 1968 3708 Eufronl
2009 3656 2169 3709 nego-

593 3713 756 3770 tiator
782 3730 876 3783 per
905 3715 1236 3769 inimicitiam
1263 3759 1279 3785 ,
1322 3720 1443 3788 quia
1477 3721 1699 3776 invitum
1731 3724 2017 3793 aliquando
2046 3746 2167 3786 eum

596 3808 922 3872 totorrderat,
949 3808 1160 3864 inhians
1184 3810 1422 3868 facultati
1453 3813 1572 3885 ejus
1604 3827 1649 3869 ο.
1680 3816 1832 3883 Quod
1871 3820 1961 3876 ille
2005 3823 2168 3894 dispi-

593 3897 766 3964 ciens,
800 3901 862 3953 ad
895 3901 1051 3955 aliam
1086 3903 1269 3958 urbem
1320 3906 1608 3975 transiens,
1641 3912 1860 3967 caesarie
1889 3926 2169 3972 crescente

488 4058 509 4067 ρ
593 3993 912 4082 regreditur.
945 3996 1030 4048 Ait
1055 4012 1185 4067 ergo
1213 3998 1493 4069 episcopus
1522 4019 1536 4055 :
1582 4003 1674 4059 Est
1717 4006 1802 4060 hic
1825 4008 2038 4078 quidam
2066 3993 2170 4082 Sy;

592 4096 704 4147 rus,
740 4081 1023 4139 Eufronius
1053 4089 1302 4155 nomine,
1345 4091 1433 4160 qui
1464 4092 1529 4147 de
1557 4094 1717 4148 domo
1756 4112 1848 4150 sua
1880 4081 2164 4156 ecclesiam

592 4177 813 4243 faciens,
847 4179 1003 4255 hujus
1030 4182 1199 4237 sancti
1232 4184 1483 4255 reliquias
1511 4187 1822 4255 collocavit;
1856 4200 1911 4245 et
1938 4192 2165 4260 plurima

591 4284 655 4322 ex
691 4269 773 4322 his
815 4271 985 4339 signa,
1017 4273 1211 4329 virtute
1241 4277 1491 4346 martyris
1519 4278 1832 4345 opitulante,
1866 4285 2163 4352 conspexit.

589 4360 721 4417 Nam
778 4378 898 4419 cum
947 4383 1183 4437 tempore
1229 4370 1460 4439 quodam
1509 4371 1916 4443 Burdegalensis
1974 4361 2164 4435 civiias

658 4542 801 4623 fSic
830 4542 981 4623 Colb.
1037 4561 1088 4599 a.
1138 4547 1232 4623 alt.
1285 4562 1463 4623 manu.
1521 4549 1711 4604 (Στειρτί
1749 4566 1916 4615 vero,
1957 4558 2094 4623 quod
2134 4575 2165 4612 a

590 4613 837 4695 prioribus
862 4615 1102 4695 {eliciunt
1127 4618 1315 4695 fuerat.
1346 4619 1501 4683 Bad.,
1529 4629 1577 4695 et
1616 4623 1861 4690 quidquid
1888 4613 1920 4677 ἁ
1965 4613 2156 4695 prior-i-

588 4686 701 4759 itus,
729 4684 1029 4759 eg.__Frel_r.
1057 4684 1152 4746 διξ,
1165 4692 1302 4757 quod
1326 4706 1359 4741 α
1379 4690 1587 4759 praprio
1608 4684 1763 4744 rebus"
1779 4684 2030 4758 relictum,
2053 4708 2157 4751 etc.

587 4755 732 4831 idem
764 4754 915 4831 Ctilb.
948 4755 1042 4808 alt.
1075 4754 1233 4812 mantt
1258 4754 1413 4827 infra,
1450 4754 1659 4814 timorem
1685 4764 1795 4831 ejus
1827 4754 2057 4819 omnibus
2084 4783 2161 4820 ra-

586 4827 678 4878 bus
707 4825 1000 4894 spoliatam.

658 4894 683 4934 ι’
705 4894 944 4977 Celebris
968 4895 1062 4951 fuit
1082 4897 1133 4950 in
1159 4899 1376 4977 Oriente
1398 4901 1454 4957 S.
1477 4902 1714 4971 Sergius,
1747 4904 1835 4974 qui
1861 4905 1962 4977 sub
1987 4906 2157 4960 Maxi-

585 4969 765 5042 miano
793 4969 1114 5042 imperatore
1136 4976 1386 5042 martyrio
1400 4969 1802 5030 consummatus
1824 4976 2019 5029 dicitur
2034 4994 2153 5033 cum

584 5038 815 5113 B_act:lro,
847 5038 985 5107 apud
1018 5038 1318 5113 [tosapbairt
1349 5044 1685 5113 Comagenis,
1718 5062 1810 5100 seu
1854 5047 2151 5113 Euphrate-

581 5110 679 5184 s_ite
714 5113 978 5184 Augustae
1013 5111 1196 5165 urbem
1220 5154 1259 5184 ,7
1282 5129 1398 5182 quae
1428 5130 1493 5168 ex
1518 5110 1679 5182 'ejus'
1706 5119 1921 5172 nomine
1940 5110 1948 5113 ⁷
1967 5129 2147 5184 postea

582 5178 1066 5260 Sergiopoli‘sldicta
1089 5191 1196 5260 est;
1220 5178 1365 5238 lianc
1405 5178 1591 5240 urbem
1625 5178 2150 5260 frustraexpugnare

582 5248 819 5323 tentavit
856 5248 1123 5307 Chosroes
1165 5253 1444 5310 Persarum
1491 5272 1613 5321 rex,
1643 5248 1947 5312 Justioiano
1976 5248 2147 5323 iinpe-

583 5327 765 5405 rante.
784 5321 1039 5405 Erumdem
1067 5328 1537 5405 martyremveluti
1560 5321 2148 5405 specialempalronum

584 5389 771 5469 tiabuit
795 5389 1074 5469 .ghosroes
1103 5389 1260 5459 alter,
1291 5399 1391 5451 sub
1417 5389 1651 5451 Mauricii
1701 5389 2019 5466 principatu,
2050 5416 2147 5454 cu-

578 5461 667 5540 jus
697 5461 968 5540 basilicam
995 5479 1153 5540 cr_uce
1178 5480 1376 5540 aurea,
1394 5469 1663 5537 Variisque
1678 5461 1836 5525 donis
1858 5461 2148 5535 locupleta-

582 5535 680 5593 vit,
710 5536 1009 5609 utpar-rant
1039 5535 1294 5609 Evagrius
1325 5538 1418 5609 lib.
1445 5553 1519 5601 tv,
1551 5535 1673 5609 cap.
1700 5540 1795 5605 28,
1847 5550 1900 5595 et
1933 5540 2022 5595 tib.
2054 5557 2101 5591 vi
2129 5583 2143 5607 ,

581 5616 703 5679 ριν.
747 5599 839 5679 ξὶις
870 5599 1632 5679 Tlteouliylactus_Sintocatta'
1666 5610 1758 5663 lib.
1784 5599 1855 5671 'v.
1888 5625 2005 5678 cap.
2040 5599 2143 5671 -Ιόξ

579 5670 935 5734 Nicetihorus,
964 5682 1066 5726 etc.
1094 5670 1243 5728 Vide
1289 5676 1571 5729 Baronittm
1604 5679 1670 5732 ad
1716 5696 1805 5734 an.
1849 5670 1971 5734 Siti}:
2014 5681 2146 5733 llitrc

582 5743 753 5821 Surgit
785 5757 978 5803 nomen
1008 5746 1146 5813 apud
1176 5746 1507 5802 Chiistiauos
1537 5749 1737 5816 pariter
1784 5760 1837 5805 ct
1885 5750 2141 5805 barbaros

2191 4515 2243 4575 D

2285 1883 2560 1942 putaretur
2588 1874 2651 1929 ad
2703 1882 2895 1929 terram
2944 1873 3161 1928 reverti.
3213 1873 3463 1926 Attamen
3512 1878 3750 1941 accepta,
3802 1881 3852 1921 ut

2282 1965 2537 2029 diximus,
2565 1966 2808 2034 capsula,
2830 1981 2949 2035 qua:
2978 1965 3046 2020 de
3091 1963 3297 2035 pariete
3326 1962 3617 2033 pendebat,
3650 1960 3848 2017 detulit.

2280 2059 2394 2127 Qua
2419 2066 2773 2127 perscrutata,
2810 2057 3131 2113 Mummolus
3150 2071 3212 2111 os
3234 2056 3302 2111 de
3326 2055 3497 2110 sancti
3518 2054 3684 2124 digito
3708 2068 3853 2122 repe-

2279 2153 2373 2219 rit,
2398 2152 2539 2221 quod
2566 2153 2738 2206 cultro
2766 2150 2933 2207 ferire
2952 2166 3055 2204 non
3080 2147 3489 2205 metuit.Posito
3518 2150 3661 2204 enim
3689 2147 3851 2202 desu-

2280 2260 2375 2315 per
2415 2245 2614 2312 cultro,
2640 2254 2695 2299 et
2730 2246 2809 2298 sic
2834 2243 2902 2297 de
2945 2245 3049 2298 alio
3079 2243 3427 2313 percutiebat.
3460 2242 3700 2311 Cumque
3740 2251 3853 2309 post

2279 2342 2437 2413 357
2470 2341 2666 2395 multos
2693 2339 2829 2394 ictus
2857 2334 2944 2392 vix
2990 2337 3159 2407 frangi
3211 2336 3491 2406 potuisset,
3522 2334 3753 2390 divisum
3802 2335 3851 2386 in

2280 2446 2390 2487 tres
2430 2442 2608 2501 partes
2658 2431 2947 2485 ossiculum
2978 2430 3219 2485 diversas
3271 2428 3324 2483 in
3368 2436 3548 2497 partes
3576 2426 3850 2481 dilabitur.

2278 2526 2455 2581 Credo
2486 2540 2592 2579 non
2625 2534 2737 2580 eral
2764 2532 3042 2592 acceptum
3072 2522 3319 2594 martyri,
3352 2530 3406 2576 ut
3437 2521 3547 2575 haec
3595 2520 3684 2576 ille
3724 2536 3853 2577 cnn-

2280 2618 2531 2686 tingeret.
2563 2617 2713 2671 Tunc
2743 2616 2903 2670 ﬂente
2920 2615 3293 2670 vehementius
3324 2610 3588 2675 Eufronio,
3620 2625 3855 2680 proster-

2280 2721 2479 2763 nuntur
2509 2722 2696 2764 omnes
2739 2709 2789 2761 in
2847 2707 3166 2772 orationem,
3215 2707 3559 2775 deprecantes
3596 2714 3654 2757 ut
3707 2703 3855 2759 Deus

2277 2800 2587 2869 dignaretur
2616 2797 2921 2863 ostendere,
2947 2813 3064 2866 qua:
3091 2797 3158 2850 ab
3178 2796 3345 2850 oculis
3377 2794 3585 2848 fuerant
3606 2794 3852 2848 humanis

2278 2892 2476 2942 ablata.
2513 2888 2638 2942 POSt
2668 2886 2968 2941 oratiOnem
3007 2894 3183 2939 autem
3235 2893 3472 2953 reperta:
3520 2893 3643 2937 sunt
3690 2886 3852 2951 parti-

2276 2981 2431 3043 culre,
2465 2994 2528 3032 ex
2558 2978 2751 3045 quibus
2776 2994 2877 3030 una
2907 2977 3227 3030 Mummolus
3255 2986 3549 3043 assumpta,
3571 2974 3848 3036 abscessit,

2276 3071 2372 3125 sed
2404 3085 2533 3139 non,
2565 3081 2617 3123 ut
2666 3069 2848 3131 credo,
2894 3084 3014 3123 cum
3063 3069 3231 3137 gratia
3288 3068 3557 3137 martyris,
3607 3066 3747 3120 sicut
3797 3066 3846 3119 in

2274 3164 2519 3233 sequenti
2560 3162 2886 3215 declaratum
2940 3170 3047 3215 est.
3096 3159 3225 3212 Dum
3262 3168 3441 3212 autem
3487 3160 3537 3210 in
3579 3158 3677 3212 hac
3722 3157 3849 3211 urbe

2275 3264 2642 3319 morarentur,
2712 3252 3056 3307 Faustianutn
3106 3249 3132 3285 ἀ
3191 3250 3564 3321 presbyterum
3616 3250 3844 3317 Aquensi

2273 3348 2390 3403 urbi
2421 3348 2733 3415 episcopum
2761 3344 2997 3399 ordinari
3030 3342 3366 3412 praecipiunt.
3420 3343 3599 3411 Nuper
3625 3344 3767 3395 enim
3801 3344 3845 3394 in

2273 3442 2506 3510 Aqueusi
2534 3440 2664 3494 urbe
2713 3437 2996 3507 episcopus
3039 3436 3269 3499 obierat,
3301 3443 3358 3489 et
3387 3433 3621 3487 Nicetius
3666 3448 3848 3487 comes

2272 3533 2374 3585 lori
2408 3533 2565 3596 illius,
2599 3544 2885 3600 germanus
2916 3528 3116 3582 ltustici
3152 3527 3261 3581 Vici
3299 3526 3555 3580 Julierrsis
3582 3525 3844 3594 episcopi.

2274 3622 2689 3692 praeceptionem
2732 3620 2798 3673 ab
2829 3619 3131 3686 Chilperico
3159 3617 3433 3681 elicuerat,
3459 3626 3516 3669 ut
3547 3624 3849 3670 tonsoratus

2271 3716 2477 3769 civitati
2532 3714 2606 3769 illi
2666 3713 2920 3767 sacerdos
2982 3711 3222 3765 daretur.
3282 3710 3386 3764 Sed
3465 3709 3847 3764 Gundovaldus

2271 3810 2550 3863 destruere
2578 3808 2760 3861 nitens
2791 3806 2908 3875 ejus
2938 3806 3176 3871 decreta,
3210 3805 3519 3859 conVocatis
3551 3805 3846 3872 Episcopis.

2267 3902 2427 3970 jussit
2447 3916 2566 3954 eum
2599 3899 2858 3955 benedici.
2890 3898 3305 3952 Bertcliramnus
3333 3908 3511 3951 autem
3541 3898 3843 3964 episcopus,

2270 3996 2361 4063 qui
2388 4003 2505 4049 erat
2531 3994 2865 4062 metropolis,
2896 4007 3093 4047 cavens
3126 3990 3325 4052 futura,
3374 3990 3670 4044 Palladium
3715 3989 3845 4044 San-

2273 4088 2505 4141 tonicum
2534 4086 2760 4155 iujungit
2789 4084 2880 4153 qui
2906 4099 3026 4139 eum
3068 4083 3431 4138 benediceret.
3461 4082 3593 4135 Nam
3624 4091 3680 4135 et
3709 4080 3843 4135 oculi

2269 4189 2318 4243 ci
2346 4204 2411 4243 eo
2433 4198 2673 4257 tempore
2704 4203 2732 4241 a
2762 4187 3074 4257 lippitudine
3101 4186 3484 4256 gravabantur.
3515 4186 3636 4239 Fuit
3662 4194 3835 4237 autetr

2270 4290 2334 4344 ad
2370 4291 2503 4343 hanc
2532 4291 2920 4343 ordinationem
2951 4297 3005 4341 et
3031 4287 3253 4342 OreStes
3299 4286 3608 4342 Vasatensis
3640 4286 3844 4356 episco-

2270 4408 2368 4464 pus
2401 4411 2415 4446 :
2446 4391 2539 4447 sed
2566 4392 2781 4462 negavit
2810 4391 2907 4444 hoc
2934 4404 3113 4445 coram
3144 4405 3290 4460 rege.

2272 4566 2483 4619 relelire
2533 4565 2694 4619 fuisse
2721 4575 2885 4634 patet.
2916 4566 3247 4621 Justinianus
3275 4582 3433 4621 unam
3477 4568 3526 4621 ei
3569 4568 3839 4621 basilicam

2270 4637 2465 4690 dicavit
2494 4636 2599 4691 Cl‘.
2633 4640 2854 4691 alteram
2906 4638 3234 4691 Ptolomaide
3264 4654 3329 4692 ex
3366 4639 3647 4707 Ρτιιεημίνι.
3684 4640 3838 4692 Pere-

2268 4708 2597 4771 grrnationes
2618 4708 2683 4760 ad
2707 4708 2764 4763 S.
2799 4708 3040 4770 Sergium
3072 4708 3122 4761 io
3173 4710 3416 4772 Araplias
3444 4724 3539 4763 seu
3573 4710 3836 4775 Sarapim

2270 4779 2550 4830 lattilztnlttr
2572 4778 2625 4831 in
2654 4778 2860 4848 synodo
2888 4779 3099 4831 Nicaena
3124 4796 3182 4845 tt,
3214 4795 3276 4831 ex
3303 4778 3509 4832 Joanne.
3540 4781 3756 4833 Moscho
3790 4782 3835 4829 in

2270 4849 2427 4900 Pratu
2457 4851 2630 4916 spirit.
2664 4864 2781 4914 cap.
2820 4849 2940 4902 180.
2967 4848 3096 4901 Vide
3123 4862 3178 4903 et
3209 4848 3344 4903 infra
3387 4862 3627 4904 nostrum
3677 4849 3835 4916 (ἶνες.

2266 4920 2332 4971 de
2364 4918 2509 4970 Glor.
2541 4920 2690 4972 Mart.
2727 4919 2815 4973 lib.
2846 4934 2888 4974 I.
2922 4935 3039 4986 cap.
3072 4921 3162 4973 97.

2341 5000 2361 5025 ο
2413 4989 2570 5043 Forte
2618 4990 2755 5057 quod
2805 5001 2927 5043 tunc
2968 4990 3203 5057 episcopi
3249 4991 3599 5052 clericorum,
3650 4990 3834 5042 saltem

2263 5058 2655 5129 defunctorum,
2705 5064 2839 5113 bona
2872 5060 2969 5113 sibi
3015 5070 3374 5129 arrogarent:
3420 5062 3561 5129 quod
3618 5064 3833 5115 vetitum

2256 5141 2441 5199 postea
2468 5128 2563 5182 fuit
2595 5145 2681 5181 an.
2712 5130 2839 5195 615,
2868 5130 2918 5182 in
2951 5128 3162 5184 Concil.
3199 5132 3369 5185 Paris.
3404 5146 3594 5194 v,can.
3625 5134 3678 5183 ἓ.

2326 5202 2349 5235 ’¹
2391 5199 2541 5252 Colb.
2571 5215 2621 5254 a.
2651 5211 2703 5254 et
2735 5201 2943 5264 Regni"
2981 5199 3390 5255 Faustinianum.
3422 5202 3621 5255 Civitas
3666 5210 3836 5255 autem

2255 5272 2521 5339 Aquensis
2544 5270 2626 5323 hic
2650 5281 2961 5332 memorata.
2986 5273 3116 5324 alias
3138 5272 3301 5338 Aquit:
3324 5272 3658 5335 Tarbellicae,
3678 5274 3833 5339 vulgo

2257 5344 2409 5408 Arqs,
2443 5356 2533 5396 seu
2571 5341 2702 5403 Dom,
2725 5350 2781 5394 et
2810 5341 2965 5395 Vicus
2991 5340 3136 5405 Julii,
3162 5358 3255 5395 seu
3285 5345 3483 5405 Adura,
3512 5347 3675 5409 vulgo
3699 5346 3835 5403 Λέγε,

2258 5413 2758 5483 Νονθιιιιιορυιθιιιω
2789 5412 2964 5483 urbes,
3001 5409 3148 5483 fuere
3186 5428 3397 5475 semper
3422 5415 3519 5467 sub
3550 5413 3837 5483 metropoli

2261 5482 2489 5535 Elusana
2519 5497 2632 5535 srve
2671 5482 2948 5534 Ausciensi
2971 5522 2984 5543 ,
3024 5481 3164 5535 sicut
3201 5495 3255 5535 et
3286 5484 3498 5537 Vasate.
3538 5481 3837 5536 Earum‘ta-

2258 5570 2375 5605 men
2406 5553 2671 5621 episcopi.
2706 5553 3024 5617 perturbatis
3055 5562 3180 5605 tunc
3214 5553 3405 5615 rebus,
3464 5552 3835 5621 Burdigalensi

2254 5637 2528 5694 episcopo.
2555 5625 2643 5688 qui
2669 5623 2855 5675 vicina:
2899 5623 3204 5688 provinci.r-,
3238 5623 3286 5675 id
3319 5634 3402 5677 est
3426 5624 3740 5694 Aquitania:
3770 5622 3833 5688 ll,

2255 5693 2693 5761 meropolitanus
2731 5700 2875 5757 crat,
2911 5694 3467 5762 paret'ecogebiutur.
