3942 6190
240 189 359 242 ,ἱῦΊ

1209 191 1525 248 HISTORIA
1567 190 2005 248 FRANCORUM.
2047 189 2247 246 LIBER
2284 190 2642 248 SEPTIMUS.

3449 198 3550 250 47:8

348 301 570 359 XXXII.
617 302 869 358 Posthtec
912 302 1056 358 misit
1096 301 1286 360 iterum
1314 304 1694 361 Gundovaldus
1732 305 1866 360 duos
1894 307 1951 366 Α·
1974 303 2071 358 hac
2100 317 2259 359 causa
2307 304 2628 373 putabantur
2664 318 2783 361 esse
2827 306 3134 376 participes.
3167 307 3411 364 Postbutc
3456 325 3555 366 rex

273 400 482 466 legatos
505 437 520 460 ,
555 395 864 462 Zotauutn,
911 409 1118 451 necnon
1162 404 1216 451 et
1242 397 1550 465 Zabulfum,
1592 398 1658 451 ad
1697 413 1876 467 regem

269 489 601 560 cum-virgis
633 490 964 545 consecratis
995 498 1045 555 ⁸,
1073 490 1220 558 juxta
1251 491 1408 545 ritum
1442 491 1786 556 Francorum,
1821 499 1879 546 ut

275 582 503 648 scilicet,
536 596 650 636 non
671 583 1112 649 eontingerentur
1139 580 1207 636 ab
1238 581 1365 644 ullo,
1393 582 1485 636 sed
1526 583 1764 650 exposita
1803 581 1877 636 Ie-

273 684 499 751 gatione
531 696 658 736 cum
686 694 948 748 responso
983 687 1404 734 reverterentur.
1436 678 1544 733 Sed
1573 677 1627 731 hi
1654 677 1872 742 incauti,

277 773 601 841 priusquam
640 771 781 840 regis
812 770 1149 840 praesentiam
1193 778 1512 837 cernerent,
1555 769 1736 825 multis
1759 784 1876 840 quae

274 864 540 930 petebant
569 862 1013 930 cxplanaverunt.
1041 861 1323 930 Extemplo
1343 875 1522 914 sermo
1549 861 1785 916 cucurrit
1809 862 1876 914 ad

274 970 505 1025 regem;
537 955 722 1022 itaque
751 954 914 1008 vmeti
943 953 1148 1008 catenis
1173 955 1226 1008 in
1251 953 1392 1022 regis
1420 953 1756 1022 praesentiam
1783 953 1876 1007 de-

1980 395 2410 452 Guntchramnus
2433 398 2556 451 data
2586 397 2636 451 in
2668 412 2825 451 manu
2855 400 2994 469 regis
3021 397 3344 456 Childeberti
3376 399 3550 463 hasta,

1977 485 2050 540 ait
2074 503 2086 538 :
2114 487 2223 541 Hoc
2250 497 2335 543 est
2360 487 2614 542 indicium
2638 489 2775 558 quod
2809 489 2902 545 tibi
2942 506 3100 547 omne
3125 507 3347 562 regnum
3373 507 3548 548 meum

1978 577 2169 632 tradidi
2209 578 2260 634 ά.
2319 580 2401 634 Ex
2442 579 2544 635 hoc
2580 595 2722 636 nunc
2761 582 2927 647 vade,
2973 593 3026 638 et
3077 597 3263 639 omnes
3311 583 3552 639 civitates

1977 685 2142 734 meas,
2175 679 2422 742 tanquam
2453 680 2568 725 tuas
2593 673 2855 744 proprias,
2899 675 2998 730 sub
3027 674 3104 727 tui
3142 674 3277 744 juris
3305 674 3551 729 domina-

1977 765 2177 818 tionem
2206 765 2430 835 subjice.
2462 764 2604 821 Nihil
2634 766 2797 834 enim,
2834 767 3148 823 facientibus
3177 767 3337 838 359
3365 782 3552 837 pecca-

1977 855 2065 920 tis,
2094 855 2163 910 de
2203 857 2368 924 stirpe
2396 872 2514 912 mea
2563 859 2838 925 remansit,
2887 859 2990 913 nisi
3038 867 3094 913 tu
3125 866 3329 913 tantum
3363 867 3421 925 °,
3459 861 3553 928 qui

1977 947 2079 1000 mei
2107 947 2257 1001 fratri
2291 961 2378 1003 ses
2416 949 2575 1003 filius.
2615 949 2694 1004 Tu
2737 950 2879 1005 enim
2908 950 3082 1006 haeres
3121 950 3174 1004 in
3206 950 3353 1007 omni
3390 965 3556 1020 regno

1977 1053 2098 1092 meo
2125 1039 2382 1106 succede,
2432 1041 2644 1096 caeteris
2670 1041 3038 1098 exhzeredibus
3079 1042 3250 1098 factis.
3291 1043 3441 1102 Tunc
3470 1060 3556 1099 re-

1975 1134 2115 1189 lictis
2145 1135 2411 1201 omnibus,
2438 1145 2712 1208 assumpto
2737 1150 2976 1192 seorsum
3006 1153 3195 1206 puero,
3236 1139 3371 1192 clam
3403 1138 3554 1192 Iocu-

1975 1235 2060 1282 tus
2097 1239 2212 1296 est,
2257 1230 2401 1299 prius
2429 1231 2703 1287 obtestans
2756 1232 3188 1302 diligentissime,
3240 1249 3308 1288 ne
3346 1242 3554 1288 secreta

1973 1319 2260 1376 collocutio
2303 1321 2396 1376 ulli
2425 1321 2696 1376 hominum
2731 1322 3071 1392 panderetur.
3103 1321 3251 1377 Tunc
3294 1321 3554 1377 indicavit

1974 1411 2025 1465 ei
2072 1425 2205 1481 quos
2245 1412 2297 1464 in
2343 1412 2570 1466 consilio
2609 1412 2868 1481 haberet,
2905 1421 2996 1467 aut
3021 1422 3298 1482 sperneret
3328 1427 3357 1465 a
3386 1412 3552 1466 collo-

267 1045 576 1100 ducuntur.
602 1044 753 1098 Tunc
777 1043 851 1098 illi
878 1045 1002 1114 quid
1027 1052 1352 1113 quaererent,
1383 1042 1448 1096 ad
1479 1057 1638 1112 quem
1663 1041 1876 1108 directi,

271 1137 415 1192 vela
448 1151 560 1205 quo
589 1135 784 1190 fuerint
817 1136 963 1190 missi
987 1150 1181 1206 negare
1207 1151 1310 1189 non
1333 1134 1468 1197 ausi,
1499 1134 1651 1188 aiunt
1684 1151 1700 1187 :
1731 1132 1876 1189 Gun-

267 1228 572 1293 dovaldus,
598 1227 692 1296 qui
710 1242 879 1296 nuper
901 1227 967 1280 ab
987 1226 1202 1281 Oriente
1221 1227 1465 1293 veniens,
1485 1225 1611 1280 dicit
1628 1240 1688 1280 se
1708 1226 1873 1280 ﬁlium

264 1339 394 1378 esse
434 1321 606 1392 patris
634 1322 796 1376 vestri
843 1321 984 1388 regis
1032 1319 1443 1384 Chothacharii,
1494 1318 1639 1374 misit
1674 1334 1772 1374 nos
1818 1329 1875 1375 ut

260 1415 448 1485 358
473 1412 712 1466 debitam
744 1412 1042 1480 portionem
1070 1411 1217 1479 regni
1262 1411 1342 1465 sui
1378 1410 1597 1480 recipiat
1628 1428 1642 1464 :
1673 1411 1752 1465 sin
1781 1426 1876 1465 au-

258 1516 377 1559 tem
405 1520 442 1559 a
470 1504 626 1559 vobis
654 1518 759 1558 non
782 1502 1042 1568 redditur,
1068 1502 1320 1557 noveritis
1346 1518 1467 1557 eum
1494 1503 1548 1556 in
1571 1501 1668 1556 bas
1692 1511 1873 1571 partes
1973 1501 2128 1571 quio;
2159 1502 2352 1571 quibus
2373 1516 2432 1557 se
2461 1504 2725 1568 crederet,
2758 1518 2891 1573 quos
2919 1504 3140 1570 vitaret,
3168 1517 3300 1573 quos
3323 1505 3552 1558 honora-

253 1613 392 1651 cum
434 1597 685 1652 exercitu
712 1609 833 1650 esse
862 1604 1167 1649 venturum.
1214 1595 1413 1649 Omnes
1442 1594 1585 1648 enim
1615 1594 1718 1648 viri
1761 1595 1870 1647 lor-
1975 1604 2056 1649 ret
2082 1596 2430 1663 muneribus,
2479 1613 2613 1667 quos
2640 1598 2706 1652 ab
2735 1597 2939 1652 honore
2983 1598 3295 1665 depelleret.
3346 1599 3552 1653 Interea

253 1691 478 1744 tissimi
511 1688 748 1757 regionis
771 1686 936 1752 illius,
968 1701 1087 1753 quae
1118 1686 1255 1741 ultra
1294 1685 1649 1740 Dorononiam
1679 1687 1778 1740 sita
1802 1683 1870 1739 ad
1898 1671 1944 1732 Β
1973 1685 2317 1752 interdicens,
2349 1696 2408 1742 ut
2439 1688 2681 1757 Egidium
2715 1689 3022 1760 episcopum
3055 1690 3432 1756 Rhemensem,
3463 1691 3553 1760 qui

251 1781 486 1834 Gallias
533 1779 786 1848 pertinet,
817 1779 866 1833 ei
897 1777 1164 1846 conjuncti
1196 1787 1351 1840 sunt;
1384 1786 1438 1831 et
1467 1777 1535 1830 ita
1584 1776 1702 1830 inﬁt
1734 1793 1746 1829 :
1777 1775 1869 1830 Ju-
1971 1777 2021 1830 ei
2063 1790 2276 1846 semper
2305 1777 2548 1833 inimicus
2577 1781 2889 1847 exstiterat,
2941 1779 3086 1834 nullo
3125 1781 3284 1834 modo
3316 1788 3408 1834 aut
3434 1796 3551 1834 cre-

251 1869 482 1924 dicabit
506 1877 634 1923 tunc
659 1869 815 1934 Deus,
843 1881 964 1921 cum
991 1867 1042 1920 in
1071 1867 1224 1920 unius
1245 1867 1418 1932 campi
1442 1865 1871 1934 planitiejunxe-
1970 1866 2139 1933 deret,
2170 1877 2261 1922 aut
2287 1884 2466 1925 secum
2494 1869 2714 1926 haberet
2749 1869 2789 1935 ί,
2824 1871 2947 1940 quia
2975 1880 3030 1926 et
3067 1871 3168 1941 ipsi
3195 1882 3248 1927 et
3287 1874 3421 1942 patri
3451 1889 3550 1928 suo

255 1962 476 2026 rimus,
511 1969 687 2013 utrum
714 1957 815 2012 sim
846 1957 1240 2010 Chlothaeharii
1269 1954 1427 2020 filius,
1466 1971 1532 2010 an
1562 1971 1690 2012 non.
1720 1957 1870 2012 Tunc
1968 1961 2163 2028 saepius
2198 1960 2512 2030 pejerasset.
2545 1961 2747 2017 Deinde
2775 1979 2893 2016 cum
2923 1963 2988 2016 ad
3020 1966 3320 2020 convivium
3351 1981 3548 2022 conve-

253 2069 363 2106 rex
404 2052 597 2106 furore
626 2065 914 2106 succensus
941 2049 1101 2118 jussit
1143 2063 1239 2104 eos
1264 2050 1330 2103 ad
1361 2049 1626 2106 trochleas
1655 2051 1868 2106 extendi
1969 2050 2211 2116 nissent,
2266 2051 2646 2107 cohortabatur
2699 2052 3126 2108 Guntchramnus
3182 2071 3281 2110 rex
3332 2071 3545 2112 omnem

254 2153 315 2197 et
346 2143 660 2198 fortissime
686 2143 857 2210 credi,
904 2142 1030 2197 utsi
1073 2156 1198 2196 vera
1243 2151 1423 2195 eseam
1446 2157 1563 2210 quae
1602 2142 1865 2208 dicerent,
1970 2142 2296 2208 exercitum,
2339 2142 2559 2198 dicens:
2593 2143 2812 2210 Videte,
2846 2160 2878 2199 ο
2908 2145 3030 2211 viri,
3071 2148 3191 2214 quia
3223 2145 3360 2202 filius
3400 2163 3547 2202 meus

256 2235 588 2291 evidentius
615 2234 1007 2303 approbarent;
1032 2232 1154 2288 etsi
1182 2233 1382 2302 aliquid
1405 2233 1512 2287 doli
1535 2233 1709 2288 adhuc
1730 2235 1869 2288 intra
1969 2231 2339 2288 Childebertus
2363 2233 2474 2303 jam
2505 2233 2584 2287 vir
2613 2250 2832 2304 magnus
2860 2235 3084 2290 effectus
3113 2246 3214 2291 est.
3250 2237 3452 2301 Videte,
3490 2247 3547 2293 ct

262 2340 569 2397 pectorum
593 2343 788 2382 arcana
819 2327 1131 2388 retinerent,
1161 2327 1240 2380 vis
1272 2334 1660 2380 tormentorum
1691 2336 1869 2382 extor-

260 2432 473 2491 queret
496 2421 697 2476 invitis.
730 2420 932 2476 Deinde
961 2403 1382 2474 increscentibus
1409 2421 1698 2489 suppliciis,
1722 2422 1871 2476 aiunt.

261 2524 498 2584 neptem
531 2513 706 2579 illius,
754 2513 805 2568 id
836 2519 915 2568 est
948 2513 1086 2582 regis
1123 2511 1407 2580 Chilperiei
1455 2514 1617 2568 filiam
1644 2512 1706 2580 b,
1747 2529 1866 2568 eum

263 2605 556 2674 Magnulfo
584 2605 970 2659 Tolosanorum
1017 2603 1269 2673 episcopo
1313 2604 1502 2659 exsilio
1535 2605 1864 2671 deputatam,

264 2701 567 2750 thesauros
611 2711 799 2749 omnes
838 2694 905 2747 ab
954 2697 1068 2763 ipso
1119 2694 1464 2748 Gundovaldo
1512 2695 1750 2750 sublatos
1801 2709 1864 2761 c;

268 2787 454 2853 ipsum
503 2801 716 2854 quoque
760 2800 935 2853 regem
994 2784 1062 2838 ab
1105 2785 1357 2838 omnibus
1409 2784 1700 2852 majoribus
1738 2797 1866 2842 natu

270 2879 609 2934 Childeberti
665 2876 805 2947 regis
861 2877 1152 2945 expetitum
1203 2890 1377 2929 esse:
1419 2876 1513 2930 sed
1571 2878 1862 2943 praesertim

275 2986 400 3024 cum
428 2969 867 3026 Guntchramnus
899 2969 1037 3021 Boso
1063 2977 1186 3021 ante
1218 2968 1316 3021 hos
1347 2982 1516 3022 annos
1559 2967 1865 3025 Constanti-

279 3065 517 3129 nopolim
549 3062 799 3124 abiisset,
847 3060 1125 3130 ipsumque
1152 3060 1202 3113 in
1235 3059 1432 3114 Gallias
1460 3063 1754 3117 invitasset.

351 3152 596 3208 XXXIII.
639 3151 839 3218 Quibus
867 3152 1057 3217 casis,
1099 3161 1152 3206 et
1181 3152 1233 3205 in
1279 3165 1552 3207 carcerem
1603 3154 1855 3217 retrusis,

283 3261 374 3299 rex
409 3245 663 3300 arcessiri
706 3252 952 3309 nepotem
980 3257 1132 3295 suum
1162 3240 1557 3297 Cliildebertutn
1580 3243 1728 3310 jubet
1750 3283 1762 3302 .
1810 3254 1867 3296 nt

281 3336 486 3390 scilicet
533 3334 805 3403 conjuncti
855 3333 1051 3402 pariter
1098 3333 1340 3386 homines
1388 3336 1518 3388 istos
1557 3334 1741 3387 audire
1771 3334 1865 3388 de-

283 3425 492 3479 berent.
526 3425 768 3491 Denique
794 3439 913 3477 cum
955 3423 1113 3478 simul
1159 3423 1429 3491 conjuncti
1462 3423 1607 3477 viros
1637 3424 1865 3479 interro-

284 3527 488 3582 garent,
524 3516 856 3568 iteraverunt
891 3529 952 3568 ea
982 3514 1192 3582 regibus
1222 3515 1378 3568 sinml
1407 3515 1725 3583 astantibus,
1749 3533 1865 3584 qua:

287 3612 427 3674 prius
455 3607 605 3659 solus
653 3621 748 3659 rex
790 3605 1217 3658 Guntchramnus
1264 3605 1486 3658 audivit-
1534 3609 1864 3661 Asserebant

288 3699 440 3751 etiam
472 3707 782 3752 constanter
811 3698 948 3751 hanc
973 3711 1208 3762 causam,
1242 3699 1378 3750 sicut
1402 3697 1509 3764 jam
1539 3714 1698 3764 supra
1727 3699 1864 3752 dixi-

288 3806 431 3855 mus,
476 3790 726 3844 omnibus
751 3789 1054 3843 senioribus
1086 3789 1139 3842 in
1180 3802 1344 3856 regno
1371 3787 1696 3843 Gltildeberti
1727 3792 1864 3862 regis

288 3900 404 3938 esse
433 3883 723 3953 cognitam.
758 3883 823 3936 Et
861 3882 929 3937 ob
953 3881 1054 3936 hoc
1075 3881 1314 3936 nonnulli
1343 3881 1408 3935 de
1438 3882 1702 3949 prioribus
1727 3883 1864 3951 regis

289 3976 616 4033 Childeberti
647 3980 700 4029 in
745 3975 848 4030 hoc
875 3974 1124 4044 placitum
1153 3974 1300 4028 abire
1331 3975 1651 4038 timuerunt,
1693 3976 1780 4045 qui
1810 3973 1864 4030 in

358 4121 382 4148 ι
421 4112 594 4166 Graeci
642 4109 799 4177 legati
829 4108 1117 4164 caduceum
1168 4105 1479 4161 deferebant
1514 4121 1580 4161 ex
1622 4108 1684 4160 L.
1728 4107 1866 4162 San-

290 4194 419 4236 ctum
449 4182 514 4248 ff.
545 4182 609 4233 de
637 4197 805 4233 rerum
837 4179 1104 4234 divisione.
1135 4179 1268 4231 llinc
1309 4178 1602 4232 Mercurius
1642 4178 1861 4232 deorum

293 4256 503 4306 nuntius
545 4266 702 4303 manu
743 4251 982 4319 gestabat
1043 4250 1333 4302 caduceum
1360 4287 1375 4312 ,
1417 4264 1570 4314 quem
1615 4249 1862 4317 Virgilius

293 4326 374 4377 lib.
409 4339 458 4376 tv
491 4320 705 4376 Eneid.
739 4321 937 4389 virgam
974 4321 1226 4387 appellat.
1256 4319 1518 4372 Caeterum
1565 4319 1709 4373 solus
1739 4321 1857 4375 cod.

292 4394 435 4448 Colb.
469 4409 519 4446 a.
562 4393 853 4459 legatorum
885 4392 1096 4444 nomina
1131 4389 1401 4457 exprimit.

359 4463 382 4500 ιι
421 4464 744 4532 Rigunthem
779 4460 1504 4532 Iteccaredordesponsatam.

358 4544 382 4573 α
425 4530 601 4594 Editi,
646 4532 868 4584 sublatos
895 4530 1194 4584 reddidisse.

356 4604 382 4641 ά
424 4605 642 4657 llaStam
671 4604 872 4670 regium
906 4600 1109 4668 insigne
1148 4600 1285 4668 apud
1325 4599 1560 4653 Francos
1585 4600 1857 4656 exstitisse

295 4685 428 4744 patet
451 4690 513 4744 ex
541 4673 738 4744 annulo
759 4670 1038 4725 Cbilderici
1063 4671 1081 4723 l
1104 4671 1371 4744 regis,q_ui
1398 4672 1446 4744 in
1475 4670 1589 4735 ejus
1610 4671 1856 4736 sepulcro

294 4741 402 4798 cum
434 4743 554 4796 aliis
582 4743 807 4796 cimeliis
833 4744 1079 4795 inventus
1121 4751 1223 4795 est.
1258 4741 1332 4794 lbi
1362 4742 1502 4794 enim
1528 4754 1619 4791 rex
1651 4755 1854 4808 reprae-

296 4823 556 4880 sentatnr,
602 4813 876 4880 promissis
906 4813 956 4864 in
996 4813 1248 4865 humeros
1289 4813 1525 4878 capillis,
1559 4811 1759 4862 hastam
1800 4809 1856 4865 in

297 4886 478 4952 sceptri
544 4884 758 4956 modum
817 4897 976 4956 manu
1035 4891 1269 4956 gestans.
1336 4881 1466 4956 \_’id_e
1507 4880 1853 4956 ‘Ghifllel‘ium

298 4951 402 5022 mg;
433 4957 500 5009 915
518 4996 533 5019 ,
587 4955 638 5005 in
669 4954 804 5006 libro
849 4967 912 5006 ea
936 4953 1003 5006 de
1029 4968 1087 5007 re
1113 4953 1256 5006 edito
1284 4953 1383 5006 sub
1407 4951 1682 5004 Anastasis
1710 4951 1856 5005 Chil-

298 5027 443 5080 derici
483 5025 724 5078 nomine.

424 5097 548 5149 Erat
588 5106 768 5147 tamen
808 5093 1020 5158 insuper
1065 5091 1367 5146 Chlotarius
1408 5091 1655 5160 parvulus
1700 5089 1852 5144 Chil-

301 5166 444 5233 perici
489 5166 650 5228 ﬁlius,
679 5165 766 5232 qui
797 5165 932 5231 apud
974 5163 1326 5216 Victoriacnm
1361 5163 1726 5216 nutriebatur:
1756 5161 1851 5214 sed

301 5253 404 5289 cum
431 5237 665 5289 nondum
693 5249 723 5286 a
749 5233 1078 5289 Gnntramno
1106 5233 1248 5285 visus
1274 5235 1475 5292 fuisset,
1505 5244 1560 5284 ut
1591 5233 1701 5300 ipse
1729 5245 1859 5283 con-

303 5311 518 5371 qttcritul’
548 5309 645 5362 lib.
677 5321 795 5370 vm,
824 5319 942 5372 cap.
968 5305 1022 5368 9,
1049 5306 1135 5356 vix
1167 5308 1336 5370 ipsum
1371 5304 1595 5358 habebat
1625 5315 1720 5370 pro
1745 5302 1856 5355 lilio

305 5393 440 5432 recte.

354 5393 504 5504 ἦ’ἔξω
533 5447 692 5503 Colb.
717 5462 770 5499 a.
803 5445 897 5497 alt.
925 5459 1082 5498 manu
1102 5461 1115 5507 ;
1139 5445 1252 5514 alii,
1277 5456 1363 5498 aut
1393 5444 1610 5498 haberet.
1639 5441 1849 5513 Regm.,

306 5521 626 5574 consiliarium
665 5518 894 5569 haberet.

361 5598 382 5636 ε
413 5589 796 5646 Childcbcrtus
837 5601 1031 5639 annum
1061 5586 1226 5639 artatis
1258 5585 1323 5637 ll
1361 5599 1623 5654 egressus,
1653 5593 1704 5638 et
1733 5599 1845 5635 tua-

304 5657 380 5729 Ior,
415 5665 488 5722 uti
519 5675 672 5720 nunc
721 5658 1017 5722 loquimur,
1064 5656 1393 5719 declaratus,
1437 5671 1651 5724 regnum
1692 5669 1846 5710 suum

1969 2333 2186 2388 cavete,
2232 2338 2299 2378 ne
2343 2339 2462 2379 eum
2502 2339 2598 2393 pro
2627 2326 2848 2394 parvulo
2879 2327 3116 2382 habeatis
3142 2337 3192 2382 κ.
3241 2327 3546 2398 Relinquite

1970 2426 2110 2465 nunc
2142 2415 2517 2481 perversitates
2535 2456 2548 2480 ,
2579 2423 2738 2485 atque
2766 2417 3207 2485 prmsumptiones
3235 2434 3365 2488 quas
3394 2435 3547 2473 exer-

1969 2491 2139 2557 cetis:
2170 2505 2289 2572 quia
2320 2519 2412 2560 rex
2439 2514 2552 2571 est,
2593 2506 2679 2560 cui
2713 2521 2807 2561 vos
2835 2523 2974 2563 nunc
3013 2509 3284 2564 deservire
3322 2510 3546 2566 debetis.

1973 2593 2096 2648 llaec
2135 2603 2188 2649 et
2229 2594 2312 2649 his
2348 2596 2542 2651 similia
2584 2597 2820 2666 locutus,
2874 2614 2967 2666 per
3014 2600 3244 2655 triduum
3272 2603 3548 2670 epulantes

1970 2693 2127 2752 atque
2151 2684 2524 2753 joeundantes,
2557 2687 2845 2758 multisque
2874 2690 3183 2745 muneribus
3219 2692 3547 2761 locupletan-

1971 2783 2084 2840 tes,
2136 2793 2256 2830 cum
2309 2791 2438 2846 pace
2477 2778 2857 2834 discesserunt.
2909 2781 3057 2839 Tunc
3095 2783 3143 2835 ei
3183 2783 3412 2837 reddidit
3450 2800 3545 2840 rex

1967 2867 2400 2921 Guntchramnus
2428 2871 2626 2935 omnia,
2661 2886 2778 2940 quae
2806 2880 2955 2940 pater
2983 2871 3097 2940 ejus
3125 2872 3420 2943 Sigibertus
3451 2876 3546 2929 ha-

1970 2961 2179 3027 buerat,
2205 2962 2482 3017 obtestans
2514 2978 2581 3019 ne
2611 2962 2678 3017 ad
2709 2972 2933 3019 matrem
2979 2965 3286 3032 accederet,
3318 2982 3384 3022 ne
3409 2966 3546 3022 forte

1906 3045 1935 3101 ΣΞ
1969 3054 2160 3123 aliquis
2208 3056 2426 3112 daretur
2471 3056 2690 3123 aditus,
2741 3059 2968 3126 qualiter
3017 3061 3085 3114 ad
3137 3062 3541 3118 Gundovaldum

1965 3145 2242 3206 scriberet.
2271 3153 2364 3199 aut
2391 3146 2457 3199 ab
2485 3162 2550 3201 eo
2575 3149 2773 3216 scripta
2801 3149 3097 3218 susciperet

2035 3237 2279 3293 XXXIV.
2330 3237 2493 3308 Igitur
2548 3237 2929 3295 Gundovaldus
2966 3256 3088 3297 cum
3147 3240 3384 3298 audisset
3442 3244 3544 3301 sibi

1964 3329 2255 3384 exercitum
2304 3330 2688 3400 pr0pinquarc,
2737 3332 2955 3386 relictus
2983 3349 3012 3388 a
3045 3333 3316 3390 Desiderio
3379 3335 3537 3402 duce,

1967 3418 2268 3474 Garunnam
2325 3436 2446 3475 cum
2488 3421 2774 3491 Sagittario
2821 3423 3113 3494 episeopo,
3163 3424 3452 3480 Mummolo
3489 3437 3544 3480 et

1967 3510 2214 3566 Bladaste
2241 3511 2493 3579 ducibus,
2537 3521 2694 3584 atque
2725 3512 3006 3571 Waddone
3034 3518 3295 3584 transivit,
3338 3517 3547 3573 Conve-

1967 3616 2062 3656 nas
2103 3600 2129 3638 ιι
2161 3613 2422 3671 petentes.
2473 3603 2568 3657 Est
2611 3603 2751 3658 enim
2800 3607 2929 3662 urbs
2972 3607 3024 3660 in
3052 3609 3326 3664 cacumine
3349 3610 3543 3664 montis

1964 3697 2091 3760 sita,
2137 3696 2370 3763 nullique
2399 3697 2563 3750 monti
2590 3699 2860 3765 contigua.
2895 3698 3040 3754 Fons
3069 3713 3291 3764 magnus
3361 3702 3427 3754 ad
3458 3718 3542 3756 ra-

1965 3787 2134 3841 dicem
2160 3789 2352 3841 montis
2373 3803 2679 3858 erumpens,
2701 3789 3061 3846 circumdatus
3083 3803 3225 3847 turre
3245 3793 3533 3859 tutissima;

1965 3877 2030 3930 ad
2063 3893 2215 3946 quem
2237 3879 2396 3947 380
2425 3893 2518 3947 per
2555 3879 2856 3934 cuniculum
2882 3881 3267 3938 descendentes
3290 3897 3356 3937 ex
3386 3885 3538 3951 urbe,

1965 3968 2194 4024 latenter
2230 3969 2417 4023 latices
2463 3969 2738 4024 hauriunt.
2795 3970 2942 4026 Hanc
2971 3971 3112 4026 enim
3156 3973 3427 4042 ingressus
3457 3990 3544 4029 ur-

1966 4105 2080 4172 ipse
2136 4103 2507 4176 administrare
2550 4106 2740 4172 coepit.
2797 4108 2884 4164 Sic
2921 4118 2976 4163 et
3025 4117 3206 4176 postea
3259 4109 3537 4166 Balthildis

1965 4175 2370 4250 Ghlotario__f_i|_io
2396 4190 2508 4250 _su_o
2533 4176 2870 4250 pubertatem
2901 4175 3142 4250 ingresso
3180 4180 3330 4250 regni
3358 4194 3539 4236 curam

1965 4246 2188 4301 dimisit.
2228 4245 2438 4300 Videsis
2465 4245 2642 4301 Vales.
2689 4249 2781 4305 tib.
2816 4265 2894 4302 xu
2938 4245 3042 4302 rer.
3086 4245 3326 4304 Francic.

2036 4316 2060 4355 ἒι
2102 4317 2416 4389 Lugdun_um
2456 4317 2828 4389 Convenurum
2876 4320 3012 4387 apud
3058 4328 3266 4375 veteres
3305 4321 3535 4389 dicitur,

1968 4399 2074 4442 tum
2100 4403 2128 4442 a
2161 4386 2286 4454 situ,
2316 4386 2523 4441 Dunum
2552 4387 2751 4456 quippe
2780 4386 2920 4457 apud
2946 4398 3152 4444 veteres
3180 4390 3359 4445 Gallos
3387 4386 3540 4448 mons

1968 4468 2086 4524 est,
2120 4468 2229 4511 tum
2270 4459 2337 4511 ab
2368 4460 2650 4514 occasione
2685 4474 2789 4528 qua
2814 4460 3083 4514 conditum
3110 4458 3235 4522 fuit,
3267 4462 3406 4529 quod
3436 4465 3539 4516 sci-

1971 4532 2094 4585 licet
2117 4528 2268 4583 multi
2314 4533 2365 4583 in
2387 4543 2506 4600 eum
2548 4530 3125 4600 locumconvenerint.
3154 4528 3294 4586 Remi
3311 4533 3540 4600 explicat

1970 4602 2322 4669 Hieronymus
2353 4599 2609 4654 adversus
2634 4599 2976 4670 Vigilantium
3007 4601 3058 4654 in
3084 4617 3142 4654 ea
3169 4605 3298 4657 urbe
3319 4599 3496 4656 natum
3523 4622 3538 4655 :

1966 4673 2276 4741 flespondet,
2309 4672 2502 4737 inquit,
2523 4675 2696 4741 generi
2736 4687 2862 4737 suo,
2901 4682 2955 4725 ut
2991 4673 3074 4740 qui
3104 4674 3170 4724 de
3199 4673 3451 4726 latronum
3493 4682 3540 4727 et

1959 4739 2307 4813 Camenarum
2338 4750 2483 4813 natus
2497 4739 2578 4813 est
2598 4743 2807 4801 semine,
2837 4759 2962 4811 quos
2992 4739 3082 4796 Cn.
3116 4741 3388 4813 Pompeius
3417 4743 3539 4796 edo-

1958 4814 2081 4863 mita
2124 4810 2381 4877 Hispania
2406 4812 2459 4863 in
2489 4809 2729 4880 Pyreuan
2750 4809 2892 4883 jugis
2932 4815 3185 4883 deposuit,
3225 4809 3270 4865 et
3299 4813 3352 4865 in
3384 4828 3539 4883 unum

1962 4882 2207 4952 oppidum
2255 4885 2612 4952 congregavit,
2667 4881 2893 4937 unde—et
2939 4881 3283 4937 convenarum
3327 4881 3472 4952 urbs.
3500 4883 3536 4935 li

1961 4950 2114 5023 erant
2139 4950 2462 5023 Wascones,
2483 4953 2582 5023 qui
2617 4963 2746 5023 tunc
2773 4953 3148 5023 Pyrenaeorum
3175 4954 3315 5023 juga_
3339 4951 3538 5006 incole-

1963 5022 2111 5075 bant.
2155 5022 2294 5088 Lege
2325 5022 2586 5077 Valesium
2626 5023 2685 5076 in
2719 5020 2914 5077 Notitia
2945 5021 3250 5076 Galliarum.
3276 5020 3536 5075 Caeterum

1965 5093 2076 5146 haec
2106 5093 2230 5145 urbs
2255 5105 2394 5144 anno
2424 5091 2527 5148 685'
2565 5109 2595 5145 a
2626 5093 2962 5148 Gnntramno
2990 5090 3182 5152 diruta,
3213 5101 3272 5144 ut
3315 5090 3534 5145 inferius

1961 5171 2142 5216 narrat
2181 5161 2503 5230 Gregorius,
2553 5164 2642 5216 diu
2685 5163 2888 5226 iacuit,
2933 5161 3058 5214 sede
3104 5161 3390 5228 episcopali
3430 5163 3536 5217 alio

1962 5235 2249 5296 translata;
2295 5231 2388 5285 sed
2418 5247 2445 5284 a
2477 5232 2810 5294 Bertranuo,
2857 5232 2942 5298 qui
2991 5246 3131 5284 anno
3179 5230 3314 5285 “'10
3354 5231 3532 5286 vivere

1959 5305 2146 5366 desiit,
2181 5312 2444 5368 utcunque
2489 5313 2769 5368 reparata,
2810 5303 2911 5354 coli
2943 5316 3004 5355 ac
3048 5300 3330 5355 inhabitari
3353 5303 3534 5366 coepit.

1965 5375 2114 5430 Unde
2144 5388 2334 5427 nomen
2361 5370 2679 5425 restitutoris
2703 5374 2997 5438 accipiens,
3026 5387 3164 5425 nunc
3185 5373 3340 5441 vulgo
3364 5379 3534 5429 sancti

1962 5443 2232 5499 Bertrandi
2261 5443 2621 5501 Convenensis
2649 5449 2802 5499 urbs.
2836 5441 3263 5496 Saint-Bertrand
3290 5445 3350 5495 de
3381 5442 3532 5495 Com-

1958 5518 2174 5582 minges,
2227 5513 2448 5580 dic-itur,
2497 5515 2596 5570 sub
2645 5514 2928 5584 metropoli
2968 5514 3242 5572 Ausciensi
3292 5515 3344 5568 in
3405 5513 3532 5568 Wa-

1953 5600 2152 5643 εςοιιιίι.
