3942 6190
536 242 637 303 419

1528 237 1587 296 S.
1627 234 1957 293 GREGORH
1998 231 2299 290 EPISCOPI
2339 225 2760 287 TURONENSIS

3680 227 3783 281 420

532 372 651 427 beru
687 369 740 426 in
770 368 918 423 initio
946 366 1374 439 Quadragesimae
1402 367 1609 425 locutus
1638 374 1719 421 est
1747 364 1987 431 civibus,
2017 363 2101 417 di-
2131 366 2183 425 Α
2206 367 2331 409 esse
2368 366 2399 406 a
2422 348 2741 406 Christianis
2787 346 2922 402 lauti
2968 343 3234 439 martyris,
3254 343 3533 400 basilicam
3580 344 3785 439 violan-

529 478 656 519 eens
689 486 703 517 ;
741 462 1003 518 Noveritis
1039 478 1127 519 me
1168 477 1290 517 cum
1338 463 1625 526 omnibus,
1677 464 1767 530 qui
1827 462 1879 515 in
1932 473 2100 530 regno

529 556 853 613 Cbildeberti
894 554 1188 623 habentur,
1238 555 1464 609 electum
1516 570 1635 609 esse
1683 569 1892 624 regem,
1940 562 2098 621 atque

528 650 709 704 haberi
738 663 944 704 mecum
975 664 1076 701 non
1107 646 1371 703 modicum
1398 646 1671 701 solatium.
1711 644 1817 700 Sed
1846 645 2095 713 quoniam

528 745 692 795 frater
731 755 879 794 meus
908 738 1336 794 Guntchramnus
1365 752 1459 792 rex
1498 738 1815 791 immensum
1842 736 2097 792 adversus

526 850 613 888 tne
659 840 842 889 movet
885 832 1210 901 exercitum,
1261 838 1472 899 oportet
1509 843 1605 883 vos
1648 828 1898 883 alimenta
1939 837 2098 897 atque

527 936 774 982 cunctam
816 924 1195 995 supellectilem
1245 923 1379 979 intra
1426 937 1701 978 murorum
1751 921 2097 975 munitionem

525 1020 879 1084 corrcludere,
924 1028 984 1073 ut
1028 1017 1231 1073 scilicet
1258 1017 1384 1071 dum
1413 1016 1569 1070 nobis
1594 1013 1685 1068 illa
1718 1014 1883 1083 pietas
1919 1013 2097 1068 divina

525 1123 683 1186 auget
726 1112 971 1168 solatium
994 1153 1011 1178 ,
1063 1126 1167 1165 non
1196 1109 1426 1179 pereatis
1456 1107 1653 1177 inopia.
1696 1107 1819 1161 Haec
1847 1108 1952 1161 illis
1980 1120 2096 1160 cre-

526 1205 805 1270 dentibus,
850 1216 1182 1272 quaecunque
1219 1198 1416 1255 habere
1444 1205 1730 1268 potuerunt
1776 1196 2098 1251 collocantes

526 1299 580 1351 in
609 1297 739 1353 urbe
764 1293 1137 1366 praeparabant
1162 1305 1220 1346 se
1248 1290 1313 1344 ad
1344 1288 1719 1344 resistendum.
1754 1287 1828 1341 Eo
1858 1297 2098 1354 tempore

527 1389 956 1446 Guntcbramnus
995 1400 1088 1441 rex
1134 1382 1278 1436 misit
1308 1381 1512 1435 litteras
1552 1377 1618 1433 ad
1650 1376 2052 1433 Gundovaldum
2078 1414 2095 1441 ,

526 1497 589 1536 ex
623 1480 836 1535 nomine
867 1474 1221 1532 Brunicbildis
1268 1472 1463 1540 reginae
1488 1471 1541 1524 in
1581 1468 1772 1539 quibus
1816 1477 1935 1522 erat
1966 1467 2100 1522 scri-

529 1582 675 1643 ptum
696 1612 709 1632 ,
741 1579 798 1623 ut
844 1568 1030 1624 relicto
1056 1564 1291 1620 exercitu
1331 1570 1385 1617 et
1408 1562 1463 1615 in
1493 1563 1604 1616 loca
1634 1575 1726 1623 sua
1754 1559 1900 1613 abire
1926 1558 2094 1627 jusso,

530 1668 646 1736 ipse
690 1662 944 1718 remotior
981 1658 1116 1728 apud
1164 1655 1604 1726 Burdegalensem
1651 1651 1835 1706 urbem
1877 1649 2095 1704 hiberna

2202 447 2346 511 dam,
2377 443 2532 513 cujus
2570 444 2706 497 ostia
2730 454 2942 497 sumuto
2981 439 3159 495 studio
3188 437 3436 493 obserata
3462 445 3640 492 erant.
3680 437 3787 495 Nec

2201 558 2352 598 mora
2391 546 2823 613 apprOpinquaus
2845 545 3112 597 exercitus
3154 557 3275 598 cum
3320 557 3571 601 reserare
3602 547 3787 616 templi

2199 636 2381 691 valvas
2425 651 2533 690 non
2560 635 2782 702 valeret,
2814 637 2987 705 ignem
3031 636 3787 709 aceendit;‘cousumptisque

2200 728 2385 797 ostiis,
2427 743 2640 783 omnem
2681 729 3031 784 substantiam
3075 718 3428 800 cunctamque
3475 732 3786 801 supellecti-

2200 820 2328 883 lem,
2358 834 2517 889 quam
2548 820 2603 875 in
2631 835 2695 875 ea
2738 819 2980 875 invenire
3006 831 3310 890 potuerunt,
3342 837 3462 878 eum
3493 824 3669 879 sacris
3690 825 3783 879 nti-

2201 909 2435 964 nisteriis
2479 911 2832 967 abstulerunt.
2890 911 2998 968 Sed
3046 914 3244 969 multos
3300 914 3374 970 ibi
3424 915 3561 970 ultio
3610 916 3781 971 divina

2200 1002 2495 1057 conterruit
2524 1002 2572 1056 ι’.
2604 1002 2737 1058 Nam
2764 1004 3030 1074 plerisque
3058 1020 3248 1062 manus
3275 1006 3534 1063 divinitus
3558 1009 3781 1064 ureban-

2199 1102 2314 1160 tur,
2350 1095 2658 1151 cmittentes
2705 1096 2902 1150 fumum
2934 1112 3217 1166 magnum,
3247 1099 3384 1154 sicut
3420 1114 3489 1155 ex
3534 1100 3780 1156 incendio

2198 1200 2418 1255 surgere
2442 1186 2599 1242 solet.
2647 1187 2895 1243 Nonnulli
2927 1190 3127 1259 arrepti
3157 1206 3184 1243 a
3213 1191 3476 1257 daemone,
3514 1196 3610 1261 per
3630 1208 3781 1248 ener-

2199 1279 2337 1349 giam
2368 1280 2758 1336 debacchantes
2798 1292 3088 1353 martyrem
3119 1282 3511 1337 declamabant.
3560 1282 3779 1337 Plurimi

2199 1386 2327 1426 vero
2350 1374 2541 1427 semoti
2571 1387 2599 1426 a
2626 1375 2783 1428 sociis
2814 1383 2837 1411 ε
2872 1375 3098 1444 propriis
3129 1390 3187 1429 se
3211 1375 3405 1444 jaculis
3444 1376 3776 1430 sauciabant.

2201 1464 2481 1533 Reliquum
2524 1480 2650 1520 vero
2679 1466 2866 1535 vulgus
2907 1466 3087 1521 inante
3123 1482 3228 1521 non
3259 1467 3373 1521 sine
3403 1468 3589 1535 grandi
3637 1477 3780 1521 metu

2200 1570 2539 1626 progressum
2568 1565 2668 1611 est.
2702 1556 2837 1622 Quid
2873 1556 3061 1623 plura?
3100 1557 3425 1611 Convenitur
3464 1558 3531 1610 ad
3570 1556 3780 1612 Conve-

2204 1662 2300 1702 nas
2328 1648 2428 1720 (sic
2465 1649 2606 1702 enim
2637 1648 2865 1703 diximus
2897 1664 3087 1703 nomen
3131 1649 3297 1718 urbis)
3330 1649 3610 1718 omnisque
3659 1650 3782 1719 pha-

529 1725 832 1811 d'educeret.
860 1725 1156 1821 Scrtpserat
1179 1749 1318 1803 enim
1351 1725 1464 1800 bace
1485 1745 1688 1809 dolose,
1717 1749 1775 1796 ut
1803 1740 1871 1796 de
1892 1755 1957 1794 eo
1981 1739 2093 1808 ple-
2129 1751 2172 1809 Β
2197 1743 2350 1812 langa
2373 1744 2424 1797 in
2455 1743 2757 1797 suburbana
2782 1742 2925 1797 urbis
2947 1725 3225 1811 campauia
3254 1752 3634 1796 castrametata
3676 1752 3778 1809 est,

526 1852 649 1906 nius
685 1846 807 1918 quid
845 1851 1054 1915 ageret,
1105 1848 1284 1911 posset
1313 1851 1621 1908 agnoscere.
1671 1834 1831 1903 igitur
1864 1845 2100 1886 commo-

526 1951 679 1997 rante
708 1955 771 1995 eo
811 1936 949 2009 apud
975 1934 1161 1991 urbem
1205 1930 1511 1993 Convenas,
1544 1928 1750 1981 locutus
1779 1932 1860 1981 est
1888 1923 2099 1989 incolis,

526 2034 747 2087 dicens:
780 2030 914 2084 Ecce
957 2027 1066 2097 jam
1118 2021 1386 2078 exercitus
1417 2017 1838 2088 appropinquat,
1890 2013 2099 2084 egredi-

528 2124 655 2178 mini
704 2122 767 2175 ad
800 2118 1177 2175 resistendum.
1208 2115 1411 2179 Quibus
1457 2108 1883 2180 egredientibus,
1930 2108 1979 2160 bi
2011 2122 2101 2160 oc-

527 2225 781 2284 cupantes
820 2221 996 2280 portas
1026 2219 1182 2277 atque
1221 2205 1559 2268 claudentes,
1592 2204 1807 2258 excluso
1833 2197 1963 2256 foris
2004 2213 2101 2267 po—

529 2308 683 2377 pulo,
732 2318 851 2357 cum
902 2302 1152 2368 episcopo
1208 2298 1307 2350 loci
1345 2306 1410 2359 ιι,
1458 2303 1645 2349 cuncta
1705 2308 1821 2361 quae
1870 2292 1921 2346 in
1970 2292 2102 2345 urbe

527 2396 765 2452 invenire
820 2399 1141 2462 potuerant,
1200 2388 1309 2440 suis
1372 2384 1663 2438 ditionibus
1730 2382 2097 2445 subdiderunt.

528 2492 799 2555 Tantaque
838 2484 908 2537 ibi
957 2479 1238 2536 multitudo
1279 2492 1503 2532 annonae
1547 2485 1704 2543 atque
1745 2474 1850 2528 vini
1890 2484 2099 2541 reperta

526 2592 630 2647 est,
660 2590 715 2634 ut
741 2579 784 2633 si
814 2576 1041 2631 viriliter
1066 2572 1369 2635 stetissent,
1403 2582 1499 2637 per
1522 2566 1811 2621 multorum
1842 2579 2097 2618 annorum

528 2676 696 2745 spatia
737 2672 910 2726 Victus
939 2666 1200 2722 alimentis
1240 2680 1344 2719 non
1376 2671 1614 2732 egerent.

601 2765 812 2825 XXXV.
853 2763 1142 2820 Audierant
1169 2759 1309 2813 enim
1351 2771 1417 2812 eo
1444 2763 1683 2822 tempore
1731 2752 1892 2806 duces
1935 2750 2102 2805 Gunt-

527 2863 765 2916 chramn.
796 2856 959 2927 regis,
1004 2849 1406 2907 Gundovaldum
1439 2847 1575 2900 ultra
1607 2842 1907 2898 Garounam
1938 2841 1989 2894 iu
2018 2841 2103 2892 lit~

528 2964 645 3009 tore
672 2950 905 3006 residere
933 2961 1053 3001 cum
1102 2942 1302 3012 ingenti
1340 2938 1579 2993 hostium
1611 2931 1978 2996 multitudine;
2021 2930 2101 2999 ip-

527 3060 722 3115 sosque
769 3043 1088 3103 thesauros,
1136 3049 1269 3105 quos
1309 3030 1591 3100 Rigunthis
1641 3028 1866 3115 tulerat,
1916 3038 2099 3115 secum

2202 1833 2380 1903 ibique
2426 1834 2660 1887 extensis
2715 1834 2956 1888 tentoriis
3003 1833 3287 1888 residebat.
3350 1834 3676 1888 Vastabatur
3728 1836 3782 1889 in

2201 1924 2425 1979 circuitu
2476 1933 2581 1978 tota
2620 1924 2816 1994 regio:
2859 1924 3098 1978 nonnulli
3145 1935 3323 1979 autem
3372 1922 3441 1978 ab
3489 1925 3782 1990 exercitu,

2202 2032 2336 2087 quos
2380 2018 2566 2071 fortior
2593 2019 2830 2071 avaritia:
2860 2018 3076 2071 aculeus
3126 2016 3429 2071 terebrabat
3451 2058 3465 2081 ,
3514 2017 3721 2088 longius
3747 2035 3782 2074 δ

2201 2109 2311 2162 suis
2350 2119 2660 2176 evagantes,
2696 2108 3086 2176 perimebantur
3114 2110 3179 2161 ab
3206 2107 3413 2161 incolis.

2254 2202 2433 2272 '362
2464 2201 2702 2254 XXXVI.
2739 2201 3107 2256 Ascendebant
3135 2201 3274 2253 enim
3302 2197 3326 2235 ἀ
3362 2200 3519 2255 tuttlti
3548 2216 3644 2270 per
3667 2201 3781 2254 col.

2206 2291 2344 2356 lem,
2384 2301 2442 2346 et
2483 2307 2602 2345 cum
2637 2290 2984 2346 Gundovaldo
3009 2292 3203 2358 smpius
3230 2293 3606 2359 loquebantur,
3641 2291 3783 2347 inle-

2206 2393 2388 2437 rentes
2419 2384 2469 2437 ei
2499 2385 2737 2437 convicia
2760 2424 2775 2448 ,
2808 2398 2869 2437 ac
2899 2384 3172 2438 dicentes:
3203 2382 3353 2436 Tune
3380 2398 3439 2436 es
3470 2385 3640 2451 pictor
3668 2384 3781 2448 ille,

2203 2476 2292 2544 qui
2323 2486 2564 2542 tempore
2601 2474 3003 2529 Cblotbacharii
3034 2475 3175 2544 regis
3206 2490 3300 2545 per
3330 2477 3561 2529 oratoria
3596 2477 3782 2544 parie-

2205 2580 2287 2623 tes
2316 2578 2477 2637 atque
2500 2583 2742 2623 cameras
2768 2568 3096 2623 cltaraxabas
3124 2566 3184 2619 οἳ
3214 2566 3367 2621 Tune
3386 2580 3442 2619 es
3470 2566 3578 2630 ille,
3608 2580 3783 2634 quem

2208 2661 2563 2715 Ballomerem
2596 2661 2812 2715 nomine
2840 2660 3033 2729 saepius
3071 2659 3364 2714 Galliarum
3404 2656 3587 2710 incola:
3624 2656 3780 2709 vocb-

2205 2754 2418 2807 tabant?
2441 2754 2587 2806 Tune
2616 2768 2675 2807 es
2702 2752 2820 2816 ille,
2846 2752 2935 2819 qui
2966 2750 3277 2818 plerumque
3306 2764 3337 2803 a
3366 2749 3577 2819 regibus
3604 2745 3780 2801 Fran~

2204 2857 2387 2897 corum
2413 2853 2630 2911 propter
2652 2842 2747 2896 bas
2777 2841 3215 2910 praesumptiones
3242 2854 3374 2908 quas
3402 2839 3631 2908 prolers.
3658 2848 3781 2893 ton-

2206 2946 2416 2991 soratus
2454 2949 2508 2989 et
2555 2934 2741 2989 exsilio
2791 2935 2943 2988 datus
2988 2934 3081 2988 es?
3113 2933 3207 2987 Vel
3246 2934 3363 3001 quis
3403 2943 3488 2997 te,
3529 2931 3781 2987 infelicis‘

2206 3028 2340 3083 sitne
2371 3027 2675 3092 hominum,
2710 3027 2763 3080 in
2802 3026 2916 3080 base
2957 3028 3071 3079 loca
3113 3025 3364 3091 adduxit,
3402 3024 3624 3080 edicito.
3651 3026 3783 3092 Quis

529 3090 937 3194 ;eiiitere.Tunc
971 3090 1166 3197 impetu
1189 3124 1329 3179 facto
1348 3090 1466 3178 cum
1501 3119 1766 3189 equitibus
1782 3114 1907 3189 [Ed.
1933 3109 2100 3183 equis]
2133 3090 2175 3152 (ἶ
2209 3117 2303 3171 tibi
2335 3126 2534 3170 tantam
2566 3090 2839 3169 audaciam
2871 3116 3144 3184 praestitit,
3168 3124 3224 3168 ut
3248 3090 3585 3168 dominorum
3615 3090 3781 3170 acre.

526 3232 827 3287 Garonnam
879 3208 1058 3294 361‘
1089 3216 1319 3273 natando
1367 3213 1664 3275 transiere,
1721 3207 1987 3264 nonnullis
2035 3208 2102 3260 de

527 3321 763 3377 exercitu
793 3316 845 3370 in
877 3327 1035 3367 amne
1064 3309 1342 3364 demersis.
1374 3305 1585 3374 Reliqui
1616 3304 1668 3355 in
1698 3298 2098 3369 littus‘egressi,

530 3413 859 3477 requirentes
885 3400 1320 3465 Gundovaldum,
1364 3399 1680 3452 invenerunt
1718 3392 1953 3449 camelos
1980 3406 2099 3445 cum

528 3500 725 3570 ingenti
753 3495 987 3568 pondere
1014 3493 1128 3546 auri
1156 3500 1314 3558 atque
1335 3489 1568 3560 argenti,
1600 3488 1712 3541 sive
1742 3485 1946 3554 equites
1973 3481 2101 3553 |Pro

528 3589 728 3662 equus]
758 3603 889 3658 quos
946 3585 1113 3638 fessos
1161 3597 1253 3650 per
1295 3582 1407 3633 vias
1461 3578 1769 3646 reliquerat.
1808 3574 2100 3628 Audientes

529 3683 780 3749 deinceps
820 3693 911 3733 eos
955 3673 1093 3731 infra
1121 3687 1302 3728 muros
1342 3672 1487 3725 urbis
1515 3668 1837 3723 Convenicte
1862 3680 2101 3720 commo-

528 3777 657 3841 rari,
705 3773 902 3828 relictis
932 3768 1182 3838 plauSIris
1210 3780 1273 3819 ac
1302 3765 1530 3819 diversis
1561 3762 1950 3831 impedimentis
1978 3774 2098 3813 cum

530 3871 723 3940 populo
771 3869 1009 3928 minore,
1046 3861 1374 3917 robustiores
1405 3859 1500 3912 viri
1550 3860 1718 3925 ipsum
1742 3896 1759 3924 ,
1799 3857 1935 3911 sicut
1990 3856 2098 3924 jam

531 3962 832 4017 Garunnam
883 3957 1240 4021 transierant,
1291 3951 1499 4019 insequi
1563 3949 1850 4003 destinant.
1899 3946 2101 4014 Quibus

531 4051 954 4122 properantibus,
987 4055 1246 4102 venerunt
1276 4044 1341 4098 ad
1375 4042 1646 4098 basilicam
1670 4039 1838 4094 sancti
1870 4038 2102 4091 Vincen-

530 4146 611 4211 tii,
638 4160 755 4213 qua:
782 4153 865 4197 est
891 4142 1042 4212 juxta
1094 4137 1380 4192 terminum
1412 4135 1747 4204 Agennensis
1791 4130 1969 4192 urbis,
2011 4128 2099 4181 ubi

531 4238 641 4306 ipse
666 4244 867 4304 martyr
914 4248 1007 4300 pro
1036 4230 1230 4285 Christi
1260 4229 1471 4283 nomine
1499 4241 1721 4295 agonem
1747 4224 1940 4277 dicitur
1966 4237 2099 4276 con-

531 4342 856 4393 summasse;
921 4328 1341 4390 inveneruntque
1391 4336 1509 4375 eam
1575 4316 1822 4373 refertam
1872 4315 2101 4369 diversis

532 4420 793 4475 thesauris
848 4418 1159 4473 incolarum.
1217 4414 1348 4468 Erat
1393 4413 1535 4467 enim
1586 4423 1707 4478 spes
1750 4406 1938 4460 incolis
1995 4420 2098 4457 non

2203 3223 2324 3278 gum
2370 3217 2676 3261 nostrorum
2720 3208 2850 3261 lines
2889 3206 3117 3261 auderes
3158 3206 3458 3274 attingere?
3492 3206 3651 3259 Certe
3676 3209 3718 3260 si
3748 3222 3780 3261 a

2203 3312 2468 3367 quoquam
2509 3290 2567 3351 es
2607 3294 2860 3351 evocatus
2886 3338 2902 3365 ,
2942 3296 3089 3351 clara
3130 3311 3261 3351 voce
3299 3305 3524 3351 testare.
3567 3298 3646 3351 En
3688 3299 3779 3351 tibi

2204 3400 2329 3445 ante
2360 3386 2546 3445 oculos
2577 3399 2802 3445 mortem
2833 3390 3170 3459 expositam;
3197 3405 3264 3443 en
3295 3392 3464 3460 ipsam
3492 3405 3649 3457 quam
3690 3392 3781 3446 diu

2202 3483 2438 3549 quaesisti
2466 3482 2611 3536 exitii
2643 3481 2884 3547 foveam,
2922 3483 2973 3535 in
3014 3497 3173 3552 quam
3206 3497 3449 3551 praeceps
3479 3482 3773 3550 dejiciaris.

2203 3572 2298 3626 Dic
2326 3572 2589 3627 satellites
2614 3573 2811 3627 viritim
2836 3614 2851 3639 ,
2878 3573 2959 3627 vel
2990 3588 3018 3625 a
3046 3574 3238 3642 quibus
3268 3573 3507 3628 inviteris
3536 3575 3777 3628 enuntia.

2204 3665 2386 3719 Atille
2414 3679 2533 3718 cum
2564 3666 2677 3719 lucc
2707 3666 2950 3731 audiret,
2982 3665 3201 3734 propius
3226 3678 3386 3734 super
3428 3676 3633 3734 portam
3680 3682 3780 3720 as-

2205 3766 2323 3809 tans
2352 3756 2562 3810 dicebat
2593 3776 2603 3808 :
2638 3758 2789 3823 Quod
2823 3773 2910 3813 nte
2948 3756 3395 3811 Chlotbacharius
3436 3767 3587 3826 pater
3630 3772 3779 3811 meus

2203 3863 2425 3903 exosum
2458 3849 2743 3915 ltabuerit,
2785 3850 3010 3905 habetur
3052 3849 3383 3921 inc0gnitum
3422 3849 3552 3902 nulli
3582 3867 3594 3913 ;
3630 3851 3771 3919 quod

2213 3950 2388 3996 autem
2435 3944 2502 3997 ab
2542 3958 2641 4006 eo,
2675 3944 2756 3997 vel
2794 3944 3045 4013 deinceps
3069 3958 3097 3995 a
3130 3943 3376 3996 fratribus
3407 3941 3506 3994 sim
3536 3949 3777 3994 tonsora-

2204 4044 2322 4097 tus,
2365 4034 2705 4089 manifestum
2754 4043 2837 4088 est
2883 4034 3151 4087 omnibus.
3203 4034 3268 4087 Et
3314 4033 3430 4087 haec
3478 4048 3565 4086 tne
3613 4046 3774 4086 causa

2204 4124 2415 4176 Narseti
2448 4122 2704 4190 praefecto
2732 4123 2892 4177 Italiae
2919 4124 3098 4190 junxit
3119 4163 3136 4185 ,
3170 4123 3349 4192 ibique
3380 4138 3603 4177 uxorem
3633 4123 3775 4177 acci-

2206 4216 2360 4284 piens
2384 4255 2398 4279 ,
2424 4215 2555 4267 duos
2587 4214 2725 4268 lilios
2750 4216 3017 4281 generavi.
3044 4214 3157 4281 Qua
3190 4224 3398 4267 mortua
3420 4256 3434 4278 ,
3478 4217 3769 4281 assumptis

2205 4324 2413 4363 meemn
2448 4308 2651 4375 liberis,
2682 4307 3194 4374 Constantinopolim
3224 4308 3351 4360 abii.
3378 4307 3460 4359 Ab
3484 4306 3773 4374 imperato-

2205 4404 2354 4457 ribus
2372 4415 2502 4456 vero
2524 4412 2800 4471 susceptus
2824 4401 3221 4471 benignissime,
3247 4413 3415 4468 usque
3434 4399 3499 4453 ad
3520 4399 3623 4452 hoc
3646 4409 3773 4452 tem-

606 4603 629 4628 ι·
671 4593 717 4645 Is
746 4602 853 4645 erat
886 4589 1129 4652 Ruﬁnus,
1172 4590 1261 4657 qui
1292 4587 1392 4641 hoc
1414 4587 1528 4655 ipso
1555 4600 1695 4638 anno
1723 4581 1962 4637 Concilio
1995 4581 2098 4633 Ma.
2126 4587 2176 4648 ι)
2207 4579 2441 4657 transiit,
2468 4577 2624 4657 idque
2654 4575 3375 4657 itineris.ratio‘poﬂtnaoat‘,
3404 4584 3567 4657 atque
3591 4591 3652 4629 ea
3684 4593 3770 4632 oe-

531 4666 719 4719 tiscon.
754 4678 787 4723 tt
824 4661 1154 4725 subscripsit.

601 4733 627 4771 ὖ
662 4720 805 4787 Hauc
821 4720 1100 4786 basilicam
1136 4732 1184 4782 in
1219 4728 1358 4780 valle
1385 4726 1635 4794 Capraria
1683 4737 1847 4794 prope
1890 4720 2097 4794 Lugdu-

532 4821 655 4860 num
684 4803 1049 4857 Convenarnm
1081 4799 1234 4851 sitam
1264 4797 1426 4851 fuisse
1452 4792 1724 4850 Contendit
1748 4793 1945 4857 Joseph
1971 4792 2101 4845 Scaé

533 4878 664 4942 liger
691 4874 779 4928 lib.
812 4888 858 4924 v1
882 4872 960 4942 de~
981 4869 1370 4942 Emendatione‘
1389 4878 1549 4942 temp.
1581 4864 1729 4920 Unde
1757 4863 2098 4942 allttci'natum

530 4932 693 5001 fuisse
737 4952 884 5012 putat
925 4940 1259 5008 Gregorium,
1286 4939 1372 5012 qui
1419 4932 1584 5012 ipsam
1628 4949 1790 5012 prope
1830 4932 2095 5012 Aginnutn

529 5004 748 5071 stetisse
773 5004 1073 5081 scripserit,
1103 5008 1435 5083 eunl'undens
1466 5008 1667 5083 locum,
1700 5005 1752 5058 itt
1782 5004 2103 5083 quobcatus

530 5098 731 5155 martyr
755 5078 935 5155 passus
958 5093 1060 5155 est,
1088 5095 1207 5155 cum
1240 5079 1452 5155 basilica
1486 5078 1653 5155 ipsius
1681 5078 1953 5155 memoria:
1975 5088 2103 5153 con-

530 5144 768 5212 secrata:
805 5160 871 5211 At
909 5154 1109 5221 fallitur
1146 5153 1370 5218 ipsemet
1412 5148 1668 5221 Scaliger.
1705 5146 1879 5221 ‘Hanc.
1903 5144 2102 5211 quippe

529 5228 833 5291 basilicam,
864 5220 1019 5294 quam
1051 5216 1363 5294 Guntramui
1395 5219 1587 5294 milites
1615 5216 1901 5294 violarunt,
1937 5227 2102 5294 pelage

530 5298 794 5365 Aginnum
819 5283 957 5359 erat,
990 5304 1044 5347 et
1072 5293 1287 5365 quidem
1313 5294 1363 5345 in
1400 5292 1515 5345 loco
1548 5287 1882 5365 Pompeiaco,
1917 5283 2005 5365 ubi
2035 5283 2094 5339 S.

534 5361 841 5420 Vincentius
864 5380 1048 5432 passus
1074 5361 1173 5419 est.
1204 5363 1310 5416 Nec
1332 5370 1587 5434 repugnat
1610 5361 1685 5411 rei
1709 5365 1874 5434 gesta:
1905 5361 2091 5434 series:

532 5426 882 5489 Gundobaldo
907 5437 1101 5501 quippe
1127 5426 1424 5495 Burdigala!
1454 5426 1745 5501 existente,
1778 5426 2092 5501 Guttlramni

532 5505 800 5558 exercitus
834 5519 896 5555 ex
928 5498 1143 5556 l’ictavo
1174 5503 1238 5555 ad
1270 5502 1588 5554 Dordoniant
1624 5500 1816 5553 llutnen
1844 5498 2088 5548 accessit.

532 5573 645 5640 Quo
675 5574 858 5627 nuntio
888 5572 1099 5624 territus
1124 5572 1501 5640 Gundobaldus
1520 5612 1533 5633 ,
1566 5569 1701 5640 apud
1730 5566 2008 5640 Convenas
2033 5580 2095 5618 se

532 5636 769 5706 (accpit,
802 5658 907 5705 quo
936 5656 1054 5692 cum
1086 5649 1355 5708 pergeret,
1389 5637 1704 5693 Guntramni
1742 5636 2008 5708 exercitus
2036 5644 2093 5686 ut

535 5704 1203 5778 hostetninsequeretur,
1248 5725 1341 5778 per
1398 5708 1748 5777 Agiuncnsem
1806 5704 2088 5759 terminum

2202 4651 2417 4702 casione
2447 4649 2640 4701 milites
2681 4648 2961 4701 ecclesiam
3005 4649 3063 4701 S.
3112 4646 3373 4699 Vincentii
3414 4647 3767 4713 diripuerunt.

2203 4719 2336 4772 Tum
2371 4729 2759 4787 prosequentes
2788 4726 3023 4784 emptum
3054 4719 3154 4769 iter
3179 4717 3245 4768 ad
3278 4716 3512 4787 mentis,
3548 4720 3633 4769 cui
3678 4720 3770 4770 im-

2203 4790 2433 4856 positum
2466 4785 2580 4841 erat
2611 4789 2920 4855 Lugdunum
2963 4790 3328 4840 Convenarutn
3354 4827 3380 4856 ,ί
3400 4785 3619 4856 radices
3645 4803 3770 4852 per-

2203 4854 2429 4925 venere,
2476 4870 2532 4912 ut
2581 4854 2761 4912 narrat
2807 4858 3115 4921 Gregorius.
3155 4856 3284 4909 Vide
3333 4855 3421 4910 lib.
3473 4854 3545 4908 de
3594 4855 3767 4909 Gloria

2203 4931 2357 4981 Mart.
2406 4945 2523 4995 cap.
2576 4928 2696 4982 lO‘i.
2751 4930 2821 4980 lie
2868 4930 2966 4979 liae
3004 4928 3255 4991 basilica,
3299 4940 3349 4977 et
3390 4928 3769 4980 altera‘eidem

2205 5011 2390 5052 sancto
2420 5000 2761 5067 dicata,quas
2792 5008 3133 5051 exstruxerat
3160 5007 3251 5067 aut
3280 4996 3564 5067 adornarat
3599 4996 3765 5049 Leon-

2205 5070 2499 5139 tiusepisc.
2538 5065 2828 5139 Burdigala
2850 5108 2865 5130 ,
2900 5067 3219 5139 Fortunatus
3244 5065 3337 5139 lib_.
3372 5081 3629 5139 ειεξιτ-ιι).
3664 5071 3697 5121 δ
3721 5075 3769 5119 et

2204 5140 2256 5193 9.
2289 5138 2498 5192 Festum
2535 5140 2687 5207 ltujus
2702 5134 2884 5191 vsancti
2915 5140 3105 5191 colitur
3127 5138 3213 5189 die
3240 5138 3271 5188 9
3301 5134 3467 5189 Junii.

2278 5220 2299 5246 ε
2339 5209 2425 5263 Sic
2447 5210 2598 5265 Colb.
2624 5227 2673 5263 a.
2696 5210 2787 5261 alt.
2809 5224 2986 5261 manu.
3007 5207 3195 5262 Creteri
3215 5250 3228 5274 ,
3251 5208 3425 5258 semoti
3450 5223 3481 5258 a
3501 5208 3765 5260 seditione.

2274 5277 2427 5333 ‘.Sic
2456 5280 2603 5332 Colb.
2654 5295 2705 5333 a.
2740 5281 2925 5345 Regni.
2949 5319 2962 5339 ,
3000 5278 3103 5332 Sed
3133 5289 3179 5331 et
3210 5278 3419 5340 plurimi
3446 5293 3627 5331 eorum
3656 5292 3767 5344 age-

2203 5353 2320 5403 bant
2352 5351 2540 5404 occulte
2562 5394 2575 5415 ,
2603 5359 2650 5404 et
2680 5350 3012 5419 loquebamur
3041 5366 3152 5401 cum
3180 5346 3547 5401 Gundobalda.
3580 5347 3764 5402 Castori

2202 5436 2321 5475 cum
2357 5422 2893 5484 Bec.,Abscondebant
2923 5421 3056 5472 enim
3084 5435 3136 5471 se
3166 5419 3312 5469 mulli
3332 5457 3346 5479 ,
3378 5424 3485 5471 etc.

2274 5500 2297 5526 ο
2336 5491 2467 5544 Hinc
2492 5494 2853 5544 cbaraxaturae
2878 5490 3031 5543 dictae
3059 5500 3180 5541 sllttl.
3205 5489 3497 5540 deletiones
3522 5503 3617 5541 seu
3644 5502 3763 5539 can-

2201 5560 2513 5613 cellationes
2543 5564 2849 5629 scriptura),
2875 5571 2927 5613 et
2948 5558 3167 5612 macula:
3194 5561 3261 5611 ab
3291 5565 3617 5629 atramento.
3644 5558 3764 5610 Vide

2202 5638 2571 5751 testlamientum
2617 5632 2675 5687 S.
2726 5630 2981 5697 Remigii,
3032 5638 3083 5681 et
3126 5629 3361 5682 Marcull.
3414 5628 3509 5681 lib.
3560 5644 3634 5693 ιι,
3665 5629 3763 5682 ωτι

2202 5715 2341 5751 11108
2416 5718 2459 5751 Ισ

2200 5701 2341 5754 mula
2378 5700 2459 5754 l7.
