3942 6190
137 236 220 291 Ml

1004 232 1317 289 HISTORIA
1359 231 1801 288 FRANCORUM.
1835 232 2039 286 LIBER
2075 233 2437 292 SEPTIMUS.

3257 235 3360 288 ΗΞ

139 362 225 417 pus
251 345 374 398 vixi.
413 343 556 399 Ante
593 343 693 400 hos
721 345 863 400 enim
902 361 1073 401 annos
1101 362 1221 402 cum
1251 346 1687 403 Guntchramnus
1714 358 1765 416 Α
1791 347 1962 415 posito
1991 349 2108 418 igne
2135 348 2186 401 in
2215 348 2457 403 ecclesiae
2499 348 2678 412 domo,
2702 350 3138 404 concurrentibus
3171 351 3236 404 ad
3279 353 3361 405 in-

142 441 261 493 Boso
301 434 816 504 Constantinopolim
867 435 1121 505 abiisset,
1177 447 1228 491 et
1279 453 1381 509 ego
1426 437 1687 493 sollicitus

139 546 304 587 causas
315 528 536 583 fratrum
554 542 793 582 meorum
809 526 1093 596 diligenter
1104 527 1349 593 rimarer,
1363 527 1585 597 cognovi
1600 541 1689 594 ge-

141 627 443 683 nerationem
468 632 708 677 nostram
735 620 886 675 valde
910 629 1233 675 attenuatam
1252 662 1265 684 ,
1289 634 1387 674 nec
1410 634 1689 688 superesse

141 718 195 770 de
210 717 365 782 stirpe
384 723 590 778 nostra,
607 710 1121 765 nisiChildebertum
1138 720 1193 763 et
1215 708 1686 773 Guntcbramnum,

142 806 331 859 fratrem
380 803 619 869 scilicet,
671 809 727 856 et
761 799 941 855 fratris
983 798 1091 854 mei
1150 799 1339 854 filium.
1382 796 1499 851 Filii
1544 797 1686 851 enim

139 893 399 962 Cbilperici
441 892 587 962 regis
626 907 745 946 cum
788 891 904 959 ipso
944 890 1294 953 interierant,
1337 902 1442 942 uno
1483 894 1686 940 tantum

139 986 334 1054 parvulo
357 986 617 1040 derelicto
643 993 691 1038 ⁸.
715 983 1147 1040 Guntchramnus
1170 981 1330 1052 363
1354 979 1519 1034 frater
1540 994 1688 1034 meus

138 1080 260 1134 filios
286 1093 388 1133 non
418 1076 652 1133 habebat
677 1093 692 1142 ;
725 1074 1102 1130 Childebertus
1131 1087 1297 1141 nepos
1337 1080 1541 1137 noster,
1588 1071 1689 1126 mi-

140 1170 263 1225 nime
287 1168 436 1223 fortis
464 1176 601 1223 erat.
635 1167 785 1221 Tunc
811 1164 1248 1221 Guntchramnus
1277 1162 1415 1215 Boso
1444 1160 1531 1215 his
1557 1161 1685 1218 mihi

138 1262 394 1331 diligenter
438 1258 731 1326 expositis,
782 1256 1022 1310 invitavit
1063 1269 1182 1318 me,
1235 1253 1459 1307 dicens:
1505 1251 1674 1316 Veni,

138 1354 241 1421 quia
269 1353 332 1407 ab
355 1350 605 1405 omnibus
644 1348 790 1418 regni
832 1347 973 1417 regis
1002 1344 1323 1399 Childeberti
1349 1344 1677 1413 principibus

138 1445 382 1510 iuritaris,
416 1459 516 1499 nec
542 1442 825 1511 quisquam
854 1451 1041 1495 contra
1073 1449 1123 1493 te
1154 1439 1346 1493 mutire
1375 1452 1538 1491 ausus
1567 1445 1671 1493 est.

140 1540 326 1593 Scimus
364 1540 510 1592 enim
550 1550 741 1590 omnes
780 1543 834 1588 te
877 1535 1041 1586 filium
1081 1546 1199 1586 esse
1242 1529 1681 1594 Chlothacbarii;

138 1647 220 1685 nec
244 1631 496 1685 remansit
526 1631 578 1682 in
608 1628 793 1684 Galliis
821 1628 907 1696 qui
940 1641 1160 1695 regnum
1193 1624 1321 1679 illud
1351 1639 1535 1693 regere
1563 1637 1688 1693 pos-

1790 437 2035 491 cendium
2066 439 2405 507 mitigandum
2430 440 2647 495 inclusis
2667 450 2712 505 ο,
2738 442 2825 494 ille
2848 440 2962 509 fuga
2985 441 3217 510 dilapsus
3236 443 3359 496 abs—

1789 529 1970 584 cessit.
2001 531 2156 585 Mane
2190 542 2365 585 autem
2411 531 2569 596 facto,
2596 510 2864 587 exercitus
2891 533 3079 586 iterum
3111 533 3174 585 ad
3213 533 3354 588 bella

1790 624 2082 692 consurgit,
2108 638 2170 676 ac
2200 639 2264 677 ex
2291 623 2454 693 virgis
2486 625 2655 679 fasces
2688 624 2908 688 faciunt,
2931 625 3083 691 quasi
3113 625 3179 678 ad
3207 640 3361 679 cont-
3386 614 3391 618 ’

1790 713 2037 782 plendam
2091 714 2284 768 vallem
2337 715 2829 784 profundam,qu:e
2869 730 2897 769 a
2939 724 3088 782 parte
3127 716 3361 772 Orientis

1791 804 1893 857 sita
1927 814 2041 858 erat
2071 821 2084 857 :
2115 804 2209 859 sed
2240 820 2437 859 nocere
2462 804 2577 859 htcc
2608 806 2851 860 machina
2883 806 3013 860 nihil
3040 808 3234 876 potuit.
3262 806 3360 862 Sa-

1790 895 2036 965 gittarius
2064 911 2193 951 vero
2220 897 2503 965 episcopus
2531 897 2855 967 frequentius
2896 913 3076 951 muros
3116 914 3234 951 cum
3277 913 3361 950 ar-

1790 986 1890 1039 mis
1936 985 2287 1051 circumibat,
2334 994 2389 1041 et
2432 987 2624 1056 saepius
2672 987 2874 1057 lapides
2918 996 3103 1041 contra
3141 987 3356 1042 hostem

1792 1090 1950 1129 manu
1982 1077 2197 1145 prepria
2222 1075 2352 1145 jecit
2376 1090 2406 1130 e
2436 1092 2611 1131 muro.

1860 1165 2150 1219 XXXVIII.
2176 1166 2413 1234 Denique
2438 1168 2470 1219 ii
2494 1168 2580 1234 qui
2603 1165 2786 1220 urbem
2811 1165 3214 1235 impugnabant,
3238 1180 3360 1220 cum

1790 1259 2034 1315 viderent
2058 1260 2198 1327 quod
2227 1260 2357 1313 nihil
2381 1259 2637 1328 prolicere
2659 1267 2906 1327 possent,
2933 1257 3148 1311 nuntios
3175 1258 3360 1311 occul-

1792 1361 1874 1405 tos
1913 1352 1979 1407 ad
2023 1351 2360 1407 Mummolum
2403 1351 2668 1420 dirigunt,
2702 1352 2978 1405 dicentes:
3015 1350 3360 1421 ReCOgnosce

1789 1443 2060 1496 dominum
2103 1452 2248 1495 tuum
2273 1486 2287 1510 ,
2318 1450 2371 1496 et
2409 1456 2439 1494 a
2485 1443 2831 1511 perversitate
2871 1441 2969 1495 ista
3012 1440 3225 1494 tandem
3264 1439 3359 1493 ali-

1789 1531 2001 1598 quando
2048 1530 2267 1584 desiste.
2318 1530 2446 1596 Qua?
2495 1531 2635 1584 enim
2683 1538 2736 1584 te
2781 1529 3010 1584 amentia
3055 1529 3250 1594 vallat,
3300 1537 3361 1584 ut

1792 1623 1970 1690 ignoto
2000 1621 2201 1675 homini
2230 1620 2604 1689 subjungaris?
2638 1619 2779 1674 Uxor
2808 1619 2947 1673 enim
2980 1627 3065 1672 tua
3090 1618 3199 1687 jam
3226 1632 3350 1671 cum

135 1725 224 1784 sit,
267 1721 364 1776 nisi
413 1730 467 1774 tu
515 1720 790 1775 advenias.
837 1720 909 1791 At
947 1734 1045 1787 ego
1091 1718 1231 1771 datis
1279 1717 1328 1770 ei
1358 1715 1540 1770 multis
1567 1731 1685 1769 mu-
1716 1726 1761 1784 Β
1791 1714 1911 1766 filiis
1942 1716 2205 1781 captivata
2238 1722 2359 1777 est;
2388 1709 2481 1763 filii
2514 1711 2585 1765 tui
2626 1719 2681 1763 ut
2723 1719 2847 1777 pote
2881 1707 2901 1746 ί
2929 1709 3042 1779 jam
3086 1705 3355 1763 interfeCti

137 1814 361 1879 aeribus,
420 1828 518 1881 per
570 1811 848 1866 duodecim
897 1811 1010 1863 loca
1065 1819 1247 1863 sancta
1289 1807 1357 1860 ab
1400 1820 1465 1861 eo
1507 1806 1681 1860 susci-

138 1906 210 1972 pio
252 1913 615 1967 sacramenta,
666 1910 724 1957 ut
787 1915 1008 1955 securus
1066 1900 1118 1953 in
1161 1900 1262 1952 hoc
1328 1911 1546 1965 regnum
1596 1909 1684 1948 ac-

136 1998 378 2054 cederem.
431 1996 562 2050 Veni
614 1996 754 2049 enim
807 1995 1137 2059 Massiliam,
1181 1993 1363 2060 ibique
1412 2006 1496 2044 me
1544 1989 1684 2056 epis-

135 2105 278 2157 cupas
316 2102 523 2142 summa
569 2085 893 2156 benignitate
916 2083 1207 2151 ‘suscepit:
1263 2081 1494 2135 habebat
1539 2078 1680 2133 enim

138 2184 310 2245 scripta
353 2182 630 2235 seniorum
667 2179 815 2247 regni
860 2177 1067 2245 nepetis
1108 2177 1233 2230 mei.
1276 2174 1355 2228 Ex
1400 2175 1499 2229 hoc
1540 2174 1679 2228 enim

139 2275 430 2329 Avioionem
478 2271 684 2327 accessi
728 2271 877 2339 juxta
918 2269 1109 2338 placita
1146 2266 1347 2335 patricii
1387 2262 1678 2319 Mummoli.

136 2361 542 2420 Cuntchramnus
562 2377 689 2417 vero
716 2361 997 2415 immemor
1022 2356 1342 2413 sacramenti
1370 2372 1433 2410 ac
1458 2356 1683 2425 promis-

135 2456 274 2510 sionis
304 2470 447 2521 sum,
480 2454 767 2508 thesauros
799 2464 947 2506 meos
977 2450 1228 2516 abstulit,
1259 2459 1314 2502 et
1342 2449 1395 2502 in
1425 2463 1573 2501 suam
1603 2447 1683 2499 «li-

134 2549 307 2605 tionem
346 2549 580 2618 subegit.
620 2546 773 2601 Nunc
810 2554 986 2598 autem
1028 2544 1395 2612 recognoscite
1423 2542 1542 2610 quia
1582 2555 1682 2609 ego

133 2658 228 2696 sum
256 2659 347 2699 rex
367 2683 383 2709 ,
414 2642 557 2696 sicut
585 2650 641 2694 et
684 2638 848 2693 frater
890 2650 1043 2693 meus
1079 2635 1530 2693 Guntchramnus.
1578 2632 1682 2687 Ta-

133 2748 233 2789 men
265 2734 309 2788 si
339 2742 486 2787 tanto
515 2730 642 2786 odio
683 2745 835 2784 mens
860 2738 1035 2784 vestra
1072 2737 1362 2797 grassatur,
1392 2726 1475 2780 vel
1506 2724 1570 2778 ad
1599 2740 1681 2780 re-

131 2839 231 2891 gem
273 2834 508 2877 vestrum
540 2821 775 2875 deducar
799 2861 814 2884 ,
855 2829 910 2875 et
940 2819 985 2873 si
1012 2833 1098 2873 me
1123 2819 1393 2886 cognoscit
1422 2816 1636 2871 fratrem
1661 2856 1679 2881 ,

130 2914 249 2979 quod
279 2914 508 2968 voluerit
540 2911 717 2968 faciat.
749 2912 905 2965 Certe
933 2911 975 2963 si
1003 2924 1103 2963 nec
1133 2909 1236 2963 hoc
1268 2906 1564 2973 volueritis,
1597 2906 1681 2962 vel

130 3006 267 3059 liceat
292 3005 422 3059 mihi
452 3003 701 3073 regredi,
726 3002 864 3056 unde
895 3001 1043 3069 prius
1072 3014 1317 3068 egressus
1346 3014 1482 3054 sum.
1509 2998 1680 3054 Abibo

1788 1813 1931 1856 sunt.
1957 1804 2072 1868 Quo
2098 1803 2243 1856 ruis?
2265 1802 2461 1869 quidve
2492 1800 2832 1869 praestolaris,
2864 1800 2960 1853 nisi
2994 1801 3069 1852 uti
3097 1800 3355 1853 corruas?

1789 1893 1909 1948 Haec
1923 1893 2006 1946 ille
2025 1892 2268 1948 mandata
2283 1893 2548 1959 accipiens
2560 1890 2865 1954 dixit:Jam,
2880 1900 2935 1943 ut
2949 1890 3119 1952 video,
3138 1905 3359 1960 regnum

1789 1994 2031 2040 nostrum
2068 1983 2227 2038 finem
2257 1982 2483 2050 accipit,
2516 1992 2569 2036 et
2596 1981 2831 2051 potentia
2865 1980 3023 2035 cadit.
3061 1980 3232 2034 Unum
3265 1996 3359 2034 su-

1787 2086 1997 2145 perest,
2026 2076 2069 2129 si
2095 2075 2434 2130 securitatem
2465 2072 2585 2126 vita:
2616 2088 2699 2126 me
2728 2071 2927 2127 habere
2952 2085 3349 2140 cognoscerem.

1785 2167 1852 2221 de
1884 2166 2054 2220 multo
2091 2179 2185 2219 vos
2215 2164 2395 2219 labore
2422 2174 2660 2232 poteram
2690 2176 2986 2217 removere.
3018 2162 3351 2216 Discedenti-

1783 2260 1882 2315 bus
1910 2258 2138 2324 nuntiis,
2184 2256 2498 2325 Sagittarius
2538 2256 2819 2325 episcopus
2860 2269 2980 2309 cum
3024 2253 3351 2319 Mummolo,

1783 2350 2056 2406 Chariulfo
2077 2360 2235 2421 atque
2259 2349 2534 2403 Waddone
2565 2349 2629 2401 ad
2656 2346 2936 2403 ecclesiam
2961 2348 3132 2417 pergit
3178 2346 3360 2417 ibique

1782 2444 1884 2498 sibi
1912 2444 2138 2497 invicem
2164 2450 2491 2495 sacramenta
2523 2438 2804 2505 dederunt,
2831 2448 2889 2492 ut
2915 2439 2960 2493 si
2990 2438 3057 2495 de
3088 2446 3209 2492 vum
3238 2453 3361 2506 pro-

1782 2535 2040 2589 missione
2080 2533 2340 2588 certiores
2382 2530 2605 2599 fierent,
2648 2531 2831 2584 relicta
2870 2530 3102 2583 amicitia
3143 2528 3361 2583 Gundo-

1781 2626 1920 2680 valdi
1939 2667 1954 2691 ,
1984 2626 2154 2694 ipsum
2179 2623 2419 2678 hostibus
2442 2622 2734 2676 traderent.
2763 2620 2981 2675 Reversi
3006 2621 3197 2675 iterum
3222 2637 3361 2676 nun-

1784 2720 1872 2783 tii,
1920 2718 2281 2788 promiserunt
2329 2714 2407 2769 eis
2453 2714 2573 2768 vita:
2620 2715 2981 2767 securitatem.
3034 2712 3361 2768 Mummolus

1780 2827 1907 2867 vero
1933 2812 2101 2866 dixit:
2136 2810 2250 2864 1100
2278 2816 2481 2862 tantum
2511 2806 2632 2871 fiat,
2659 2821 2756 2876 ego
2784 2805 2926 2858 hunc
2971 2804 3024 2856 in
3054 2818 3211 2858 manu
3266 2819 3360 2857 ve.

1780 2912 1893 2958 stra
1943 2902 2171 2966 tradam,
2195 2909 2252 2955 et
2291 2915 2390 2970 ego
2432 2911 2820 2967 recognoscens
2858 2895 3131 2950 dominum
3173 2910 3351 2949 meum

1781 3010 1999 3064 regem,
2050 2994 2119 3048 ad
2168 2993 2285 3062 ejus
2335 2990 2671 3061 prmsentiam
2714 2986 3032 3057 properabo.
3082 2986 3232 3040 Tunc
3278 2985 3356 3039 illi

129 3094 246 3147 enim
267 3136 279 3158 ,
308 3105 362 3150 et
387 3094 521 3149 nulli
554 3092 846 3162 quidquam
877 3092 1085 3160 injuria:
1118 3091 1364 3145 inferam.
1394 3091 1593 3145 Tamen
1623 3098 1679 3144 ut
1706 3093 1753 3158 ο
1785 3089 2137 3161 promittunt,
2170 3084 2310 3156 quod
2338 3084 2382 3137 si
2412 3084 2526 3137 inec
2557 3082 2836 3150 impleret,
2876 3079 3049 3147 ipsum
3091 3078 3143 3132 in
3178 3076 3362 3132 chari-

127 3188 287 3241 sciatis
318 3202 437 3241 vera
466 3200 589 3239 esse
618 3200 738 3254 qua:
770 3184 889 3237 dico
910 3224 924 3247 ,
953 3182 1330 3251 Radegundem
1379 3184 1676 3249 Pictavam,

131 3287 173 3327 et
200 3276 532 3347 lngetrudem
564 3273 589 3312 δ
620 3274 937 3328 Turonicam
971 3275 1293 3344 interrogate
1322 3288 1338 3326 :
1368 3275 1497 3343 ipsa:
1535 3274 1680 3328 enim

128 3368 259 3422 vobis
304 3366 645 3421 affirmabant
690 3374 833 3420 certa
873 3378 991 3417 esse
1030 3379 1149 3433 quae
1200 3365 1403 3433 loquor.
1450 3362 1574 3417 Haec
1616 3376 1682 3416 eo

126 3458 337 3524 dicente,
361 3458 515 3511 multi
536 3470 658 3511 cum
682 3454 936 3510 conviciis
962 3464 1016 3508 et
1038 3454 1367 3523 imprOperiis
1391 3454 1502 3506 haic
1525 3452 1680 3506 verba

126 3550 595 3617 prosequebantur.

184 3638 443 3695 XXXVII.
485 3639 713 3705 Quintus
741 3645 797 3692 et
823 3636 1063 3692 decimus
1094 3638 1147 3690 in
1178 3636 1276 3690 hac
1305 3635 1584 3692 obsidione
1608 3634 1685 3688 ef-

125 3731 333 3787 fulserat
359 3734 509 3800 dies,
542 3740 597 3786 et
627 3729 996 3799 Leudegisilus
1024 3744 1187 3783 novas
1215 3729 1281 3782 ad
1310 3727 1685 3782 destruendam

125 3823 295 3878 urbem
348 3824 628 3878 machinas
690 3820 1061 3889 praeparabat:
1105 3818 1335 3887 plaustra
1378 3818 1519 3871 enim
1566 3830 1685 3870 cum

126 3916 399 3981 arietibus,
440 3912 661 3969 clitellis
701 3920 754 3965 et
782 3910 968 3965 axibus
996 3919 1149 3963 erant
1179 3916 1321 3962 texta
1356 3916 1376 3944 ο
1402 3948 1419 3973 ,
1449 3907 1548 3961 sub
1573 3906 1690 3974 qui-

126 4005 214 4060 bus
238 4008 512 4063 exercitus
541 4011 862 4075 properaret
886 4000 953 4055 ad
979 3998 1332 4054 destruendus
1356 4012 1556 4053 muros.
1584 3997 1690 4052 Sed

127 4112 233 4153 cum
255 4098 809 4169 appropinquassent,
836 4094 907 4147 ita
929 4091 1199 4160 lapidibus
1226 4091 1611 4154 obruebantur,
1636 4099 1694 4144 ut

129 4206 298 4247 omnes
346 4191 844 4261 apprOpinquantes
898 4201 1052 4242 muro
1090 4194 1427 4241 corruerent.
1481 4184 1694 4252 Cuppas

134 4296 240 4335 cum
272 4282 393 4350 pice
423 4290 482 4337 et
505 4280 662 4349 adipe
706 4292 962 4333 accensas
1006 4291 1166 4345 supra
1195 4289 1289 4331 eos
1318 4274 1689 4344 projicientes,

131 4374 249 4430 alias
289 4389 420 4430 vero
472 4373 738 4442 lapidibus
786 4370 970 4440 plenas
1022 4383 1185 4437 super
1209 4384 1302 4423 eos
1350 4366 1691 4437 dejiciebant.

1785 3193 1893 3238 tate
1934 3181 2299 3249 susciperent,
2342 3186 2397 3231 et
2430 3177 2473 3229 si
2513 3191 2633 3231 eum
2664 3174 2773 3245 regi
2804 3187 3062 3227 excusare
3089 3186 3194 3225 non
3226 3186 3355 3238 pos-

1783 3284 1923 3339 sent,
1958 3276 2009 3327 in
2040 3271 2320 3328 ecclesiam
2351 3275 2627 3337 ponerent,
2654 3282 2719 3320 ne
2753 3266 2873 3318 vita:
2903 3263 3190 3317 amissione
3220 3260 3363 3315 mul-

1784 3376 2043 3422 ctaretur.
2080 3364 2201 3418 Haec
2239 3376 2359 3416 cum
2398 3357 2717 3415 sacramenti
2754 3355 2913 3427 365
2945 3351 3354 3422 interpositione

1785 3461 2043 3533 polliciti,
2074 3459 2460 3513 discesserunt.
2494 3453 2809 3509 lllummolus
2847 3466 2975 3506 vero
3017 3465 3137 3504 cum
3179 3449 3356 3517 Sagit-
3446 3506 3457 3511 ,

1788 3554 1923 3610 tario
1952 3553 2207 3622 episcopo
2235 3557 2290 3605 et
2313 3548 2590 3603 Waddone
2617 3546 2682 3600 ad
2708 3542 3111 3599 Gunduvaldum
3139 3557 3367 3612 pergen-

1790 3654 1915 3705 tes,
1975 3644 2269 3697 dixerunt:
2326 3640 2670 3696 Sacramenta
2732 3635 2999 3691 fidelitatis
3043 3634 3218 3703 qualia
3268 3634 3365 3691 tibi

1787 3735 2071 3800 dedimus,
2114 3734 2233 3801 ipse
2276 3732 2367 3803 qui
2414 3746 2649 3799 praesens
2691 3743 2751 3783 es
2786 3729 2949 3783 nosti.
2996 3727 3143 3781 Nunc
3182 3734 3362 3780 autem

1788 3826 1971 3895 accipe
2013 3824 2231 3879 salubre
2267 3822 2550 3877 consilium
2577 3838 2591 3875 :
2622 3819 2841 3875 discede
2871 3818 2938 3872 ab
2965 3817 3065 3872 hac
3096 3818 3228 3871 urbe
3248 3856 3265 3881 ,
3310 3825 3365 3871 et

1790 3924 2179 3987 repraesentare
2221 3914 2371 3967 fratri
2419 3922 2546 3979 tuo,
2589 3913 2729 3965 sicut
2766 3924 2910 3979 saepe
2946 3908 3206 3978 quaesisti.
3247 3907 3366 3969 Jam

1791 4012 1932 4066 enim
1976 4023 2096 4063 cum
2138 4007 2221 4061 bis
2261 4006 2568 4060 hominibus
2608 4003 2857 4059 collocuti
2901 4015 3120 4065 sumus,
3166 4011 3220 4056 et
3256 4001 3361 4071 ipsi

1791 4104 2065 4166 dixerunt,
2084 4100 2207 4171 quia
2238 4113 2343 4152 non
2372 4098 2485 4151 vult
2515 4112 2608 4152 rex
2634 4095 2857 4165 perdere
2887 4095 3136 4147 solatium
3174 4104 3368 4161 tuum,

1794 4210 1859 4249 eo
1902 4192 2043 4262 quod
2086 4204 2272 4260 parum
2316 4188 2382 4243 de
2426 4188 2767 4257 generatione
2807 4196 2981 4240 vestra
3024 4184 3369 4239 remanserit.

1796 4289 1863 4341 At
1894 4286 1985 4340 ille
2013 4283 2315 4353 intelligens
2341 4282 2521 4335 dolum
2555 4295 2738 4335 eorum
2762 4320 2777 4343 ,
2808 4277 3057 4349 lacrymis
3092 4276 3372 4345 perfusus,

1798 4381 1911 4433 ait:
1941 4378 2260 4433 lnvitatione
2290 4384 2470 4430 vestra
2502 4375 2555 4427 in
2587 4373 2682 4427 has
2720 4372 2919 4428 Gallias
2961 4386 3077 4424 sum
3116 4369 3370 4433 delatus;

140 4464 234 4519 Sed
263 4482 382 4521 cum
411 4480 518 4521 nox
548 4463 843 4519 certamina
874 4458 1222 4529 prohiberet,
1255 4461 1435 4513 hostes
1475 4457 1542 4511 ad
1582 4472 1686 4512 cas-

1806 4470 2177 4525 thesaurorum
2227 4481 2356 4523 vero
2403 4479 2675 4528 meorum,
2726 4464 2778 4515 in
2822 4461 3011 4529 quibus
3054 4461 3375 4515 immensum

141 4567 204 4610 Ira
230 4560 456 4628 regressi
486 4566 631 4613 sunt.
660 4556 790 4625 Erat
812 4565 991 4611 autem
1022 4568 1141 4609 cum
1163 4551 1510 4609 Gundovaldo
1534 4549 1697 4622 364

141 4660 183 4701 et
223 4651 523 4707 Chariulfos
565 4647 617 4714 ἀ,
662 4648 820 4703 valde
865 4648 1017 4702 dives
1053 4660 1117 4701 ac
1163 4655 1497 4715 praepotens,
1546 4643 1697 4712 cujus

145 4744 392 4808 apothecis
431 4756 495 4794 ac
540 4738 927 4810 promptuariis
964 4737 1092 4791 urbs
1128 4735 1286 4790 valde
1323 4734 1518 4789 referta
1544 4741 1694 4788 erat:

146 4832 199 4886 de
218 4835 362 4903 cujus
388 4832 685 4889 substantia
726 4829 784 4884 hi
829 4829 1063 4885 maxime
1100 4827 1395 4881 alebantur.
1423 4824 1697 4878 Bladastes

150 4936 300 4980 autem
344 4928 461 4981 haec
508 4938 739 4979 cernens
786 4936 907 4992 qua}
945 4919 1288 4988 gerebantur,
1334 4927 1582 4972 metuens
1629 4929 1697 4969 ne

154 5018 489 5090 Leudegisilus
516 5018 735 5073 obtenta
757 5012 983 5067 victoria
1008 5026 1101 5065 eos
1131 5011 1285 5065 morti
1317 5009 1568 5072 traderet,
1598 5005 1698 5060 itu-

217 5182 238 5209 ⁸
275 5175 332 5227 Et
360 5184 533 5228 tamen
560 5186 627 5226 ex
659 5170 798 5223 libro
829 5184 877 5220 vt
906 5208 921 5227 ,
948 5181 1066 5234 cap.
1099 5162 1201 5229 24,
1230 5159 1696 5234 Gundobaldusin

160 5240 323 5297 Callias
357 5251 664 5299 accesserat
701 5250 826 5294 ante
874 5230 1159 5307 Chilperici
1218 5234 1511 5287 interitum.
1569 5230 1701 5285 Vide

162 5329 288 5379 supra
316 5332 426 5384 Cap.
459 5314 551 5367 5‘2.

217 5402 240 5440 δ
272 5408 412 5461 0011).
446 5421 497 5459 a.
527 5414 585 5460 et
616 5403 768 5465 Bec.,
800 5400 1156 5470 Ingotrudem.
1188 5396 1480 5470 Colb._m.,
1516 5391 1694 5470 Intro-

168 5478 369 5539 !llndam.
406 5479 628 5545 Regtn.,
663 5463 1059 5545 Intragu'ndam.
1093 5470 1215 5545 lla'c
1243 5476 1323 5519 est
1344 5463 1695 5545 lngeltrudis,

166 5533 256 5609 quae
298 5533 678 5603 itionasferiu'tti
731 5544 781 5595 in
816 5533 958 5596 atrio
1002 5540 1237 5609 basilica;
1276 5533 1444 5609 sancti
1485 5533 1695 5587 Martini

166 5606 463 5673 condiderat:
491 5619 561 5672 de
592 5629 698 5684 qua
730 5612 920 5680 smpius
946 5611 1178 5680 loquitur
1206 5606 1514 5674 Gregorius.

266 5714 338 5770 Sic
374 5714 502 5772 Bcc.
542 5724 672 5766 cum
710 5704 905 5768 editis;
946 5705 1069 5770 alii,
1113 5712 1276 5765 tecta;
1312 5696 1469 5754 Colh.
1510 5712 1560 5752 a.
1600 5695 1696 5752 alt.

1805 4564 2012 4630 pondus
2058 4561 2267 4629 argenti
2311 4558 2616 4613 continetur
2661 4563 2716 4609 et
2762 4553 2911 4619 auri,
2940 4566 3003 4606 ac
3042 4551 3375 4606 diversarum

1803 4655 2132 4721 specierum,
2158 4651 2354 4718 aliquid
2384 4650 2435 4703 in
2476 4646 2743 4703 Avennica
2774 4643 2905 4697 urbe
2948 4642 3234 4705 retinetur,
3278 4642 3375 4695 ali-

1804 4748 1927 4817 quid
1950 4747 2386 4801 Guntcltramnus
2405 4742 2543 4795 Boso
2559 4737 2798 4804 diripuit.
2827 4735 2937 4805 Ego
2954 4749 3084 4788 vero
3110 4733 3259 4802 juxta
3283 4731 3378 4788 Dei

1804 4840 2088 4903 auxilium,
2122 4852 2215 4905 spe
2242 4836 2388 4888 omni
2432 4836 2484 4886 in
2516 4831 2668 4885 vobis
2695 4829 2888 4900 posita,
2913 4826 3065 4881 vobis
3090 4822 3374 4878 consilium

1808 4945 1983 4983 meum
2008 4926 2203 4981 credidi
2223 4966 2238 4990 ,
2266 4940 2360 4993 per
2386 4939 2483 4977 vos
2511 4936 2734 4992 regnare
2763 4932 2976 4986 semper
2997 4915 3201 4983 optavi.
3228 4912 3379 4965 Nunc

1806 5036 1925 5076 cum
1961 5020 2071 5074 Deo
2101 5017 2251 5072 vobis
2281 5018 2351 5070 sit
2378 5017 2519 5069 actio
2545 5057 2558 5080 ,
2590 5014 2635 5067 si
2664 5012 2789 5082 quid
2819 5009 2949 5063 mihi
2991 5003 3251 5059 mendacii
3296 5002 3380 5057 di-

1805 5172 1993 5218 manu,
2029 5161 2156 5207 tecta
2187 5159 2350 5203 erant.

1875 5247 1902 5285 ά
1940 5247 2094 5300 Colb.
2126 5258 2197 5296 nt.
2233 5250 2286 5293 et
2311 5239 2509 5293 Cbcsn.
2537 5235 2641 5316 al.)
2686 5230 2950 5355 Ariagne;
2994 5225 3128 5279 infra
3161 5222 3381 5278 Harittf-

1875 5337 1883 5355 ε
1912 5334 1927 5344 α
1960 5319 2060 5355 Ωρρ
2151 5310 2455 5355 Marinlful-
2486 5306 2580 5355 sed
2608 5303 2742 5355 infra
2764 5343 2778 5355 .
2853 5297 3097 5355 anulfus.

1801 5322 1883 5391 fus
1909 5334 1927 5382 ;
1951 5297 2110 5379 13ῌοος
2144 5310 2455 5379 Marium“,
2486 5306 2580 5362 sed
2608 5297 2742 5359 infra
2764 5343 2778 5366 ,
2810 5297 3097 5367 Cariulfus.

1877 5422 1898 5448 ε’
1936 5409 2085 5464 Colh.
2118 5422 2193 5467 a.,
2235 5400 2463 5456 inclusus
2504 5399 2626 5457 ille,
2668 5405 2721 5450 et
2762 5403 2883 5466 post
2926 5389 3337 5446 concurrentibus
3364 5430 3383 5457 ,

1802 5486 1894 5537 alt.
1929 5496 2086 5533 manu
2117 5476 2352 5532 additum
2381 5481 2461 5525 est
2487 5468 2735 5523 omnibus.

1881 5575 1895 5612 ί
1941 5574 2093 5629 Colh.
2126 5590 2175 5627 a.
2202 5613 2215 5634 ,
2251 5580 2306 5625 ut
2338 5576 2481 5639 puto.
2529 5564 2756 5633 Regtn.,
2791 5571 2859 5631 et,
2887 5569 2941 5615 ut
2967 5556 3118 5613 credo
3144 5595 3159 5621 ,
3190 5552 3286 5624 ﬁlii
3314 5562 3389 5608 tut

1803 5664 1936 5717 jam,
1967 5657 2071 5701 etc.
