  <div class='ocr_page' id='page_1' title='image "/cluster/home/n/w/nwhite01/storage/ocr_20150623/71/uva.x000827083/229.png"; bbox 0 0 3942 6190; ppageno 0'>
   <div class='ocr_carea' id='block_1_1' title="bbox 550 277 653 333">
    <p class='ocr_par' dir='ltr' id='par_1_1' title="bbox 550 277 653 333">
     <span class='ocr_line' id='line_1_1' title="bbox 550 277 653 333; baseline 0.029 -4"><span class='ocrx_word' id='word_1_1' title='bbox 550 277 653 333; x_wconf 61' lang='grc'><strong>443</strong></span> 
     </span>
    </p>
   </div>
   <div class='ocr_carea' id='block_1_2' title="bbox 1528 259 2755 327">
    <p class='ocr_par' dir='ltr' id='par_1_2' title="bbox 1528 259 2755 327">
     <span class='ocr_line' id='line_1_2' title="bbox 1528 259 2755 327; baseline -0.01 0"><span class='ocrx_word' id='word_1_2' title='bbox 1528 269 1588 327; x_wconf 89' lang='lat' dir='ltr'><strong>S.</strong></span> <span class='ocrx_word' id='word_1_3' title='bbox 1630 266 1953 325; x_wconf 74' lang='lat' dir='ltr'><strong>GREGORII</strong></span> <span class='ocrx_word' id='word_1_4' title='bbox 1994 263 2291 321; x_wconf 80' lang='lat' dir='ltr'><strong>EPISCOPI</strong></span> <span class='ocrx_word' id='word_1_5' title='bbox 2332 259 2755 317; x_wconf 80' lang='lat' dir='ltr'><strong>TURONENSIS</strong></span> 
     </span>
    </p>
   </div>
   <div class='ocr_carea' id='block_1_3' title="bbox 3664 245 3782 301">
    <p class='ocr_par' dir='ltr' id='par_1_3' title="bbox 3664 245 3782 301">
     <span class='ocr_line' id='line_1_3' title="bbox 3664 245 3782 301; baseline -0.051 0"><span class='ocrx_word' id='word_1_6' title='bbox 3664 245 3782 301; x_wconf 59' lang='grc' dir='ltr'><strong>ΗΞ</strong></span> 
     </span>
    </p>
   </div>
   <div class='ocr_carea' id='block_1_4' title="bbox 550 370 3787 456">
    <p class='ocr_par' dir='ltr' id='par_1_4' title="bbox 550 370 3787 456">
     <span class='ocr_line' id='line_1_4' title="bbox 550 370 3787 456; baseline -0.009 -10"><span class='ocrx_word' id='word_1_7' title='bbox 550 389 774 446; x_wconf 83' lang='lat' dir='ltr'><strong>xeritis:</strong></span> <span class='ocrx_word' id='word_1_8' title='bbox 815 385 929 456; x_wconf 89' lang='lat' dir='ltr'><strong>ipse</strong></span> <span class='ocrx_word' id='word_1_9' title='bbox 974 380 1118 440; x_wconf 88' lang='lat' dir='ltr'><strong>enim</strong></span> <span class='ocrx_word' id='word_1_10' title='bbox 1152 378 1358 454; x_wconf 68' lang='lat' dir='ltr'><strong>iudicet</strong></span> <span class='ocrx_word' id='word_1_11' title='bbox 1398 395 1618 438; x_wconf 81' lang='lat' dir='ltr'><strong>causam</strong></span> <span class='ocrx_word' id='word_1_12' title='bbox 1662 396 1860 437; x_wconf 84' lang='lat' dir='ltr'><strong>meam.</strong></span> <span class='ocrx_word' id='word_1_13' title='bbox 1892 380 2019 435; x_wconf 63' lang='lat' dir='ltr'><strong>Haec</strong></span> <span class='ocrx_word' id='word_1_14' title='bbox 2055 392 2122 433; x_wconf 92' lang='lat' dir='ltr'><strong>eo</strong></span> <span class='ocrx_word' id='word_1_15' title='bbox 2147 377 2200 437; x_wconf 76' lang='grc' dir='ltr'>Λ</span> <span class='ocrx_word' id='word_1_16' title='bbox 2224 383 2282 430; x_wconf 81' lang='grc' dir='ltr'><strong>ιιι</strong></span> <span class='ocrx_word' id='word_1_17' title='bbox 2307 375 2482 439; x_wconf 86' lang='lat' dir='ltr'><strong>video,</strong></span> <span class='ocrx_word' id='word_1_18' title='bbox 2528 374 2596 431; x_wconf 92' lang='lat' dir='ltr'><strong>de</strong></span> <span class='ocrx_word' id='word_1_19' title='bbox 2625 374 2726 429; x_wconf 97' lang='lat' dir='ltr'><strong>ﬁde</strong></span> <span class='ocrx_word' id='word_1_20' title='bbox 2757 370 3012 442; x_wconf 88' lang='lat' dir='ltr'><strong>promissa</strong></span> <span class='ocrx_word' id='word_1_21' title='bbox 3045 376 3319 431; x_wconf 73' lang='lat' dir='ltr'><strong>servatur,</strong></span> <span class='ocrx_word' id='word_1_22' title='bbox 3347 380 3466 419; x_wconf 87' lang='lat' dir='ltr'><strong>nam</strong></span> <span class='ocrx_word' id='word_1_23' title='bbox 3497 380 3650 419; x_wconf 86' lang='lat' dir='ltr'><strong>cerno</strong></span> <span class='ocrx_word' id='word_1_24' title='bbox 3687 380 3787 418; x_wconf 77' lang='lat' dir='ltr'><strong>me</strong></span> 
     </span>
    </p>
   </div>
   <div class='ocr_carea' id='block_1_5' title="bbox 551 470 2119 545">
    <p class='ocr_par' dir='ltr' id='par_1_5' title="bbox 551 470 2119 545">
     <span class='ocr_line' id='line_1_5' title="bbox 551 470 2119 545; baseline -0.007 -9"><span class='ocrx_word' id='word_1_25' title='bbox 551 484 789 545; x_wconf 78' lang='lat' dir='ltr'><strong>dicente,</strong></span> <span class='ocrx_word' id='word_1_26' title='bbox 821 477 1096 545; x_wconf 78' lang='lat' dir='ltr'><strong>respondit</strong></span> <span class='ocrx_word' id='word_1_27' title='bbox 1141 474 1494 531; x_wconf 85' lang='lat' dir='ltr'><strong>Mutnmolus:</strong></span> <span class='ocrx_word' id='word_1_28' title='bbox 1537 472 1679 528; x_wconf 84' lang='lat' dir='ltr'><strong>Nihil</strong></span> <span class='ocrx_word' id='word_1_29' title='bbox 1723 472 1819 527; x_wconf 93' lang='lat' dir='ltr'><strong>tibi</strong></span> <span class='ocrx_word' id='word_1_30' title='bbox 1857 470 2119 526; x_wconf 88' lang='lat' dir='ltr'><strong>fallaciter</strong></span> 
     </span>
    </p>
   </div>
   <div class='ocr_carea' id='block_1_6' title="bbox 554 563 2123 642">
    <p class='ocr_par' dir='ltr' id='par_1_6' title="bbox 554 563 2123 642">
     <span class='ocr_line' id='line_1_6' title="bbox 554 563 2123 642; baseline -0.007 -12"><span class='ocrx_word' id='word_1_31' title='bbox 554 575 844 642; x_wconf 82' lang='lat' dir='ltr'><strong>loquimur,</strong></span> <span class='ocrx_word' id='word_1_32' title='bbox 874 571 965 625; x_wconf 80' lang='lat' dir='ltr'><strong>setl</strong></span> <span class='ocrx_word' id='word_1_33' title='bbox 998 584 1122 623; x_wconf 90' lang='lat' dir='ltr'><strong>ecce</strong></span> <span class='ocrx_word' id='word_1_34' title='bbox 1147 569 1294 624; x_wconf 89' lang='lat' dir='ltr'><strong>viros</strong></span> <span class='ocrx_word' id='word_1_35' title='bbox 1325 566 1647 622; x_wconf 88' lang='lat' dir='ltr'><strong>fortissimos</strong></span> <span class='ocrx_word' id='word_1_36' title='bbox 1677 573 1879 620; x_wconf 80' lang='lat' dir='ltr'><strong>stantes</strong></span> <span class='ocrx_word' id='word_1_37' title='bbox 1906 563 1971 618; x_wconf 90' lang='lat' dir='ltr'><strong>ad</strong></span> <span class='ocrx_word' id='word_1_38' title='bbox 2001 580 2123 631; x_wconf 89' lang='lat' dir='ltr'><strong>por-</strong></span> 
     </span>
    </p>
   </div>
   <div class='ocr_carea' id='block_1_7' title="bbox 557 655 2123 730">
    <p class='ocr_par' dir='ltr' id='par_1_7' title="bbox 557 655 2123 730">
     <span class='ocr_line' id='line_1_7' title="bbox 557 655 2123 730; baseline -0.007 -10"><span class='ocrx_word' id='word_1_39' title='bbox 557 674 666 720; x_wconf 88' lang='lat' dir='ltr'><strong>tam</strong></span> <span class='ocrx_word' id='word_1_40' title='bbox 712 672 857 716; x_wconf 91' lang='lat' dir='ltr'><strong>tuum</strong></span> <span class='ocrx_word' id='word_1_41' title='bbox 921 661 1225 730; x_wconf 90' lang='lat' dir='ltr'><strong>operientes</strong></span> <span class='ocrx_word' id='word_1_42' title='bbox 1281 658 1587 712; x_wconf 83' lang='lat' dir='ltr'><strong>adventum.</strong></span> <span class='ocrx_word' id='word_1_43' title='bbox 1635 655 1784 709; x_wconf 87' lang='lat' dir='ltr'><strong>Nunc</strong></span> <span class='ocrx_word' id='word_1_44' title='bbox 1819 664 1995 710; x_wconf 91' lang='lat' dir='ltr'><strong>autem</strong></span> <span class='ocrx_word' id='word_1_45' title='bbox 2031 655 2123 710; x_wconf 90' lang='lat' dir='ltr'><strong>de-</strong></span> 
     </span>
    </p>
   </div>
   <div class='ocr_carea' id='block_1_8' title="bbox 561 744 2124 822">
    <p class='ocr_par' dir='ltr' id='par_1_8' title="bbox 561 744 2124 822">
     <span class='ocr_line' id='line_1_8' title="bbox 561 744 2124 822; baseline -0.006 -13"><span class='ocrx_word' id='word_1_46' title='bbox 561 769 702 822; x_wconf 91' lang='lat' dir='ltr'><strong>pone</strong></span> <span class='ocrx_word' id='word_1_47' title='bbox 730 752 1002 807; x_wconf 88' lang='lat' dir='ltr'><strong>baltlteum</strong></span> <span class='ocrx_word' id='word_1_48' title='bbox 1030 764 1205 804; x_wconf 88' lang='lat' dir='ltr'><strong>meum</strong></span> <span class='ocrx_word' id='word_1_49' title='bbox 1233 761 1452 803; x_wconf 89' lang='lat' dir='ltr'><strong>aureum</strong></span> <span class='ocrx_word' id='word_1_50' title='bbox 1483 761 1589 815; x_wconf 91' lang='lat' dir='ltr'><strong>quo</strong></span> <span class='ocrx_word' id='word_1_51' title='bbox 1627 744 1886 816; x_wconf 76' lang='lat' dir='ltr'><strong>cingetis,</strong></span> <span class='ocrx_word' id='word_1_52' title='bbox 1928 759 1996 799; x_wconf 90' lang='lat' dir='ltr'><strong>ne</strong></span> <span class='ocrx_word' id='word_1_53' title='bbox 2030 748 2124 800; x_wconf 89' lang='lat' dir='ltr'><strong>vi—</strong></span> 
     </span>
    </p>
   </div>
   <div class='ocr_carea' id='block_1_9' title="bbox 561 835 2126 912">
    <p class='ocr_par' dir='ltr' id='par_1_9' title="bbox 561 835 2126 912">
     <span class='ocr_line' id='line_1_9' title="bbox 561 835 2126 912; baseline -0.006 -13"><span class='ocrx_word' id='word_1_54' title='bbox 561 845 739 899; x_wconf 87' lang='lat' dir='ltr'><strong>dearis</strong></span> <span class='ocrx_word' id='word_1_55' title='bbox 770 844 822 897; x_wconf 92' lang='lat' dir='ltr'><strong>in</strong></span> <span class='ocrx_word' id='word_1_56' title='bbox 850 841 1106 912; x_wconf 88' lang='lat' dir='ltr'><strong>jactantia</strong></span> <span class='ocrx_word' id='word_1_57' title='bbox 1138 838 1459 908; x_wconf 87' lang='lat' dir='ltr'><strong>procedere,</strong></span> <span class='ocrx_word' id='word_1_58' title='bbox 1485 845 1541 893; x_wconf 90' lang='lat' dir='ltr'><strong>et</strong></span> <span class='ocrx_word' id='word_1_59' title='bbox 1577 844 1725 890; x_wconf 90' lang='lat' dir='ltr'><strong>tuttm</strong></span> <span class='ocrx_word' id='word_1_60' title='bbox 1763 835 1978 905; x_wconf 90' lang='lat' dir='ltr'><strong>accinge</strong></span> <span class='ocrx_word' id='word_1_61' title='bbox 2014 836 2126 903; x_wconf 87' lang='lat' dir='ltr'><strong>gla-</strong></span> 
     </span>
    </p>
   </div>
   <div class='ocr_carea' id='block_1_10' title="bbox 560 927 2124 1004">
    <p class='ocr_par' dir='ltr' id='par_1_10' title="bbox 560 927 2124 1004">
     <span class='ocr_line' id='line_1_10' title="bbox 560 927 2124 1004; baseline -0.006 -12"><span class='ocrx_word' id='word_1_62' title='bbox 560 939 705 992; x_wconf 86' lang='lat' dir='ltr'><strong>dium</strong></span> <span class='ocrx_word' id='word_1_63' title='bbox 728 978 741 1001; x_wconf 98' lang='lat'><strong>,</strong></span> <span class='ocrx_word' id='word_1_64' title='bbox 772 949 1057 1004; x_wconf 91' lang='lat' dir='ltr'><strong>meumque</strong></span> <span class='ocrx_word' id='word_1_65' title='bbox 1082 934 1329 988; x_wconf 87' lang='lat' dir='ltr'><strong>restitue.</strong></span> <span class='ocrx_word' id='word_1_66' title='bbox 1375 931 1440 985; x_wconf 88' lang='lat' dir='ltr'><strong>Et</strong></span> <span class='ocrx_word' id='word_1_67' title='bbox 1478 929 1609 983; x_wconf 84' lang='lat' dir='ltr'><strong>ille:</strong></span> <span class='ocrx_word' id='word_1_68' title='bbox 1651 927 1766 983; x_wconf 86' lang='lat' dir='ltr'><strong>Non</strong></span> <span class='ocrx_word' id='word_1_69' title='bbox 1794 928 2124 997; x_wconf 87' lang='lat' dir='ltr'><strong>simpliciter,</strong></span> 
     </span>
    </p>
   </div>
   <div class='ocr_carea' id='block_1_11' title="bbox 567 1018 2128 1095">
    <p class='ocr_par' dir='ltr' id='par_1_11' title="bbox 567 1018 2128 1095">
     <span class='ocr_line' id='line_1_11' title="bbox 567 1018 2128 1095; baseline -0.006 -13"><span class='ocrx_word' id='word_1_70' title='bbox 567 1029 775 1095; x_wconf 90' lang='lat' dir='ltr'><strong>inquit,</strong></span> <span class='ocrx_word' id='word_1_71' title='bbox 805 1026 919 1079; x_wconf 79' lang='lat' dir='ltr'><strong>haec</strong></span> <span class='ocrx_word' id='word_1_72' title='bbox 946 1023 1107 1078; x_wconf 89' lang='lat' dir='ltr'><strong>verba</strong></span> <span class='ocrx_word' id='word_1_73' title='bbox 1136 1022 1390 1092; x_wconf 88' lang='lat' dir='ltr'><strong>suscipio,</strong></span> <span class='ocrx_word' id='word_1_74' title='bbox 1422 1028 1481 1075; x_wconf 92' lang='lat' dir='ltr'><strong>ut</strong></span> <span class='ocrx_word' id='word_1_75' title='bbox 1505 1033 1568 1074; x_wconf 89' lang='lat' dir='ltr'><strong>ea</strong></span> <span class='ocrx_word' id='word_1_76' title='bbox 1595 1034 1712 1088; x_wconf 65' lang='lat' dir='ltr'><strong>quae</strong></span> <span class='ocrx_word' id='word_1_77' title='bbox 1738 1018 1806 1074; x_wconf 90' lang='lat' dir='ltr'><strong>de</strong></span> <span class='ocrx_word' id='word_1_78' title='bbox 1834 1020 1937 1073; x_wconf 86' lang='lat' dir='ltr'><strong>tuis</strong></span> <span class='ocrx_word' id='word_1_79' title='bbox 1963 1033 2128 1087; x_wconf 91' lang='lat' dir='ltr'><strong>usque</strong></span> 
     </span>
    </p>
   </div>
   <div class='ocr_carea' id='block_1_12' title="bbox 566 1106 2125 1178">
    <p class='ocr_par' dir='ltr' id='par_1_12' title="bbox 566 1106 2125 1178">
     <span class='ocr_line' id='line_1_12' title="bbox 566 1106 2125 1178; baseline -0.007 -6"><span class='ocrx_word' id='word_1_80' title='bbox 566 1132 710 1172; x_wconf 89' lang='lat' dir='ltr'><strong>nunc</strong></span> <span class='ocrx_word' id='word_1_81' title='bbox 761 1118 814 1170; x_wconf 92' lang='lat' dir='ltr'><strong>in</strong></span> <span class='ocrx_word' id='word_1_82' title='bbox 863 1115 1124 1171; x_wconf 88' lang='lat' dir='ltr'><strong>charitate</strong></span> <span class='ocrx_word' id='word_1_83' title='bbox 1172 1122 1198 1150; x_wconf 65' lang='grc'>⁸</span> <span class='ocrx_word' id='word_1_84' title='bbox 1233 1126 1359 1166; x_wconf 90' lang='lat' dir='ltr'><strong>usus</strong></span> <span class='ocrx_word' id='word_1_85' title='bbox 1396 1124 1545 1178; x_wconf 90' lang='lat' dir='ltr'><strong>sum,</strong></span> <span class='ocrx_word' id='word_1_86' title='bbox 1589 1123 1620 1163; x_wconf 89' lang='lat' dir='ltr'><strong>a</strong></span> <span class='ocrx_word' id='word_1_87' title='bbox 1663 1122 1750 1163; x_wconf 89' lang='lat' dir='ltr'><strong>me</strong></span> <span class='ocrx_word' id='word_1_88' title='bbox 1801 1106 2125 1162; x_wconf 79' lang='lat' dir='ltr'><strong>auferantur.</strong></span> 
     </span>
    </p>
   </div>
   <div class='ocr_carea' id='block_1_13' title="bbox 574 1197 2129 1269">
    <p class='ocr_par' dir='ltr' id='par_1_13' title="bbox 574 1197 2129 1269">
     <span class='ocr_line' id='line_1_13' title="bbox 574 1197 2129 1269; baseline -0.006 -7"><span class='ocrx_word' id='word_1_89' title='bbox 574 1206 896 1263; x_wconf 85' lang='lat' dir='ltr'><strong>Mummolus</strong></span> <span class='ocrx_word' id='word_1_90' title='bbox 922 1220 1050 1259; x_wconf 91' lang='lat' dir='ltr'><strong>vero</strong></span> <span class='ocrx_word' id='word_1_91' title='bbox 1072 1202 1345 1257; x_wconf 86' lang='lat' dir='ltr'><strong>asserebat</strong></span> <span class='ocrx_word' id='word_1_92' title='bbox 1366 1215 1485 1255; x_wconf 92' lang='lat' dir='ltr'><strong>cum</strong></span> <span class='ocrx_word' id='word_1_93' title='bbox 1533 1199 1869 1269; x_wconf 89' lang='lat' dir='ltr'><strong>jnramento,</strong></span> <span class='ocrx_word' id='word_1_94' title='bbox 1910 1197 2039 1253; x_wconf 85' lang='lat' dir='ltr'><strong>nihil</strong></span> <span class='ocrx_word' id='word_1_95' title='bbox 2081 1200 2129 1253; x_wconf 91' lang='lat' dir='ltr'><strong>ei</strong></span> 
     </span>
    </p>
   </div>
   <div class='ocr_carea' id='block_1_14' title="bbox 567 1286 2127 1363">
    <p class='ocr_par' dir='ltr' id='par_1_14' title="bbox 567 1286 2127 1363">
     <span class='ocr_line' id='line_1_14' title="bbox 567 1286 2127 1363; baseline -0.008 -10"><span class='ocrx_word' id='word_1_96' title='bbox 567 1299 795 1353; x_wconf 88' lang='lat' dir='ltr'><strong>moleste</strong></span> <span class='ocrx_word' id='word_1_97' title='bbox 836 1296 968 1349; x_wconf 89' lang='lat' dir='ltr'><strong>ﬁeri.</strong></span> <span class='ocrx_word' id='word_1_98' title='bbox 1014 1292 1223 1363; x_wconf 75' lang='lat' dir='ltr'><strong>Egressi</strong></span> <span class='ocrx_word' id='word_1_99' title='bbox 1263 1291 1421 1361; x_wconf 90' lang='lat' dir='ltr'><strong>igitur</strong></span> <span class='ocrx_word' id='word_1_100' title='bbox 1451 1296 1654 1357; x_wconf 90' lang='lat' dir='ltr'><strong>portam</strong></span> <span class='ocrx_word' id='word_1_101' title='bbox 1676 1331 1692 1358; x_wconf 88' lang='lat'><strong>,</strong></span> <span class='ocrx_word' id='word_1_102' title='bbox 1724 1288 1791 1343; x_wconf 90' lang='lat' dir='ltr'><strong>ab</strong></span> <span class='ocrx_word' id='word_1_103' title='bbox 1820 1286 2011 1342; x_wconf 90' lang='lat' dir='ltr'><strong>Ollone</strong></span> <span class='ocrx_word' id='word_1_104' title='bbox 2043 1286 2127 1340; x_wconf 89' lang='lat' dir='ltr'><strong>Bi-</strong></span> 
     </span>
    </p>
   </div>
   <div class='ocr_carea' id='block_1_15' title="bbox 569 1378 2131 1459">
    <p class='ocr_par' dir='ltr' id='par_1_15' title="bbox 569 1378 2131 1459">
     <span class='ocr_line' id='line_1_15' title="bbox 569 1378 2131 1459; baseline -0.008 -17"><span class='ocrx_word' id='word_1_105' title='bbox 569 1390 799 1459; x_wconf 89' lang='lat' dir='ltr'><strong>turigum</strong></span> <span class='ocrx_word' id='word_1_106' title='bbox 829 1386 1025 1441; x_wconf 89' lang='lat' dir='ltr'><strong>comite</strong></span> <span class='ocrx_word' id='word_1_107' title='bbox 1054 1391 1109 1437; x_wconf 92' lang='lat' dir='ltr'><strong>et</strong></span> <span class='ocrx_word' id='word_1_108' title='bbox 1137 1383 1348 1436; x_wconf 88' lang='lat' dir='ltr'><strong>Bosone</strong></span> <span class='ocrx_word' id='word_1_109' title='bbox 1376 1389 1653 1449; x_wconf 83' lang='lat' dir='ltr'><strong>susceptus</strong></span> <span class='ocrx_word' id='word_1_110' title='bbox 1680 1387 1781 1433; x_wconf 90' lang='lat' dir='ltr'><strong>est.</strong></span> <span class='ocrx_word' id='word_1_111' title='bbox 1812 1378 2131 1432; x_wconf 85' lang='lat' dir='ltr'><strong>Mumtnolus</strong></span> 
     </span>
    </p>
   </div>
   <div class='ocr_carea' id='block_1_16' title="bbox 572 1476 2131 1545">
    <p class='ocr_par' dir='ltr' id='par_1_16' title="bbox 572 1476 2131 1545">
     <span class='ocr_line' id='line_1_16' title="bbox 572 1476 2131 1545; baseline -0.007 -7"><span class='ocrx_word' id='word_1_112' title='bbox 572 1492 750 1539; x_wconf 88' lang='lat' dir='ltr'><strong>autem</strong></span> <span class='ocrx_word' id='word_1_113' title='bbox 780 1497 899 1535; x_wconf 93' lang='lat' dir='ltr'><strong>cum</strong></span> <span class='ocrx_word' id='word_1_114' title='bbox 928 1478 1246 1534; x_wconf 82' lang='lat' dir='ltr'><strong>satellitibus</strong></span> <span class='ocrx_word' id='word_1_115' title='bbox 1276 1476 1330 1531; x_wconf 91' lang='lat' dir='ltr'><strong>in</strong></span> <span class='ocrx_word' id='word_1_116' title='bbox 1360 1476 1548 1530; x_wconf 87' lang='lat' dir='ltr'><strong>urbem</strong></span> <span class='ocrx_word' id='word_1_117' title='bbox 1588 1489 1895 1545; x_wconf 85' lang='lat' dir='ltr'><strong>regressus,</strong></span> <span class='ocrx_word' id='word_1_118' title='bbox 1925 1483 2131 1543; x_wconf 91' lang='lat' dir='ltr'><strong>portam</strong></span> 
     </span>
    </p>
   </div>
   <div class='ocr_carea' id='block_1_17' title="bbox 572 1564 2135 1628">
    <p class='ocr_par' dir='ltr' id='par_1_17' title="bbox 572 1564 2135 1628">
     <span class='ocr_line' id='line_1_17' title="bbox 572 1564 2135 1628; baseline -0.006 0"><span class='ocrx_word' id='word_1_119' title='bbox 572 1574 880 1628; x_wconf 84' lang='lat' dir='ltr'><strong>firmissime</strong></span> <span class='ocrx_word' id='word_1_120' title='bbox 906 1568 1201 1623; x_wconf 78' lang='lat' dir='ltr'><strong>obseravit.</strong></span> <span class='ocrx_word' id='word_1_121' title='bbox 1231 1568 1327 1621; x_wconf 82' lang='lat' dir='ltr'><strong>llic</strong></span> <span class='ocrx_word' id='word_1_122' title='bbox 1356 1576 1529 1620; x_wconf 87' lang='lat' dir='ltr'><strong>autem</strong></span> <span class='ocrx_word' id='word_1_123' title='bbox 1582 1579 1702 1620; x_wconf 90' lang='lat' dir='ltr'><strong>cum</strong></span> <span class='ocrx_word' id='word_1_124' title='bbox 1746 1579 1804 1620; x_wconf 90' lang='lat' dir='ltr'><strong>se</strong></span> <span class='ocrx_word' id='word_1_125' title='bbox 1857 1565 1908 1619; x_wconf 92' lang='lat' dir='ltr'><strong>in</strong></span> <span class='ocrx_word' id='word_1_126' title='bbox 1962 1564 2135 1619; x_wconf 83' lang='lat' dir='ltr'><strong>mani-</strong></span> 
     </span>
    </p>
   </div>
   <div class='ocr_carea' id='block_1_18' title="bbox 578 1656 2134 1724">
    <p class='ocr_par' dir='ltr' id='par_1_18' title="bbox 578 1656 2134 1724">
     <span class='ocr_line' id='line_1_18' title="bbox 578 1656 2134 1724; baseline -0.005 -4"><span class='ocrx_word' id='word_1_127' title='bbox 578 1667 675 1720; x_wconf 90' lang='lat' dir='ltr'><strong>bus</strong></span> <span class='ocrx_word' id='word_1_128' title='bbox 702 1665 1036 1720; x_wconf 87' lang='lat' dir='ltr'><strong>inimicorum</strong></span> <span class='ocrx_word' id='word_1_129' title='bbox 1064 1670 1313 1717; x_wconf 86' lang='lat' dir='ltr'><strong>cerneret</strong></span> <span class='ocrx_word' id='word_1_130' title='bbox 1340 1658 1624 1724; x_wconf 86' lang='lat' dir='ltr'><strong>traditum,</strong></span> <span class='ocrx_word' id='word_1_131' title='bbox 1656 1657 1881 1712; x_wconf 84' lang='lat' dir='ltr'><strong>elevatis</strong></span> <span class='ocrx_word' id='word_1_132' title='bbox 1919 1656 1985 1711; x_wconf 89' lang='lat' dir='ltr'><strong>ad</strong></span> <span class='ocrx_word' id='word_1_133' title='bbox 2026 1671 2134 1712; x_wconf 73' lang='grc' dir='ltr'>οω-</span> 
     </span>
    </p>
   </div>
   <div class='ocr_carea' id='block_1_19' title="bbox 2222 454 3789 533">
    <p class='ocr_par' dir='ltr' id='par_1_19' title="bbox 2222 454 3789 533">
     <span class='ocr_line' id='line_1_19' title="bbox 2222 454 3789 533; baseline -0.007 -12"><span class='ocrx_word' id='word_1_134' title='bbox 2222 466 2274 521; x_wconf 89' lang='lat' dir='ltr'><strong>in</strong></span> <span class='ocrx_word' id='word_1_135' title='bbox 2306 467 2491 521; x_wconf 89' lang='lat' dir='ltr'><strong>mortis</strong></span> <span class='ocrx_word' id='word_1_136' title='bbox 2518 465 2687 520; x_wconf 85' lang='lat' dir='ltr'><strong>exitio</strong></span> <span class='ocrx_word' id='word_1_137' title='bbox 2718 462 2966 533; x_wconf 89' lang='lat' dir='ltr'><strong>positum.</strong></span> <span class='ocrx_word' id='word_1_138' title='bbox 2999 460 3096 515; x_wconf 88' lang='lat' dir='ltr'><strong>Cui</strong></span> <span class='ocrx_word' id='word_1_139' title='bbox 3125 459 3214 513; x_wconf 92' lang='lat' dir='ltr'><strong>ille</strong></span> <span class='ocrx_word' id='word_1_140' title='bbox 3242 473 3257 512; x_wconf 89' lang='lat'>:</span> <span class='ocrx_word' id='word_1_141' title='bbox 3292 457 3407 528; x_wconf 85' lang='lat' dir='ltr'><strong>Ego</strong></span> <span class='ocrx_word' id='word_1_142' title='bbox 3436 454 3669 525; x_wconf 83' lang='lat' dir='ltr'><strong>egrediar</strong></span> <span class='ocrx_word' id='word_1_143' title='bbox 3689 456 3789 510; x_wconf 83' lang='lat' dir='ltr'><strong>fo-</strong></span> 
     </span>
    </p>
   </div>
   <div class='ocr_carea' id='block_1_20' title="bbox 2221 548 3791 626">
    <p class='ocr_par' dir='ltr' id='par_1_20' title="bbox 2221 548 3791 626">
     <span class='ocr_line' id='line_1_20' title="bbox 2221 548 3791 626; baseline -0.011 -11"><span class='ocrx_word' id='word_1_144' title='bbox 2221 575 2332 625; x_wconf 91' lang='lat' dir='ltr'><strong>ras,</strong></span> <span class='ocrx_word' id='word_1_145' title='bbox 2362 568 2417 612; x_wconf 90' lang='lat' dir='ltr'><strong>et</strong></span> <span class='ocrx_word' id='word_1_146' title='bbox 2442 557 2619 613; x_wconf 91' lang='lat' dir='ltr'><strong>omnia</strong></span> <span class='ocrx_word' id='word_1_147' title='bbox 2670 556 2942 626; x_wconf 89' lang='lat' dir='ltr'><strong>mitigabo.</strong></span> <span class='ocrx_word' id='word_1_148' title='bbox 2973 553 3090 621; x_wconf 85' lang='lat' dir='ltr'><strong>Quo</strong></span> <span class='ocrx_word' id='word_1_149' title='bbox 3130 551 3459 621; x_wconf 85' lang='lat' dir='ltr'><strong>egrediente,</strong></span> <span class='ocrx_word' id='word_1_150' title='bbox 3505 548 3791 603; x_wconf 83' lang='lat' dir='ltr'><strong>confestim</strong></span> 
     </span>
    </p>
   </div>
   <div class='ocr_carea' id='block_1_21' title="bbox 2224 641 3789 718">
    <p class='ocr_par' dir='ltr' id='par_1_21' title="bbox 2224 641 3789 718">
     <span class='ocr_line' id='line_1_21' title="bbox 2224 641 3789 718; baseline -0.008 -13"><span class='ocrx_word' id='word_1_151' title='bbox 2224 666 2289 705; x_wconf 85' lang='lat' dir='ltr'><strong>ex</strong></span> <span class='ocrx_word' id='word_1_152' title='bbox 2311 651 2462 718; x_wconf 88' lang='lat' dir='ltr'><strong>jussu</strong></span> <span class='ocrx_word' id='word_1_153' title='bbox 2489 650 2605 718; x_wconf 92' lang='lat' dir='ltr'><strong>ejus</strong></span> <span class='ocrx_word' id='word_1_154' title='bbox 2632 649 2821 703; x_wconf 81' lang='lat' dir='ltr'><strong>vallata</strong></span> <span class='ocrx_word' id='word_1_155' title='bbox 2843 655 2930 701; x_wconf 91' lang='lat' dir='ltr'><strong>est</strong></span> <span class='ocrx_word' id='word_1_156' title='bbox 2953 646 3161 709; x_wconf 88' lang='lat' dir='ltr'><strong>domus,</strong></span> <span class='ocrx_word' id='word_1_157' title='bbox 3185 651 3244 697; x_wconf 91' lang='lat' dir='ltr'><strong>ut</strong></span> <span class='ocrx_word' id='word_1_158' title='bbox 3270 642 3358 696; x_wconf 93' lang='lat' dir='ltr'><strong>hic</strong></span> <span class='ocrx_word' id='word_1_159' title='bbox 3380 641 3789 695; x_wconf 83' lang='lat' dir='ltr'><strong>interﬁceretur.</strong></span> 
     </span>
    </p>
   </div>
   <div class='ocr_carea' id='block_1_22' title="bbox 2223 729 3791 796">
    <p class='ocr_par' dir='ltr' id='par_1_22' title="bbox 2223 729 3791 796">
     <span class='ocr_line' id='line_1_22' title="bbox 2223 729 3791 796; baseline -0.009 -1"><span class='ocrx_word' id='word_1_160' title='bbox 2223 740 2328 796; x_wconf 90' lang='lat' dir='ltr'><strong>Sed</strong></span> <span class='ocrx_word' id='word_1_161' title='bbox 2352 751 2406 795; x_wconf 90' lang='lat' dir='ltr'><strong>et</strong></span> <span class='ocrx_word' id='word_1_162' title='bbox 2435 740 2520 793; x_wconf 80' lang='lat' dir='ltr'><strong>ille</strong></span> <span class='ocrx_word' id='word_1_163' title='bbox 2542 754 2661 794; x_wconf 90' lang='lat' dir='ltr'><strong>cum</strong></span> <span class='ocrx_word' id='word_1_164' title='bbox 2683 736 2978 792; x_wconf 85' lang='lat' dir='ltr'><strong>diutissime</strong></span> <span class='ocrx_word' id='word_1_165' title='bbox 2998 742 3179 788; x_wconf 88' lang='lat' dir='ltr'><strong>contra</strong></span> <span class='ocrx_word' id='word_1_166' title='bbox 3204 732 3462 786; x_wconf 86' lang='lat' dir='ltr'><strong>bellantes</strong></span> <span class='ocrx_word' id='word_1_167' title='bbox 3485 729 3791 795; x_wconf 81' lang='lat' dir='ltr'><strong>restitisset,</strong></span> 
     </span>
    </p>
   </div>
   <div class='ocr_carea' id='block_1_23' title="bbox 2224 821 3793 897">
    <p class='ocr_par' dir='ltr' id='par_1_23' title="bbox 2224 821 3793 897">
     <span class='ocr_line' id='line_1_23' title="bbox 2224 821 3793 897; baseline -0.008 -12"><span class='ocrx_word' id='word_1_168' title='bbox 2224 832 2372 885; x_wconf 86' lang='lat' dir='ltr'><strong>venit</strong></span> <span class='ocrx_word' id='word_1_169' title='bbox 2395 832 2460 884; x_wconf 88' lang='lat' dir='ltr'><strong>ad</strong></span> <span class='ocrx_word' id='word_1_170' title='bbox 2490 831 2705 885; x_wconf 89' lang='lat' dir='ltr'><strong>ostium.</strong></span> <span class='ocrx_word' id='word_1_171' title='bbox 2734 826 2973 897; x_wconf 85' lang='lat' dir='ltr'><strong>Cumque</strong></span> <span class='ocrx_word' id='word_1_172' title='bbox 2999 824 3362 895; x_wconf 80' lang='lat' dir='ltr'><strong>egrederetur,</strong></span> <span class='ocrx_word' id='word_1_173' title='bbox 3395 821 3501 875; x_wconf 92' lang='lat' dir='ltr'><strong>duo</strong></span> <span class='ocrx_word' id='word_1_174' title='bbox 3528 836 3645 875; x_wconf 88' lang='lat' dir='ltr'><strong>cum</strong></span> <span class='ocrx_word' id='word_1_175' title='bbox 3674 821 3793 874; x_wconf 79' lang='lat' dir='ltr'><strong>lan-</strong></span> 
     </span>
    </p>
   </div>
   <div class='ocr_carea' id='block_1_24' title="bbox 2226 911 3793 990">
    <p class='ocr_par' dir='ltr' id='par_1_24' title="bbox 2226 911 3793 990">
     <span class='ocr_line' id='line_1_24' title="bbox 2226 911 3793 990; baseline -0.009 -14"><span class='ocrx_word' id='word_1_176' title='bbox 2226 922 2334 977; x_wconf 91' lang='lat' dir='ltr'><strong>ceis</strong></span> <span class='ocrx_word' id='word_1_177' title='bbox 2360 931 2581 990; x_wconf 90' lang='lat' dir='ltr'><strong>utraque</strong></span> <span class='ocrx_word' id='word_1_178' title='bbox 2610 919 2658 975; x_wconf 91' lang='lat' dir='ltr'><strong>ei</strong></span> <span class='ocrx_word' id='word_1_179' title='bbox 2688 921 2853 973; x_wconf 89' lang='lat' dir='ltr'><strong>latera</strong></span> <span class='ocrx_word' id='word_1_180' title='bbox 2882 918 3097 982; x_wconf 89' lang='lat' dir='ltr'><strong>feriunt,</strong></span> <span class='ocrx_word' id='word_1_181' title='bbox 3137 915 3322 984; x_wconf 87' lang='lat' dir='ltr'><strong>sicque</strong></span> <span class='ocrx_word' id='word_1_182' title='bbox 3347 911 3543 968; x_wconf 90' lang='lat' dir='ltr'><strong>cecidit</strong></span> <span class='ocrx_word' id='word_1_183' title='bbox 3569 919 3623 964; x_wconf 91' lang='lat' dir='ltr'><strong>et</strong></span> <span class='ocrx_word' id='word_1_184' title='bbox 3648 924 3793 964; x_wconf 83' lang='lat' dir='ltr'><strong>tuor-</strong></span> 
     </span>
    </p>
   </div>
   <div class='ocr_carea' id='block_1_25' title="bbox 2229 1003 3795 1079">
    <p class='ocr_par' dir='ltr' id='par_1_25' title="bbox 2229 1003 3795 1079">
     <span class='ocr_line' id='line_1_25' title="bbox 2229 1003 3795 1079; baseline -0.009 -11"><span class='ocrx_word' id='word_1_185' title='bbox 2229 1021 2348 1069; x_wconf 90' lang='lat' dir='ltr'><strong>tuus</strong></span> <span class='ocrx_word' id='word_1_186' title='bbox 2402 1021 2503 1068; x_wconf 89' lang='lat' dir='ltr'><strong>est.</strong></span> <span class='ocrx_word' id='word_1_187' title='bbox 2529 1013 2647 1078; x_wconf 89' lang='lat' dir='ltr'><strong>Quo</strong></span> <span class='ocrx_word' id='word_1_188' title='bbox 2674 1011 2787 1067; x_wconf 84' lang='lat' dir='ltr'><strong>viso</strong></span> <span class='ocrx_word' id='word_1_189' title='bbox 2814 1007 3106 1079; x_wconf 86' lang='lat' dir='ltr'><strong>Episcopus</strong></span> <span class='ocrx_word' id='word_1_190' title='bbox 3137 1004 3530 1079; x_wconf 87' lang='lat' dir='ltr'><strong>(Sagittarius),</strong></span> <span class='ocrx_word' id='word_1_191' title='bbox 3558 1003 3680 1057; x_wconf 89' lang='lat' dir='ltr'><strong>dum</strong></span> <span class='ocrx_word' id='word_1_192' title='bbox 3718 1003 3795 1054; x_wconf 85' lang='lat' dir='ltr'><strong>ti-</strong></span> 
     </span>
    </p>
   </div>
   <div class='ocr_carea' id='block_1_26' title="bbox 2231 1092 3799 1173">
    <p class='ocr_par' dir='ltr' id='par_1_26' title="bbox 2231 1092 3799 1173">
     <span class='ocr_line' id='line_1_26' title="bbox 2231 1092 3799 1173; baseline -0.009 -13"><span class='ocrx_word' id='word_1_193' title='bbox 2231 1120 2380 1160; x_wconf 90' lang='lat' dir='ltr'><strong>more</strong></span> <span class='ocrx_word' id='word_1_194' title='bbox 2422 1112 2788 1160; x_wconf 88' lang='lat' dir='ltr'><strong>consternatus</strong></span> <span class='ocrx_word' id='word_1_195' title='bbox 2837 1108 3076 1173; x_wconf 87' lang='lat' dir='ltr'><strong>paveret,</strong></span> <span class='ocrx_word' id='word_1_196' title='bbox 3107 1098 3181 1153; x_wconf 90' lang='lat' dir='ltr'><strong>ait</strong></span> <span class='ocrx_word' id='word_1_197' title='bbox 3210 1097 3275 1152; x_wconf 90' lang='lat' dir='ltr'><strong>ad</strong></span> <span class='ocrx_word' id='word_1_198' title='bbox 3306 1112 3427 1153; x_wconf 91' lang='lat' dir='ltr'><strong>eum</strong></span> <span class='ocrx_word' id='word_1_199' title='bbox 3466 1094 3679 1165; x_wconf 85' lang='lat' dir='ltr'><strong>quidam</strong></span> <span class='ocrx_word' id='word_1_200' title='bbox 3718 1092 3799 1147; x_wconf 83' lang='lat' dir='ltr'><strong>de</strong></span> 
     </span>
    </p>
   </div>
   <div class='ocr_carea' id='block_1_27' title="bbox 2230 1189 3799 1264">
    <p class='ocr_par' dir='ltr' id='par_1_27' title="bbox 2230 1189 3799 1264">
     <span class='ocr_line' id='line_1_27' title="bbox 2230 1189 3799 1264; baseline -0.008 -13"><span class='ocrx_word' id='word_1_201' title='bbox 2230 1196 2528 1251; x_wconf 89' lang='lat' dir='ltr'><strong>astantibus</strong></span> <span class='ocrx_word' id='word_1_202' title='bbox 2558 1213 2571 1248; x_wconf 92' lang='lat'><strong>:</strong></span> <span class='ocrx_word' id='word_1_203' title='bbox 2601 1195 2805 1264; x_wconf 89' lang='lat' dir='ltr'><strong>Inspice</strong></span> <span class='ocrx_word' id='word_1_204' title='bbox 2834 1192 3063 1263; x_wconf 87' lang='lat' dir='ltr'><strong>propriis</strong></span> <span class='ocrx_word' id='word_1_205' title='bbox 3104 1190 3311 1258; x_wconf 86' lang='lat' dir='ltr'><strong>oculis,</strong></span> <span class='ocrx_word' id='word_1_206' title='bbox 3355 1189 3625 1257; x_wconf 91' lang='lat' dir='ltr'><strong>episcope,</strong></span> <span class='ocrx_word' id='word_1_207' title='bbox 3677 1199 3799 1253; x_wconf 67' lang='lat' dir='ltr'><strong>qua</strong></span> 
     </span>
    </p>
   </div>
   <div class='ocr_carea' id='block_1_28' title="bbox 2231 1277 3798 1357">
    <p class='ocr_par' dir='ltr' id='par_1_28' title="bbox 2231 1277 3798 1357">
     <span class='ocr_line' id='line_1_28' title="bbox 2231 1277 3798 1357; baseline -0.01 -14"><span class='ocrx_word' id='word_1_208' title='bbox 2231 1297 2508 1357; x_wconf 79' lang='lat' dir='ltr'><strong>geruntur,</strong></span> <span class='ocrx_word' id='word_1_209' title='bbox 2535 1296 2588 1341; x_wconf 92' lang='lat' dir='ltr'><strong>et</strong></span> <span class='ocrx_word' id='word_1_210' title='bbox 2614 1293 2754 1340; x_wconf 92' lang='lat' dir='ltr'><strong>tecto</strong></span> <span class='ocrx_word' id='word_1_211' title='bbox 2783 1285 2939 1355; x_wconf 77' lang='lat'><strong>367</strong></span> <span class='ocrx_word' id='word_1_212' title='bbox 2971 1283 3144 1350; x_wconf 89' lang='lat' dir='ltr'><strong>capite</strong></span> <span class='ocrx_word' id='word_1_213' title='bbox 3168 1296 3238 1336; x_wconf 92' lang='lat' dir='ltr'><strong>ne</strong></span> <span class='ocrx_word' id='word_1_214' title='bbox 3260 1280 3586 1350; x_wconf 85' lang='lat' dir='ltr'><strong>agnoscaris,</strong></span> <span class='ocrx_word' id='word_1_215' title='bbox 3611 1277 3798 1331; x_wconf 79' lang='lat' dir='ltr'><strong>silvam</strong></span> 
     </span>
    </p>
   </div>
   <div class='ocr_carea' id='block_1_29' title="bbox 2235 1368 3804 1451">
    <p class='ocr_par' dir='ltr' id='par_1_29' title="bbox 2235 1368 3804 1451">
     <span class='ocr_line' id='line_1_29' title="bbox 2235 1368 3804 1451; baseline -0.009 -16"><span class='ocrx_word' id='word_1_216' title='bbox 2235 1390 2385 1451; x_wconf 87' lang='lat' dir='ltr'><strong>pete,</strong></span> <span class='ocrx_word' id='word_1_217' title='bbox 2416 1388 2474 1433; x_wconf 89' lang='lat' dir='ltr'><strong>ut</strong></span> <span class='ocrx_word' id='word_1_218' title='bbox 2519 1377 2861 1433; x_wconf 89' lang='lat' dir='ltr'><strong>abscondaris</strong></span> <span class='ocrx_word' id='word_1_219' title='bbox 2911 1374 3201 1444; x_wconf 89' lang='lat' dir='ltr'><strong>paululum,</strong></span> <span class='ocrx_word' id='word_1_220' title='bbox 3249 1380 3410 1440; x_wconf 89' lang='lat' dir='ltr'><strong>atque</strong></span> <span class='ocrx_word' id='word_1_221' title='bbox 3459 1370 3538 1424; x_wconf 89' lang='lat' dir='ltr'><strong>ira</strong></span> <span class='ocrx_word' id='word_1_222' title='bbox 3591 1368 3804 1421; x_wconf 87' lang='lat' dir='ltr'><strong>labente</strong></span> 
     </span>
    </p>
   </div>
   <div class='ocr_carea' id='block_1_30' title="bbox 2236 1459 3806 1541">
    <p class='ocr_par' dir='ltr' id='par_1_30' title="bbox 2236 1459 3806 1541">
     <span class='ocr_line' id='line_1_30' title="bbox 2236 1459 3806 1541; baseline -0.01 -15"><span class='ocrx_word' id='word_1_223' title='bbox 2236 1471 2408 1541; x_wconf 85' lang='lat' dir='ltr'><strong>possis</strong></span> <span class='ocrx_word' id='word_1_224' title='bbox 2435 1470 2680 1525; x_wconf 90' lang='lat' dir='ltr'><strong>evadere.</strong></span> <span class='ocrx_word' id='word_1_225' title='bbox 2712 1470 2780 1521; x_wconf 89' lang='lat' dir='ltr'><strong>At</strong></span> <span class='ocrx_word' id='word_1_226' title='bbox 2807 1466 2896 1521; x_wconf 91' lang='lat' dir='ltr'><strong>ille</strong></span> <span class='ocrx_word' id='word_1_227' title='bbox 2923 1472 3141 1533; x_wconf 91' lang='lat' dir='ltr'><strong>accepto</strong></span> <span class='ocrx_word' id='word_1_228' title='bbox 3170 1462 3412 1525; x_wconf 89' lang='lat' dir='ltr'><strong>consilio,</strong></span> <span class='ocrx_word' id='word_1_229' title='bbox 3436 1460 3563 1515; x_wconf 90' lang='lat' dir='ltr'><strong>dum</strong></span> <span class='ocrx_word' id='word_1_230' title='bbox 3586 1459 3806 1513; x_wconf 87' lang='lat' dir='ltr'><strong>obtecto</strong></span> 
     </span>
    </p>
   </div>
   <div class='ocr_carea' id='block_1_31' title="bbox 2235 1550 3805 1631">
    <p class='ocr_par' dir='ltr' id='par_1_31' title="bbox 2235 1550 3805 1631">
     <span class='ocr_line' id='line_1_31' title="bbox 2235 1550 3805 1631; baseline -0.011 -14"><span class='ocrx_word' id='word_1_231' title='bbox 2235 1561 2409 1631; x_wconf 84' lang='lat' dir='ltr'><strong>capite</strong></span> <span class='ocrx_word' id='word_1_232' title='bbox 2431 1560 2612 1630; x_wconf 90' lang='lat' dir='ltr'><strong>fugere</strong></span> <span class='ocrx_word' id='word_1_233' title='bbox 2636 1559 2916 1620; x_wconf 88' lang='lat' dir='ltr'><strong>niteretur,</strong></span> <span class='ocrx_word' id='word_1_234' title='bbox 2942 1564 3181 1610; x_wconf 89' lang='lat' dir='ltr'><strong>extracto</strong></span> <span class='ocrx_word' id='word_1_235' title='bbox 3202 1553 3418 1624; x_wconf 89' lang='lat' dir='ltr'><strong>quidam</strong></span> <span class='ocrx_word' id='word_1_236' title='bbox 3443 1550 3621 1621; x_wconf 91' lang='lat' dir='ltr'><strong>gladio</strong></span> <span class='ocrx_word' id='word_1_237' title='bbox 3646 1558 3805 1615; x_wconf 84' lang='lat' dir='ltr'><strong>caput</strong></span> 
     </span>
    </p>
   </div>
   <div class='ocr_carea' id='block_1_32' title="bbox 2236 1641 3808 1722">
    <p class='ocr_par' dir='ltr' id='par_1_32' title="bbox 2236 1641 3808 1722">
     <span class='ocr_line' id='line_1_32' title="bbox 2236 1641 3808 1722; baseline -0.009 -15"><span class='ocrx_word' id='word_1_238' title='bbox 2236 1653 2354 1722; x_wconf 87' lang='lat' dir='ltr'><strong>ejus</strong></span> <span class='ocrx_word' id='word_1_239' title='bbox 2394 1666 2513 1706; x_wconf 88' lang='lat' dir='ltr'><strong>eum</strong></span> <span class='ocrx_word' id='word_1_240' title='bbox 2564 1650 2773 1705; x_wconf 90' lang='lat' dir='ltr'><strong>cucullo</strong></span> <span class='ocrx_word' id='word_1_241' title='bbox 2821 1646 3041 1702; x_wconf 90' lang='lat' dir='ltr'><strong>decidit.</strong></span> <span class='ocrx_word' id='word_1_242' title='bbox 3076 1644 3279 1700; x_wconf 89' lang='lat' dir='ltr'><strong>Deinde</strong></span> <span class='ocrx_word' id='word_1_243' title='bbox 3323 1642 3687 1712; x_wconf 90' lang='lat' dir='ltr'><strong>unusquisque</strong></span> <span class='ocrx_word' id='word_1_244' title='bbox 3732 1641 3808 1693; x_wconf 84' lang='lat' dir='ltr'><strong>ad</strong></span> 
     </span>
    </p>
   </div>
   <div class='ocr_carea' id='block_1_33' title="bbox 572 1731 3813 1816">
    <p class='ocr_par' dir='ltr' id='par_1_33' title="bbox 572 1731 3813 1816">
     <span class='ocr_line' id='line_1_33' title="bbox 572 1731 3813 1816; baseline -0.009 -5"><span class='ocrx_word' id='word_1_245' title='bbox 572 1757 680 1811; x_wconf 90' lang='lat' dir='ltr'><strong>lum</strong></span> <span class='ocrx_word' id='word_1_246' title='bbox 711 1755 954 1810; x_wconf 84' lang='lat' dir='ltr'><strong>manibus</strong></span> <span class='ocrx_word' id='word_1_247' title='bbox 995 1761 1048 1807; x_wconf 92' lang='lat' dir='ltr'><strong>et</strong></span> <span class='ocrx_word' id='word_1_248' title='bbox 1076 1751 1273 1816; x_wconf 88' lang='lat' dir='ltr'><strong>oculis,</strong></span> <span class='ocrx_word' id='word_1_249' title='bbox 1315 1751 1427 1803; x_wconf 90' lang='lat' dir='ltr'><strong>ait:</strong></span> <span class='ocrx_word' id='word_1_250' title='bbox 1456 1747 1623 1803; x_wconf 80' lang='lat' dir='ltr'><strong>Judex</strong></span> <span class='ocrx_word' id='word_1_251' title='bbox 1653 1757 1881 1815; x_wconf 66' lang='lat' dir='ltr'><strong>aeterne,</strong></span> <span class='ocrx_word' id='word_1_252' title='bbox 1911 1756 1965 1800; x_wconf 90' lang='lat' dir='ltr'><strong>et</strong></span> <span class='ocrx_word' id='word_1_253' title='bbox 2006 1745 2139 1801; x_wconf 91' lang='lat' dir='ltr'><strong>ultio</strong></span> <span class='ocrx_word' id='word_1_254' title='bbox 2168 1749 2213 1807; x_wconf 83' lang='lat' dir='ltr'><strong>B</strong></span> <span class='ocrx_word' id='word_1_255' title='bbox 2243 1744 2450 1813; x_wconf 85' lang='lat' dir='ltr'><strong>propria</strong></span> <span class='ocrx_word' id='word_1_256' title='bbox 2480 1741 2713 1805; x_wconf 89' lang='lat' dir='ltr'><strong>rediens,</strong></span> <span class='ocrx_word' id='word_1_257' title='bbox 2744 1753 2960 1809; x_wconf 89' lang='lat' dir='ltr'><strong>magnas</strong></span> <span class='ocrx_word' id='word_1_258' title='bbox 2991 1753 3085 1806; x_wconf 87' lang='lat' dir='ltr'><strong>per</strong></span> <span class='ocrx_word' id='word_1_259' title='bbox 3136 1736 3273 1789; x_wconf 86' lang='lat' dir='ltr'><strong>viam</strong></span> <span class='ocrx_word' id='word_1_260' title='bbox 3303 1732 3512 1802; x_wconf 77' lang='lat' dir='ltr'><strong>praedas</strong></span> <span class='ocrx_word' id='word_1_261' title='bbox 3539 1743 3595 1787; x_wconf 91' lang='lat' dir='ltr'><strong>et</strong></span> <span class='ocrx_word' id='word_1_262' title='bbox 3637 1731 3813 1784; x_wconf 83' lang='lat' dir='ltr'><strong>homi-</strong></span> 
     </span>
    </p>
   </div>
   <div class='ocr_carea' id='block_1_34' title="bbox 574 1837 2140 1911">
    <p class='ocr_par' dir='ltr' id='par_1_34' title="bbox 574 1837 2140 1911">
     <span class='ocr_line' id='line_1_34' title="bbox 574 1837 2140 1911; baseline -0.006 -9"><span class='ocrx_word' id='word_1_263' title='bbox 574 1865 699 1902; x_wconf 82' lang='lat' dir='ltr'><strong>vera</strong></span> <span class='ocrx_word' id='word_1_264' title='bbox 741 1846 1129 1910; x_wconf 86' lang='lat' dir='ltr'><strong>innocentium,</strong></span> <span class='ocrx_word' id='word_1_265' title='bbox 1176 1842 1343 1907; x_wconf 87' lang='lat' dir='ltr'><strong>Deus,</strong></span> <span class='ocrx_word' id='word_1_266' title='bbox 1372 1856 1402 1894; x_wconf 92' lang='lat' dir='ltr'><strong>a</strong></span> <span class='ocrx_word' id='word_1_267' title='bbox 1434 1854 1540 1911; x_wconf 91' lang='lat' dir='ltr'><strong>quo</strong></span> <span class='ocrx_word' id='word_1_268' title='bbox 1580 1837 1755 1894; x_wconf 90' lang='lat' dir='ltr'><strong>omnis</strong></span> <span class='ocrx_word' id='word_1_269' title='bbox 1778 1838 1982 1908; x_wconf 76' lang='lat' dir='ltr'><strong>jusﬁtia</strong></span> <span class='ocrx_word' id='word_1_270' title='bbox 2014 1853 2140 1908; x_wconf 91' lang='lat' dir='ltr'><strong>pro-</strong></span> 
     </span>
    </p>
   </div>
   <div class='ocr_carea' id='block_1_35' title="bbox 558 1930 2143 2009">
    <p class='ocr_par' dir='ltr' id='par_1_35' title="bbox 558 1930 2143 2009">
     <span class='ocr_line' id='line_1_35' title="bbox 558 1930 2143 2009; baseline -0.006 -16"><span class='ocrx_word' id='word_1_271' title='bbox 558 1938 750 2009; x_wconf 78' lang='lat' dir='ltr'><strong>_cedit,</strong></span> <span class='ocrx_word' id='word_1_272' title='bbox 801 1937 889 1991; x_wconf 92' lang='lat' dir='ltr'><strong>cui</strong></span> <span class='ocrx_word' id='word_1_273' title='bbox 932 1934 1271 1990; x_wconf 88' lang='lat' dir='ltr'><strong>mendacium</strong></span> <span class='ocrx_word' id='word_1_274' title='bbox 1317 1946 1422 1985; x_wconf 92' lang='lat' dir='ltr'><strong>non</strong></span> <span class='ocrx_word' id='word_1_275' title='bbox 1468 1930 1680 2001; x_wconf 88' lang='lat' dir='ltr'><strong>placet,</strong></span> <span class='ocrx_word' id='word_1_276' title='bbox 1725 1930 1780 1983; x_wconf 90' lang='lat' dir='ltr'><strong>in</strong></span> <span class='ocrx_word' id='word_1_277' title='bbox 1822 1945 1929 1999; x_wconf 90' lang='lat' dir='ltr'><strong>quo</strong></span> <span class='ocrx_word' id='word_1_278' title='bbox 1967 1930 2143 1984; x_wconf 88' lang='lat' dir='ltr'><strong>nullus</strong></span> 
     </span>
    </p>
   </div>
   <div class='ocr_carea' id='block_1_36' title="bbox 576 2022 2144 2098">
    <p class='ocr_par' dir='ltr' id='par_1_36' title="bbox 576 2022 2144 2098">
     <span class='ocr_line' id='line_1_36' title="bbox 576 2022 2144 2098; baseline -0.008 -11"><span class='ocrx_word' id='word_1_279' title='bbox 576 2032 732 2087; x_wconf 86' lang='lat' dir='ltr'><strong>dolus</strong></span> <span class='ocrx_word' id='word_1_280' title='bbox 777 2041 951 2098; x_wconf 90' lang='lat' dir='ltr'><strong>neque</strong></span> <span class='ocrx_word' id='word_1_281' title='bbox 989 2026 1221 2082; x_wconf 90' lang='lat' dir='ltr'><strong>versutia</strong></span> <span class='ocrx_word' id='word_1_282' title='bbox 1262 2023 1480 2079; x_wconf 80' lang='lat' dir='ltr'><strong>malitiae</strong></span> <span class='ocrx_word' id='word_1_283' title='bbox 1513 2024 1842 2089; x_wconf 89' lang='lat' dir='ltr'><strong>continetur,</strong></span> <span class='ocrx_word' id='word_1_284' title='bbox 1874 2022 1966 2077; x_wconf 91' lang='lat' dir='ltr'><strong>tibi</strong></span> <span class='ocrx_word' id='word_1_285' title='bbox 1997 2037 2144 2077; x_wconf 87' lang='lat' dir='ltr'><strong>cont-</strong></span> 
     </span>
    </p>
   </div>
   <div class='ocr_carea' id='block_1_37' title="bbox 582 2113 2140 2183">
    <p class='ocr_par' dir='ltr' id='par_1_37' title="bbox 582 2113 2140 2183">
     <span class='ocr_line' id='line_1_37' title="bbox 582 2113 2140 2183; baseline -0.005 -8"><span class='ocrx_word' id='word_1_286' title='bbox 582 2120 779 2175; x_wconf 86' lang='lat' dir='ltr'><strong>mendo</strong></span> <span class='ocrx_word' id='word_1_287' title='bbox 805 2134 1018 2174; x_wconf 84' lang='lat' dir='ltr'><strong>causam</strong></span> <span class='ocrx_word' id='word_1_288' title='bbox 1048 2132 1251 2180; x_wconf 91' lang='lat' dir='ltr'><strong>meam,</strong></span> <span class='ocrx_word' id='word_1_289' title='bbox 1283 2115 1575 2183; x_wconf 87' lang='lat' dir='ltr'><strong>deprecans</strong></span> <span class='ocrx_word' id='word_1_290' title='bbox 1603 2123 1661 2167; x_wconf 91' lang='lat' dir='ltr'><strong>ut</strong></span> <span class='ocrx_word' id='word_1_291' title='bbox 1684 2114 1758 2168; x_wconf 89' lang='lat' dir='ltr'><strong>sis</strong></span> <span class='ocrx_word' id='word_1_292' title='bbox 1785 2114 2036 2169; x_wconf 88' lang='lat' dir='ltr'><strong>velociter</strong></span> <span class='ocrx_word' id='word_1_293' title='bbox 2062 2113 2140 2168; x_wconf 88' lang='lat' dir='ltr'><strong>ul-</strong></span> 
     </span>
    </p>
   </div>
   <div class='ocr_carea' id='block_1_38' title="bbox 585 2203 2146 2278">
    <p class='ocr_par' dir='ltr' id='par_1_38' title="bbox 585 2203 2146 2278">
     <span class='ocr_line' id='line_1_38' title="bbox 585 2203 2146 2278; baseline -0.004 -14"><span class='ocrx_word' id='word_1_294' title='bbox 585 2222 672 2265; x_wconf 89' lang='lat' dir='ltr'><strong>tor</strong></span> <span class='ocrx_word' id='word_1_295' title='bbox 698 2225 859 2278; x_wconf 89' lang='lat' dir='ltr'><strong>super</strong></span> <span class='ocrx_word' id='word_1_296' title='bbox 882 2223 995 2270; x_wconf 91' lang='lat' dir='ltr'><strong>eos,</strong></span> <span class='ocrx_word' id='word_1_297' title='bbox 1014 2207 1101 2276; x_wconf 91' lang='lat' dir='ltr'><strong>qui</strong></span> <span class='ocrx_word' id='word_1_298' title='bbox 1122 2220 1209 2260; x_wconf 88' lang='lat' dir='ltr'><strong>me</strong></span> <span class='ocrx_word' id='word_1_299' title='bbox 1238 2206 1506 2259; x_wconf 81' lang='lat' dir='ltr'><strong>insontem</strong></span> <span class='ocrx_word' id='word_1_300' title='bbox 1537 2204 1783 2257; x_wconf 87' lang='lat' dir='ltr'><strong>manibus</strong></span> <span class='ocrx_word' id='word_1_301' title='bbox 1812 2203 2146 2257; x_wconf 71' lang='lat' dir='ltr'><strong>tradiderunt</strong></span> 
     </span>
    </p>
   </div>
   <div class='ocr_carea' id='block_1_39' title="bbox 577 2296 2145 2362">
    <p class='ocr_par' dir='ltr' id='par_1_39' title="bbox 577 2296 2145 2362">
     <span class='ocr_line' id='line_1_39' title="bbox 577 2296 2145 2362; baseline -0.007 -5"><span class='ocrx_word' id='word_1_302' title='bbox 577 2304 941 2357; x_wconf 82' lang='lat' dir='ltr'><strong>inimicorum.</strong></span> <span class='ocrx_word' id='word_1_303' title='bbox 978 2300 1101 2353; x_wconf 86' lang='lat' dir='ltr'><strong>Ilaec</strong></span> <span class='ocrx_word' id='word_1_304' title='bbox 1126 2312 1247 2353; x_wconf 92' lang='lat' dir='ltr'><strong>cum</strong></span> <span class='ocrx_word' id='word_1_305' title='bbox 1279 2296 1528 2359; x_wconf 88' lang='lat' dir='ltr'><strong>dixisset,</strong></span> <span class='ocrx_word' id='word_1_306' title='bbox 1556 2296 1875 2362; x_wconf 87' lang='lat' dir='ltr'><strong>consignans</strong></span> <span class='ocrx_word' id='word_1_307' title='bbox 1900 2310 1958 2349; x_wconf 91' lang='lat' dir='ltr'><strong>se</strong></span> <span class='ocrx_word' id='word_1_308' title='bbox 1988 2309 2145 2348; x_wconf 85' lang='lat' dir='ltr'><strong>cruce</strong></span> 
     </span>
    </p>
   </div>
   <div class='ocr_carea' id='block_1_40' title="bbox 578 2384 2142 2457">
    <p class='ocr_par' dir='ltr' id='par_1_40' title="bbox 578 2384 2142 2457">
     <span class='ocr_line' id='line_1_40' title="bbox 578 2384 2142 2457; baseline -0.006 -10"><span class='ocrx_word' id='word_1_309' title='bbox 578 2393 856 2447; x_wconf 78' lang='lat' dir='ltr'><strong>Dominica</strong></span> <span class='ocrx_word' id='word_1_310' title='bbox 879 2431 893 2453; x_wconf 95' lang='lat'><strong>,</strong></span> <span class='ocrx_word' id='word_1_311' title='bbox 924 2389 1074 2443; x_wconf 91' lang='lat' dir='ltr'><strong>abire</strong></span> <span class='ocrx_word' id='word_1_312' title='bbox 1099 2388 1263 2457; x_wconf 64' lang='lat' dir='ltr'><strong>coepit</strong></span> <span class='ocrx_word' id='word_1_313' title='bbox 1286 2400 1409 2441; x_wconf 92' lang='lat' dir='ltr'><strong>cum</strong></span> <span class='ocrx_word' id='word_1_314' title='bbox 1454 2385 1761 2439; x_wconf 89' lang='lat' dir='ltr'><strong>hominibus</strong></span> <span class='ocrx_word' id='word_1_315' title='bbox 1801 2384 2142 2451; x_wconf 86' lang='lat' dir='ltr'><strong>supradictis.</strong></span> 
     </span>
    </p>
   </div>
   <div class='ocr_carea' id='block_1_41' title="bbox 582 2482 2146 2552">
    <p class='ocr_par' dir='ltr' id='par_1_41' title="bbox 582 2482 2146 2552">
     <span class='ocr_line' id='line_1_41' title="bbox 582 2482 2146 2552; baseline -0.001 -17"><span class='ocrx_word' id='word_1_316' title='bbox 582 2484 822 2551; x_wconf 84' lang='lat' dir='ltr'><strong>Cumque</strong></span> <span class='ocrx_word' id='word_1_317' title='bbox 851 2496 881 2535; x_wconf 88' lang='lat' dir='ltr'><strong>a</strong></span> <span class='ocrx_word' id='word_1_318' title='bbox 908 2491 1061 2550; x_wconf 84' lang='lat' dir='ltr'><strong>porta</strong></span> <span class='ocrx_word' id='word_1_319' title='bbox 1089 2497 1147 2537; x_wconf 88' lang='lat' dir='ltr'><strong>se</strong></span> <span class='ocrx_word' id='word_1_320' title='bbox 1169 2482 1330 2552; x_wconf 78' lang='lat'><strong>366</strong></span> <span class='ocrx_word' id='word_1_321' title='bbox 1352 2482 1710 2551; x_wconf 88' lang='lat' dir='ltr'><strong>elongasscnt,</strong></span> <span class='ocrx_word' id='word_1_322' title='bbox 1737 2483 1875 2535; x_wconf 80' lang='lat' dir='ltr'><strong>sicut</strong></span> <span class='ocrx_word' id='word_1_323' title='bbox 1897 2491 1976 2534; x_wconf 85' lang='lat' dir='ltr'><strong>est</strong></span> <span class='ocrx_word' id='word_1_324' title='bbox 2004 2482 2146 2534; x_wconf 87' lang='lat' dir='ltr'><strong>circa</strong></span> 
     </span>
    </p>
   </div>
   <div class='ocr_carea' id='block_1_42' title="bbox 586 2573 2146 2643">
    <p class='ocr_par' dir='ltr' id='par_1_42' title="bbox 586 2573 2146 2643">
     <span class='ocr_line' id='line_1_42' title="bbox 586 2573 2146 2643; baseline -0.001 -15"><span class='ocrx_word' id='word_1_325' title='bbox 586 2575 771 2628; x_wconf 89' lang='lat' dir='ltr'><strong>urbem</strong></span> <span class='ocrx_word' id='word_1_326' title='bbox 811 2574 965 2629; x_wconf 89' lang='lat' dir='ltr'><strong>vallis</strong></span> <span class='ocrx_word' id='word_1_327' title='bbox 1002 2582 1110 2628; x_wconf 91' lang='lat' dir='ltr'><strong>tota</strong></span> <span class='ocrx_word' id='word_1_328' title='bbox 1152 2576 1203 2628; x_wconf 92' lang='lat' dir='ltr'><strong>in</strong></span> <span class='ocrx_word' id='word_1_329' title='bbox 1240 2576 1585 2643; x_wconf 71' lang='lat' dir='ltr'><strong>prazcipitittm</strong></span> <span class='ocrx_word' id='word_1_330' title='bbox 1608 2614 1623 2638; x_wconf 94' lang='lat'><strong>,</strong></span> <span class='ocrx_word' id='word_1_331' title='bbox 1668 2573 1926 2643; x_wconf 89' lang='lat' dir='ltr'><strong>impulsus</strong></span> <span class='ocrx_word' id='word_1_332' title='bbox 1958 2574 2027 2627; x_wconf 89' lang='lat' dir='ltr'><strong>ab</strong></span> <span class='ocrx_word' id='word_1_333' title='bbox 2056 2573 2146 2627; x_wconf 83' lang='lat' dir='ltr'><strong>Ol-</strong></span> 
     </span>
    </p>
   </div>
   <div class='ocr_carea' id='block_1_43' title="bbox 592 2666 2152 2738">
    <p class='ocr_par' dir='ltr' id='par_1_43' title="bbox 592 2666 2152 2738">
     <span class='ocr_line' id='line_1_43' title="bbox 592 2666 2152 2738; baseline 0 -18"><span class='ocrx_word' id='word_1_334' title='bbox 592 2668 713 2721; x_wconf 90' lang='lat' dir='ltr'><strong>Ione</strong></span> <span class='ocrx_word' id='word_1_335' title='bbox 744 2666 973 2731; x_wconf 88' lang='lat' dir='ltr'><strong>cecidit,</strong></span> <span class='ocrx_word' id='word_1_336' title='bbox 1002 2667 1091 2722; x_wconf 93' lang='lat' dir='ltr'><strong>illo</strong></span> <span class='ocrx_word' id='word_1_337' title='bbox 1120 2682 1331 2738; x_wconf 89' lang='lat' dir='ltr'><strong>quoque</strong></span> <span class='ocrx_word' id='word_1_338' title='bbox 1359 2669 1623 2723; x_wconf 82' lang='lat' dir='ltr'><strong>clamante</strong></span> <span class='ocrx_word' id='word_1_339' title='bbox 1650 2685 1662 2720; x_wconf 89' lang='lat'>:</span> <span class='ocrx_word' id='word_1_340' title='bbox 1694 2669 1769 2721; x_wconf 84' lang='lat' dir='ltr'><strong>En</strong></span> <span class='ocrx_word' id='word_1_341' title='bbox 1795 2666 1948 2722; x_wconf 88' lang='lat' dir='ltr'><strong>vobis</strong></span> <span class='ocrx_word' id='word_1_342' title='bbox 1979 2667 2152 2720; x_wconf 87' lang='lat' dir='ltr'><strong>Ballo-</strong></span> 
     </span>
    </p>
   </div>
   <div class='ocr_carea' id='block_1_44' title="bbox 588 2758 2150 2828">
    <p class='ocr_par' dir='ltr' id='par_1_44' title="bbox 588 2758 2150 2828">
     <span class='ocr_line' id='line_1_44' title="bbox 588 2758 2150 2828; baseline 0.001 -18"><span class='ocrx_word' id='word_1_343' title='bbox 588 2772 788 2813; x_wconf 90' lang='lat' dir='ltr'><strong>tnerem</strong></span> <span class='ocrx_word' id='word_1_344' title='bbox 820 2768 1057 2813; x_wconf 89' lang='lat' dir='ltr'><strong>vestrum</strong></span> <span class='ocrx_word' id='word_1_345' title='bbox 1078 2798 1096 2825; x_wconf 90' lang='lat'><strong>,</strong></span> <span class='ocrx_word' id='word_1_346' title='bbox 1125 2760 1214 2828; x_wconf 92' lang='lat' dir='ltr'><strong>qui</strong></span> <span class='ocrx_word' id='word_1_347' title='bbox 1259 2775 1319 2815; x_wconf 89' lang='lat' dir='ltr'><strong>se</strong></span> <span class='ocrx_word' id='word_1_348' title='bbox 1359 2766 1498 2828; x_wconf 83' lang='lat' dir='ltr'><strong>regis</strong></span> <span class='ocrx_word' id='word_1_349' title='bbox 1529 2766 1584 2813; x_wconf 85' lang='lat' dir='ltr'><strong>et</strong></span> <span class='ocrx_word' id='word_1_350' title='bbox 1614 2760 1829 2817; x_wconf 79' lang='lat' dir='ltr'><strong>fratrem</strong></span> <span class='ocrx_word' id='word_1_351' title='bbox 1856 2758 1984 2812; x_wconf 89' lang='lat' dir='ltr'><strong>dicit</strong></span> <span class='ocrx_word' id='word_1_352' title='bbox 2012 2766 2065 2814; x_wconf 87' lang='lat' dir='ltr'><strong>et</strong></span> <span class='ocrx_word' id='word_1_353' title='bbox 2092 2758 2150 2811; x_wconf 91' lang='lat' dir='ltr'><strong>ﬁ-</strong></span> 
     </span>
    </p>
   </div>
   <div class='ocr_carea' id='block_1_45' title="bbox 592 2849 2154 2919">
    <p class='ocr_par' dir='ltr' id='par_1_45' title="bbox 592 2849 2154 2919">
     <span class='ocr_line' id='line_1_45' title="bbox 592 2849 2154 2919; baseline 0 -16"><span class='ocrx_word' id='word_1_354' title='bbox 592 2850 625 2903; x_wconf 84' lang='lat' dir='ltr'><strong>It</strong></span> <span class='ocrx_word' id='word_1_355' title='bbox 643 2867 752 2903; x_wconf 78' lang='lat' dir='ltr'><strong>nni.</strong></span> <span class='ocrx_word' id='word_1_356' title='bbox 774 2851 837 2903; x_wconf 83' lang='lat' dir='ltr'><strong>Et</strong></span> <span class='ocrx_word' id='word_1_357' title='bbox 863 2849 1097 2905; x_wconf 79' lang='lat' dir='ltr'><strong>immissa</strong></span> <span class='ocrx_word' id='word_1_358' title='bbox 1120 2852 1323 2915; x_wconf 87' lang='lat' dir='ltr'><strong>lancea,</strong></span> <span class='ocrx_word' id='word_1_359' title='bbox 1344 2852 1507 2905; x_wconf 88' lang='lat' dir='ltr'><strong>voluit</strong></span> <span class='ocrx_word' id='word_1_360' title='bbox 1533 2866 1653 2906; x_wconf 90' lang='lat' dir='ltr'><strong>eum</strong></span> <span class='ocrx_word' id='word_1_361' title='bbox 1688 2852 2027 2919; x_wconf 82' lang='lat' dir='ltr'><strong>transfigere,</strong></span> <span class='ocrx_word' id='word_1_362' title='bbox 2058 2850 2154 2904; x_wconf 89' lang='lat' dir='ltr'><strong>sed</strong></span> 
     </span>
    </p>
   </div>
   <div class='ocr_carea' id='block_1_46' title="bbox 586 2938 2154 3007">
    <p class='ocr_par' dir='ltr' id='par_1_46' title="bbox 586 2938 2154 3007">
     <span class='ocr_line' id='line_1_46' title="bbox 586 2938 2154 3007; baseline 0.001 -16"><span class='ocrx_word' id='word_1_363' title='bbox 586 2938 796 3005; x_wconf 78' lang='lat' dir='ltr'><strong>repulsa</strong></span> <span class='ocrx_word' id='word_1_364' title='bbox 833 2953 861 2990; x_wconf 92' lang='lat' dir='ltr'><strong>a</strong></span> <span class='ocrx_word' id='word_1_365' title='bbox 904 2938 1121 2992; x_wconf 88' lang='lat' dir='ltr'><strong>circulis</strong></span> <span class='ocrx_word' id='word_1_366' title='bbox 1151 2939 1330 2994; x_wconf 89' lang='lat' dir='ltr'><strong>loricae</strong></span> <span class='ocrx_word' id='word_1_367' title='bbox 1357 2938 1484 2993; x_wconf 90' lang='lat' dir='ltr'><strong>nihil</strong></span> <span class='ocrx_word' id='word_1_368' title='bbox 1515 2939 1715 2993; x_wconf 80' lang='lat' dir='ltr'><strong>nocuit.</strong></span> <span class='ocrx_word' id='word_1_369' title='bbox 1756 2938 1994 3007; x_wconf 87' lang='lat' dir='ltr'><strong>Denique</strong></span> <span class='ocrx_word' id='word_1_370' title='bbox 2032 2953 2154 2993; x_wconf 89' lang='lat' dir='ltr'><strong>cum</strong></span> 
     </span>
    </p>
   </div>
   <div class='ocr_carea' id='block_1_47' title="bbox 595 3028 2155 3099">
    <p class='ocr_par' dir='ltr' id='par_1_47' title="bbox 595 3028 2155 3099">
     <span class='ocr_line' id='line_1_47' title="bbox 595 3028 2155 3099; baseline 0 -16"><span class='ocrx_word' id='word_1_371' title='bbox 595 3031 829 3083; x_wconf 69' lang='lat' dir='ltr'><strong>elevatus</strong></span> <span class='ocrx_word' id='word_1_372' title='bbox 858 3028 925 3083; x_wconf 92' lang='lat' dir='ltr'><strong>ad</strong></span> <span class='ocrx_word' id='word_1_373' title='bbox 962 3038 1194 3084; x_wconf 87' lang='lat' dir='ltr'><strong>montem</strong></span> <span class='ocrx_word' id='word_1_374' title='bbox 1238 3030 1445 3099; x_wconf 79' lang='lat' dir='ltr'><strong>regredi</strong></span> <span class='ocrx_word' id='word_1_375' title='bbox 1474 3030 1754 3096; x_wconf 83' lang='lat' dir='ltr'><strong>niteretur,</strong></span> <span class='ocrx_word' id='word_1_376' title='bbox 1788 3029 1928 3085; x_wconf 90' lang='lat' dir='ltr'><strong>Boso</strong></span> <span class='ocrx_word' id='word_1_377' title='bbox 1958 3032 2155 3083; x_wconf 89' lang='lat' dir='ltr'><strong>emisso</strong></span> 
     </span>
    </p>
   </div>
   <div class='ocr_carea' id='block_1_48' title="bbox 2241 1822 3812 1898">
    <p class='ocr_par' dir='ltr' id='par_1_48' title="bbox 2241 1822 3812 1898">
     <span class='ocr_line' id='line_1_48' title="bbox 2241 1822 3812 1898; baseline -0.009 -9"><span class='ocrx_word' id='word_1_378' title='bbox 2241 1834 2376 1889; x_wconf 88' lang='lat' dir='ltr'><strong>cidia</strong></span> <span class='ocrx_word' id='word_1_379' title='bbox 2406 1833 2545 1889; x_wconf 89' lang='lat' dir='ltr'><strong>fecit.</strong></span> <span class='ocrx_word' id='word_1_380' title='bbox 2578 1829 2939 1898; x_wconf 86' lang='lat' dir='ltr'><strong>Frcdegundis</strong></span> <span class='ocrx_word' id='word_1_381' title='bbox 2966 1837 3142 1881; x_wconf 89' lang='lat' dir='ltr'><strong>autem</strong></span> <span class='ocrx_word' id='word_1_382' title='bbox 3174 1827 3256 1879; x_wconf 83' lang='lat' dir='ltr'><strong>his</strong></span> <span class='ocrx_word' id='word_1_383' title='bbox 3284 1824 3468 1877; x_wconf 86' lang='lat' dir='ltr'><strong>diebus</strong></span> <span class='ocrx_word' id='word_1_384' title='bbox 3496 1822 3812 1891; x_wconf 85' lang='lat' dir='ltr'><strong>Cuppanetn</strong></span> 
     </span>
    </p>
   </div>
   <div class='ocr_carea' id='block_1_49' title="bbox 2242 1912 3817 1984">
    <p class='ocr_par' dir='ltr' id='par_1_49' title="bbox 2242 1912 3817 1984">
     <span class='ocr_line' id='line_1_49' title="bbox 2242 1912 3817 1984; baseline -0.009 -5"><span class='ocrx_word' id='word_1_385' title='bbox 2242 1926 2296 1980; x_wconf 92' lang='lat' dir='ltr'><strong>in</strong></span> <span class='ocrx_word' id='word_1_386' title='bbox 2322 1926 2643 1981; x_wconf 88' lang='lat' dir='ltr'><strong>Tolosanum</strong></span> <span class='ocrx_word' id='word_1_387' title='bbox 2672 1921 2892 1984; x_wconf 83' lang='lat' dir='ltr'><strong>direxit,</strong></span> <span class='ocrx_word' id='word_1_388' title='bbox 2926 1929 2984 1973; x_wconf 89' lang='lat' dir='ltr'><strong>ut</strong></span> <span class='ocrx_word' id='word_1_389' title='bbox 3011 1918 3212 1973; x_wconf 89' lang='lat' dir='ltr'><strong>scilicet</strong></span> <span class='ocrx_word' id='word_1_390' title='bbox 3238 1916 3397 1970; x_wconf 81' lang='lat' dir='ltr'><strong>tiliam</strong></span> <span class='ocrx_word' id='word_1_391' title='bbox 3419 1928 3571 1967; x_wconf 88' lang='lat' dir='ltr'><strong>suam</strong></span> <span class='ocrx_word' id='word_1_392' title='bbox 3616 1912 3817 1968; x_wconf 82' lang='lat' dir='ltr'><strong>exinde</strong></span> 
     </span>
    </p>
   </div>
   <div class='ocr_carea' id='block_1_50' title="bbox 2244 2006 3815 2089">
    <p class='ocr_par' dir='ltr' id='par_1_50' title="bbox 2244 2006 3815 2089">
     <span class='ocr_line' id='line_1_50' title="bbox 2244 2006 3815 2089; baseline -0.008 -16"><span class='ocrx_word' id='word_1_393' title='bbox 2244 2031 2559 2089; x_wconf 89' lang='lat' dir='ltr'><strong>quocunque</strong></span> <span class='ocrx_word' id='word_1_394' title='bbox 2588 2017 2744 2070; x_wconf 90' lang='lat' dir='ltr'><strong>modo</strong></span> <span class='ocrx_word' id='word_1_395' title='bbox 2775 2020 2969 2083; x_wconf 88' lang='lat' dir='ltr'><strong>posset,</strong></span> <span class='ocrx_word' id='word_1_396' title='bbox 2994 2019 3227 2065; x_wconf 89' lang='lat' dir='ltr'><strong>erueret.</strong></span> <span class='ocrx_word' id='word_1_397' title='bbox 3252 2007 3513 2062; x_wconf 85' lang='lat' dir='ltr'><strong>Ferebant</strong></span> <span class='ocrx_word' id='word_1_398' title='bbox 3530 2006 3673 2061; x_wconf 91' lang='lat' dir='ltr'><strong>enim</strong></span> <span class='ocrx_word' id='word_1_399' title='bbox 3699 2008 3815 2073; x_wconf 89' lang='lat' dir='ltr'><strong>ple-</strong></span> 
     </span>
    </p>
   </div>
   <div class='ocr_carea' id='block_1_51' title="bbox 2244 2097 3817 2181">
    <p class='ocr_par' dir='ltr' id='par_1_51' title="bbox 2244 2097 3817 2181">
     <span class='ocr_line' id='line_1_51' title="bbox 2244 2097 3817 2181; baseline -0.012 -14"><span class='ocrx_word' id='word_1_400' title='bbox 2244 2113 2393 2181; x_wconf 86' lang='lat' dir='ltr'><strong>rique</strong></span> <span class='ocrx_word' id='word_1_401' title='bbox 2417 2109 2486 2165; x_wconf 90' lang='lat' dir='ltr'><strong>ob</strong></span> <span class='ocrx_word' id='word_1_402' title='bbox 2514 2110 2614 2163; x_wconf 89' lang='lat' dir='ltr'><strong>hoc</strong></span> <span class='ocrx_word' id='word_1_403' title='bbox 2657 2120 2777 2162; x_wconf 92' lang='lat' dir='ltr'><strong>eum</strong></span> <span class='ocrx_word' id='word_1_404' title='bbox 2808 2104 3175 2158; x_wconf 90' lang='lat' dir='ltr'><strong>transmissum</strong></span> <span class='ocrx_word' id='word_1_405' title='bbox 3200 2140 3214 2164; x_wconf 93' lang='lat'><strong>,</strong></span> <span class='ocrx_word' id='word_1_406' title='bbox 3244 2107 3301 2155; x_wconf 87' lang='lat' dir='ltr'><strong>ut</strong></span> <span class='ocrx_word' id='word_1_407' title='bbox 3330 2099 3372 2153; x_wconf 92' lang='lat' dir='ltr'><strong>si</strong></span> <span class='ocrx_word' id='word_1_408' title='bbox 3404 2097 3817 2153; x_wconf 82' lang='lat' dir='ltr'><strong>Gundovaldum</strong></span> 
     </span>
    </p>
   </div>
   <div class='ocr_carea' id='block_1_52' title="bbox 2245 2189 3817 2271">
    <p class='ocr_par' dir='ltr' id='par_1_52' title="bbox 2245 2189 3817 2271">
     <span class='ocr_line' id='line_1_52' title="bbox 2245 2189 3817 2271; baseline -0.009 -17"><span class='ocrx_word' id='word_1_409' title='bbox 2245 2200 2531 2271; x_wconf 85' lang='lat' dir='ltr'><strong>reperisset</strong></span> <span class='ocrx_word' id='word_1_410' title='bbox 2558 2199 2732 2252; x_wconf 88' lang='lat' dir='ltr'><strong>vivum</strong></span> <span class='ocrx_word' id='word_1_411' title='bbox 2750 2236 2767 2263; x_wconf 92' lang='lat'><strong>,</strong></span> <span class='ocrx_word' id='word_1_412' title='bbox 2795 2196 2971 2250; x_wconf 87' lang='lat' dir='ltr'><strong>multis</strong></span> <span class='ocrx_word' id='word_1_413' title='bbox 2998 2194 3239 2249; x_wconf 86' lang='lat' dir='ltr'><strong>illectum</strong></span> <span class='ocrx_word' id='word_1_414' title='bbox 3273 2189 3716 2259; x_wconf 87' lang='lat' dir='ltr'><strong>promissionihus</strong></span> <span class='ocrx_word' id='word_1_415' title='bbox 3742 2189 3817 2241; x_wconf 89' lang='lat' dir='ltr'><strong>ad</strong></span> 
     </span>
    </p>
   </div>
   <div class='ocr_carea' id='block_1_53' title="bbox 2247 2281 3820 2349">
    <p class='ocr_par' dir='ltr' id='par_1_53' title="bbox 2247 2281 3820 2349">
     <span class='ocr_line' id='line_1_53' title="bbox 2247 2281 3820 2349; baseline -0.012 0"><span class='ocrx_word' id='word_1_416' title='bbox 2247 2309 2363 2349; x_wconf 88' lang='lat' dir='ltr'><strong>eam</strong></span> <span class='ocrx_word' id='word_1_417' title='bbox 2392 2291 2777 2346; x_wconf 84' lang='lat' dir='ltr'><strong>transduceret.</strong></span> <span class='ocrx_word' id='word_1_418' title='bbox 2808 2288 2913 2344; x_wconf 90' lang='lat' dir='ltr'><strong>Sed</strong></span> <span class='ocrx_word' id='word_1_419' title='bbox 2942 2302 3064 2341; x_wconf 90' lang='lat' dir='ltr'><strong>cum</strong></span> <span class='ocrx_word' id='word_1_420' title='bbox 3102 2285 3201 2339; x_wconf 92' lang='lat' dir='ltr'><strong>hoc</strong></span> <span class='ocrx_word' id='word_1_421' title='bbox 3240 2282 3420 2338; x_wconf 89' lang='lat' dir='ltr'><strong>facere</strong></span> <span class='ocrx_word' id='word_1_422' title='bbox 3468 2281 3820 2348; x_wconf 82' lang='lat' dir='ltr'><strong>nequivisset,</strong></span> 
     </span>
    </p>
   </div>
   <div class='ocr_carea' id='block_1_54' title="bbox 2247 2374 3824 2453">
    <p class='ocr_par' dir='ltr' id='par_1_54' title="bbox 2247 2374 3824 2453">
     <span class='ocr_line' id='line_1_54' title="bbox 2247 2374 3824 2453; baseline -0.009 -13"><span class='ocrx_word' id='word_1_423' title='bbox 2247 2394 2515 2453; x_wconf 87' lang='lat' dir='ltr'><strong>acceptam</strong></span> <span class='ocrx_word' id='word_1_424' title='bbox 2545 2381 2866 2451; x_wconf 80' lang='lat' dir='ltr'><strong>Rigunthem</strong></span> <span class='ocrx_word' id='word_1_425' title='bbox 2898 2394 2926 2433; x_wconf 90' lang='lat' dir='ltr'><strong>a</strong></span> <span class='ocrx_word' id='word_1_426' title='bbox 2957 2380 3075 2433; x_wconf 90' lang='lat' dir='ltr'><strong>loco</strong></span> <span class='ocrx_word' id='word_1_427' title='bbox 3120 2377 3213 2431; x_wconf 90' lang='lat' dir='ltr'><strong>illo</strong></span> <span class='ocrx_word' id='word_1_428' title='bbox 3256 2374 3483 2440; x_wconf 86' lang='lat' dir='ltr'><strong>reduxit,</strong></span> <span class='ocrx_word' id='word_1_429' title='bbox 3540 2389 3644 2429; x_wconf 89' lang='lat' dir='ltr'><strong>non</strong></span> <span class='ocrx_word' id='word_1_430' title='bbox 3698 2374 3824 2428; x_wconf 92' lang='lat' dir='ltr'><strong>sine</strong></span> 
     </span>
    </p>
   </div>
   <div class='ocr_carea' id='block_1_55' title="bbox 2247 2467 3364 2545">
    <p class='ocr_par' dir='ltr' id='par_1_55' title="bbox 2247 2467 3364 2545">
     <span class='ocr_line' id='line_1_55' title="bbox 2247 2467 3364 2545; baseline -0.01 -16"><span class='ocrx_word' id='word_1_431' title='bbox 2247 2474 2431 2545; x_wconf 80' lang='lat' dir='ltr'><strong>grandi</strong></span> <span class='ocrx_word' id='word_1_432' title='bbox 2462 2472 2753 2525; x_wconf 89' lang='lat' dir='ltr'><strong>humilitate</strong></span> <span class='ocrx_word' id='word_1_433' title='bbox 2782 2480 2939 2538; x_wconf 87' lang='lat' dir='ltr'><strong>atque</strong></span> <span class='ocrx_word' id='word_1_434' title='bbox 2963 2467 3284 2522; x_wconf 87' lang='lat' dir='ltr'><strong>contumelia</strong></span> <span class='ocrx_word' id='word_1_435' title='bbox 3316 2474 3364 2518; x_wconf 74' lang='grc' dir='ltr'><strong>ε.</strong></span> 
     </span>
    </p>
   </div>
   <div class='ocr_carea' id='block_1_56' title="bbox 2319 2550 3827 2633">
    <p class='ocr_par' dir='ltr' id='par_1_56' title="bbox 2319 2550 3827 2633">
     <span class='ocr_line' id='line_1_56' title="bbox 2319 2550 3827 2633; baseline -0.011 -14"><span class='ocrx_word' id='word_1_436' title='bbox 2319 2565 2429 2619; x_wconf 79' lang='lat' dir='ltr'><strong>XL.</strong></span> <span class='ocrx_word' id='word_1_437' title='bbox 2462 2563 2623 2633; x_wconf 88' lang='lat' dir='ltr'><strong>Igitur</strong></span> <span class='ocrx_word' id='word_1_438' title='bbox 2652 2560 3010 2628; x_wconf 87' lang='lat' dir='ltr'><strong>Lcndegisilus</strong></span> <span class='ocrx_word' id='word_1_439' title='bbox 3038 2556 3140 2611; x_wconf 85' lang='lat' dir='ltr'><strong>dux</strong></span> <span class='ocrx_word' id='word_1_440' title='bbox 3178 2569 3296 2608; x_wconf 89' lang='lat' dir='ltr'><strong>cum</strong></span> <span class='ocrx_word' id='word_1_441' title='bbox 3326 2551 3588 2606; x_wconf 88' lang='lat' dir='ltr'><strong>thesauris</strong></span> <span class='ocrx_word' id='word_1_442' title='bbox 3635 2550 3827 2604; x_wconf 83' lang='lat' dir='ltr'><strong>omni-</strong></span> 
     </span>
    </p>
   </div>
   <div class='ocr_carea' id='block_1_57' title="bbox 2250 2645 3828 2724">
    <p class='ocr_par' dir='ltr' id='par_1_57' title="bbox 2250 2645 3828 2724">
     <span class='ocr_line' id='line_1_57' title="bbox 2250 2645 3828 2724; baseline -0.009 -13"><span class='ocrx_word' id='word_1_443' title='bbox 2250 2656 2367 2723; x_wconf 87' lang='lat' dir='ltr'><strong>bus,</strong></span> <span class='ocrx_word' id='word_1_444' title='bbox 2400 2669 2532 2724; x_wconf 90' lang='lat' dir='ltr'><strong>quos</strong></span> <span class='ocrx_word' id='word_1_445' title='bbox 2561 2653 2804 2721; x_wconf 89' lang='lat' dir='ltr'><strong>superius</strong></span> <span class='ocrx_word' id='word_1_446' title='bbox 2833 2649 3242 2710; x_wconf 87' lang='lat' dir='ltr'><strong>nominavimus,</strong></span> <span class='ocrx_word' id='word_1_447' title='bbox 3291 2646 3357 2700; x_wconf 91' lang='lat' dir='ltr'><strong>ad</strong></span> <span class='ocrx_word' id='word_1_448' title='bbox 3410 2659 3585 2715; x_wconf 82' lang='lat' dir='ltr'><strong>regem</strong></span> <span class='ocrx_word' id='word_1_449' title='bbox 3635 2645 3828 2709; x_wconf 81' lang='lat' dir='ltr'><strong>venit;</strong></span> 
     </span>
    </p>
   </div>
   <div class='ocr_carea' id='block_1_58' title="bbox 2251 2735 3830 2815">
    <p class='ocr_par' dir='ltr' id='par_1_58' title="bbox 2251 2735 3830 2815">
     <span class='ocr_line' id='line_1_58' title="bbox 2251 2735 3830 2815; baseline -0.006 -17"><span class='ocrx_word' id='word_1_450' title='bbox 2251 2761 2387 2815; x_wconf 89' lang='lat' dir='ltr'><strong>quos</strong></span> <span class='ocrx_word' id='word_1_451' title='bbox 2414 2753 2591 2814; x_wconf 90' lang='lat' dir='ltr'><strong>postea</strong></span> <span class='ocrx_word' id='word_1_452' title='bbox 2616 2759 2706 2798; x_wconf 83' lang='lat' dir='ltr'><strong>rex</strong></span> <span class='ocrx_word' id='word_1_453' title='bbox 2736 2742 3051 2812; x_wconf 64' lang='lat' dir='ltr'><strong>pauperibus</strong></span> <span class='ocrx_word' id='word_1_454' title='bbox 3081 2748 3135 2794; x_wconf 92' lang='lat' dir='ltr'><strong>et</strong></span> <span class='ocrx_word' id='word_1_455' title='bbox 3162 2738 3408 2793; x_wconf 89' lang='lat' dir='ltr'><strong>ecclesiis</strong></span> <span class='ocrx_word' id='word_1_456' title='bbox 3432 2735 3689 2803; x_wconf 73' lang='lat' dir='ltr'><strong>erogavit.</strong></span> <span class='ocrx_word' id='word_1_457' title='bbox 3714 2735 3830 2802; x_wconf 82' lang='lat' dir='ltr'><strong>Ap-</strong></span> 
     </span>
    </p>
   </div>
   <div class='ocr_carea' id='block_1_59' title="bbox 2253 2828 3829 2908">
    <p class='ocr_par' dir='ltr' id='par_1_59' title="bbox 2253 2828 3829 2908">
     <span class='ocr_line' id='line_1_59' title="bbox 2253 2828 3829 2908; baseline -0.01 -16"><span class='ocrx_word' id='word_1_458' title='bbox 2253 2839 2512 2908; x_wconf 87' lang='lat' dir='ltr'><strong>prehcnsa</strong></span> <span class='ocrx_word' id='word_1_459' title='bbox 2542 2849 2664 2889; x_wconf 90' lang='lat' dir='ltr'><strong>vero</strong></span> <span class='ocrx_word' id='word_1_460' title='bbox 2696 2848 2861 2888; x_wconf 85' lang='lat' dir='ltr'><strong>uxore</strong></span> <span class='ocrx_word' id='word_1_461' title='bbox 2890 2832 3158 2886; x_wconf 72' lang='lat' dir='ltr'><strong>lllummoli</strong></span> <span class='ocrx_word' id='word_1_462' title='bbox 3184 2873 3199 2896; x_wconf 94' lang='lat'><strong>,</strong></span> <span class='ocrx_word' id='word_1_463' title='bbox 3230 2828 3497 2896; x_wconf 88' lang='lat' dir='ltr'><strong>inquirere</strong></span> <span class='ocrx_word' id='word_1_464' title='bbox 3522 2844 3613 2882; x_wconf 85' lang='lat' dir='ltr'><strong>rex</strong></span> <span class='ocrx_word' id='word_1_465' title='bbox 3642 2828 3829 2896; x_wconf 68' lang='lat' dir='ltr'><strong>cmpit,</strong></span> 
     </span>
    </p>
   </div>
   <div class='ocr_carea' id='block_1_60' title="bbox 2253 2920 3824 3003">
    <p class='ocr_par' dir='ltr' id='par_1_60' title="bbox 2253 2920 3824 3003">
     <span class='ocr_line' id='line_1_60' title="bbox 2253 2920 3824 3003; baseline -0.008 -17"><span class='ocrx_word' id='word_1_466' title='bbox 2253 2931 2377 3003; x_wconf 90' lang='lat' dir='ltr'><strong>quid</strong></span> <span class='ocrx_word' id='word_1_467' title='bbox 2409 2928 2640 2984; x_wconf 89' lang='lat' dir='ltr'><strong>thesauri</strong></span> <span class='ocrx_word' id='word_1_468' title='bbox 2672 2942 2804 2997; x_wconf 84' lang='lat' dir='ltr'><strong>quos</strong></span> <span class='ocrx_word' id='word_1_469' title='bbox 2852 2926 2886 2980; x_wconf 91' lang='lat' dir='ltr'><strong>ii</strong></span> <span class='ocrx_word' id='word_1_470' title='bbox 2932 2928 3401 2994; x_wconf 81' lang='lat' dir='ltr'><strong>congregaverant,</strong></span> <span class='ocrx_word' id='word_1_471' title='bbox 3455 2920 3824 2975; x_wconf 88' lang='lat' dir='ltr'><strong>devenissent.</strong></span> 
     </span>
    </p>
   </div>
   <div class='ocr_carea' id='block_1_61' title="bbox 2255 3011 3830 3089">
    <p class='ocr_par' dir='ltr' id='par_1_61' title="bbox 2255 3011 3830 3089">
     <span class='ocr_line' id='line_1_61' title="bbox 2255 3011 3830 3089; baseline -0.009 -12"><span class='ocrx_word' id='word_1_472' title='bbox 2255 3021 2361 3079; x_wconf 89' lang='lat' dir='ltr'><strong>Sed</strong></span> <span class='ocrx_word' id='word_1_473' title='bbox 2393 3021 2481 3074; x_wconf 90' lang='lat' dir='ltr'><strong>illa</strong></span> <span class='ocrx_word' id='word_1_474' title='bbox 2508 3032 2835 3089; x_wconf 86' lang='lat' dir='ltr'><strong>cognoscens</strong></span> <span class='ocrx_word' id='word_1_475' title='bbox 2863 3016 3033 3071; x_wconf 91' lang='lat' dir='ltr'><strong>virum</strong></span> <span class='ocrx_word' id='word_1_476' title='bbox 3063 3030 3214 3070; x_wconf 93' lang='lat' dir='ltr'><strong>suutn</strong></span> <span class='ocrx_word' id='word_1_477' title='bbox 3256 3011 3597 3067; x_wconf 89' lang='lat' dir='ltr'><strong>interfectum</strong></span> <span class='ocrx_word' id='word_1_478' title='bbox 3629 3011 3794 3064; x_wconf 87' lang='lat' dir='ltr'><strong>fuisse</strong></span> <span class='ocrx_word' id='word_1_479' title='bbox 3814 3055 3830 3077; x_wconf 92' lang='lat'><strong>,</strong></span> 
     </span>
    </p>
   </div>
   <div class='ocr_carea' id='block_1_62' title="bbox 594 3104 3832 3191">
    <p class='ocr_par' dir='ltr' id='par_1_62' title="bbox 594 3104 3832 3191">
     <span class='ocr_line' id='line_1_62' title="bbox 594 3104 3832 3191; baseline -0.006 -20"><span class='ocrx_word' id='word_1_480' title='bbox 594 3119 766 3186; x_wconf 86' lang='lat' dir='ltr'><strong>lapide</strong></span> <span class='ocrx_word' id='word_1_481' title='bbox 792 3128 952 3187; x_wconf 88' lang='lat' dir='ltr'><strong>caput</strong></span> <span class='ocrx_word' id='word_1_482' title='bbox 998 3120 1115 3186; x_wconf 89' lang='lat' dir='ltr'><strong>ejus</strong></span> <span class='ocrx_word' id='word_1_483' title='bbox 1152 3120 1394 3186; x_wconf 89' lang='lat' dir='ltr'><strong>libravit,</strong></span> <span class='ocrx_word' id='word_1_484' title='bbox 1439 3121 1527 3191; x_wconf 85' lang='lat' dir='ltr'><strong>qui</strong></span> <span class='ocrx_word' id='word_1_485' title='bbox 1559 3121 1780 3178; x_wconf 87' lang='lat' dir='ltr'><strong>cecidit.</strong></span> <span class='ocrx_word' id='word_1_486' title='bbox 1819 3130 1872 3175; x_wconf 91' lang='lat' dir='ltr'><strong>et</strong></span> <span class='ocrx_word' id='word_1_487' title='bbox 1910 3129 2152 3175; x_wconf 87' lang='lat' dir='ltr'><strong>mortuus</strong></span> <span class='ocrx_word' id='word_1_488' title='bbox 2184 3108 2230 3172; x_wconf 88' lang='lat' dir='ltr'><strong>C</strong></span> <span class='ocrx_word' id='word_1_489' title='bbox 2261 3122 2316 3169; x_wconf 90' lang='lat' dir='ltr'><strong>et</strong></span> <span class='ocrx_word' id='word_1_490' title='bbox 2339 3126 2553 3168; x_wconf 89' lang='lat' dir='ltr'><strong>omnem</strong></span> <span class='ocrx_word' id='word_1_491' title='bbox 2576 3109 2885 3180; x_wconf 89' lang='lat' dir='ltr'><strong>jactantiam</strong></span> <span class='ocrx_word' id='word_1_492' title='bbox 2918 3122 3100 3163; x_wconf 89' lang='lat' dir='ltr'><strong>eorum</strong></span> <span class='ocrx_word' id='word_1_493' title='bbox 3132 3118 3349 3173; x_wconf 90' lang='lat' dir='ltr'><strong>prorsus</strong></span> <span class='ocrx_word' id='word_1_494' title='bbox 3378 3104 3432 3157; x_wconf 92' lang='lat' dir='ltr'><strong>in</strong></span> <span class='ocrx_word' id='word_1_495' title='bbox 3464 3114 3659 3158; x_wconf 86' lang='lat' dir='ltr'><strong>terram</strong></span> <span class='ocrx_word' id='word_1_496' title='bbox 3708 3115 3832 3156; x_wconf 83' lang='lat' dir='ltr'><strong>cor-</strong></span> 
     </span>
    </p>
   </div>
   <div class='ocr_carea' id='block_1_63' title="bbox 588 3209 2162 3281">
    <p class='ocr_par' dir='ltr' id='par_1_63' title="bbox 588 3209 2162 3281">
     <span class='ocr_line' id='line_1_63' title="bbox 588 3209 2162 3281; baseline 0.001 -18"><span class='ocrx_word' id='word_1_497' title='bbox 588 3218 687 3264; x_wconf 88' lang='lat' dir='ltr'><strong>est.</strong></span> <span class='ocrx_word' id='word_1_498' title='bbox 731 3209 993 3279; x_wconf 77' lang='lat' dir='ltr'><strong>Venitque</strong></span> <span class='ocrx_word' id='word_1_499' title='bbox 1035 3225 1197 3265; x_wconf 90' lang='lat' dir='ltr'><strong>omne</strong></span> <span class='ocrx_word' id='word_1_500' title='bbox 1236 3212 1453 3281; x_wconf 87' lang='lat' dir='ltr'><strong>vulgus,</strong></span> <span class='ocrx_word' id='word_1_501' title='bbox 1494 3220 1549 3266; x_wconf 88' lang='lat' dir='ltr'><strong>et</strong></span> <span class='ocrx_word' id='word_1_502' title='bbox 1583 3211 1773 3266; x_wconf 85' lang='lat' dir='ltr'><strong>deﬁxis</strong></span> <span class='ocrx_word' id='word_1_503' title='bbox 1813 3213 1864 3266; x_wconf 90' lang='lat' dir='ltr'><strong>in</strong></span> <span class='ocrx_word' id='word_1_504' title='bbox 1894 3227 2015 3266; x_wconf 90' lang='lat' dir='ltr'><strong>eum</strong></span> <span class='ocrx_word' id='word_1_505' title='bbox 2046 3211 2162 3264; x_wconf 92' lang='lat' dir='ltr'><strong>lan-</strong></span> 
     </span>
    </p>
   </div>
   <div class='ocr_carea' id='block_1_64' title="bbox 590 3302 2162 3373">
    <p class='ocr_par' dir='ltr' id='par_1_64' title="bbox 590 3302 2162 3373">
     <span class='ocr_line' id='line_1_64' title="bbox 590 3302 2162 3373; baseline -0.001 -17"><span class='ocrx_word' id='word_1_506' title='bbox 590 3302 719 3367; x_wconf 81' lang='lat' dir='ltr'><strong>ceis,</strong></span> <span class='ocrx_word' id='word_1_507' title='bbox 749 3302 911 3372; x_wconf 88' lang='lat' dir='ltr'><strong>pedes</strong></span> <span class='ocrx_word' id='word_1_508' title='bbox 939 3302 1054 3371; x_wconf 88' lang='lat' dir='ltr'><strong>ejus</strong></span> <span class='ocrx_word' id='word_1_509' title='bbox 1079 3304 1201 3357; x_wconf 85' lang='lat' dir='ltr'><strong>fune</strong></span> <span class='ocrx_word' id='word_1_510' title='bbox 1225 3304 1477 3373; x_wconf 90' lang='lat' dir='ltr'><strong>ligantes,</strong></span> <span class='ocrx_word' id='word_1_511' title='bbox 1506 3320 1599 3372; x_wconf 90' lang='lat' dir='ltr'><strong>per</strong></span> <span class='ocrx_word' id='word_1_512' title='bbox 1625 3306 1801 3357; x_wconf 89' lang='lat' dir='ltr'><strong>omnia</strong></span> <span class='ocrx_word' id='word_1_513' title='bbox 1830 3304 2162 3359; x_wconf 80' lang='lat' dir='ltr'><strong>exercituum</strong></span> 
     </span>
    </p>
   </div>
   <div class='ocr_carea' id='block_1_65' title="bbox 592 3392 2163 3463">
    <p class='ocr_par' dir='ltr' id='par_1_65' title="bbox 592 3392 2163 3463">
     <span class='ocr_line' id='line_1_65' title="bbox 592 3392 2163 3463; baseline 0.001 -17"><span class='ocrx_word' id='word_1_514' title='bbox 592 3402 763 3446; x_wconf 78' lang='lat' dir='ltr'><strong>castra</strong></span> <span class='ocrx_word' id='word_1_515' title='bbox 797 3402 1069 3447; x_wconf 84' lang='lat' dir='ltr'><strong>traxerunt</strong></span> <span class='ocrx_word' id='word_1_516' title='bbox 1094 3410 1108 3458; x_wconf 90' lang='lat'><strong>;</strong></span> <span class='ocrx_word' id='word_1_517' title='bbox 1136 3394 1534 3463; x_wconf 86' lang='lat' dir='ltr'><strong>evellentesque</strong></span> <span class='ocrx_word' id='word_1_518' title='bbox 1560 3394 1831 3449; x_wconf 69' lang='lat' dir='ltr'><strong>ctesariem</strong></span> <span class='ocrx_word' id='word_1_519' title='bbox 1858 3409 1921 3448; x_wconf 94' lang='lat' dir='ltr'><strong>ac</strong></span> <span class='ocrx_word' id='word_1_520' title='bbox 1949 3392 2163 3447; x_wconf 90' lang='lat' dir='ltr'><strong>barbam</strong></span> 
     </span>
    </p>
   </div>
   <div class='ocr_carea' id='block_1_66' title="bbox 603 3483 2163 3554">
    <p class='ocr_par' dir='ltr' id='par_1_66' title="bbox 603 3483 2163 3554">
     <span class='ocr_line' id='line_1_66' title="bbox 603 3483 2163 3554; baseline 0 -16"><span class='ocrx_word' id='word_1_521' title='bbox 603 3485 718 3551; x_wconf 86' lang='lat' dir='ltr'><strong>ejus</strong></span> <span class='ocrx_word' id='word_1_522' title='bbox 740 3525 752 3546; x_wconf 95' lang='lat'><strong>,</strong></span> <span class='ocrx_word' id='word_1_523' title='bbox 785 3483 1101 3551; x_wconf 83' lang='lat' dir='ltr'><strong>insepultum</strong></span> <span class='ocrx_word' id='word_1_524' title='bbox 1129 3485 1242 3552; x_wconf 91' lang='lat' dir='ltr'><strong>ipso</strong></span> <span class='ocrx_word' id='word_1_525' title='bbox 1273 3485 1322 3540; x_wconf 92' lang='lat' dir='ltr'><strong>in</strong></span> <span class='ocrx_word' id='word_1_526' title='bbox 1354 3485 1469 3539; x_wconf 83' lang='lat' dir='ltr'><strong>loco</strong></span> <span class='ocrx_word' id='word_1_527' title='bbox 1492 3501 1597 3554; x_wconf 91' lang='lat' dir='ltr'><strong>quo</strong></span> <span class='ocrx_word' id='word_1_528' title='bbox 1628 3486 1937 3539; x_wconf 79' lang='lat' dir='ltr'><strong>interfectus</strong></span> <span class='ocrx_word' id='word_1_529' title='bbox 1966 3486 2163 3550; x_wconf 89' lang='lat' dir='ltr'><strong>fuerat,</strong></span> 
     </span>
    </p>
   </div>
   <div class='ocr_carea' id='block_1_67' title="bbox 596 3575 2166 3646">
    <p class='ocr_par' dir='ltr' id='par_1_67' title="bbox 596 3575 2166 3646">
     <span class='ocr_line' id='line_1_67' title="bbox 596 3575 2166 3646; baseline 0.002 -17"><span class='ocrx_word' id='word_1_530' title='bbox 596 3576 943 3642; x_wconf 79' lang='lat' dir='ltr'><strong>reliquerunt.</strong></span> <span class='ocrx_word' id='word_1_531' title='bbox 969 3575 1134 3630; x_wconf 74' lang='lat' dir='ltr'><strong>Nocte</strong></span> <span class='ocrx_word' id='word_1_532' title='bbox 1155 3592 1283 3631; x_wconf 90' lang='lat' dir='ltr'><strong>vero</strong></span> <span class='ocrx_word' id='word_1_533' title='bbox 1310 3578 1570 3646; x_wconf 86' lang='lat' dir='ltr'><strong>sequenti,</strong></span> <span class='ocrx_word' id='word_1_534' title='bbox 1597 3578 1630 3631; x_wconf 91' lang='lat' dir='ltr'><strong>ii</strong></span> <span class='ocrx_word' id='word_1_535' title='bbox 1656 3580 1742 3643; x_wconf 85' lang='lat' dir='ltr'><strong>qui</strong></span> <span class='ocrx_word' id='word_1_536' title='bbox 1768 3578 1923 3646; x_wconf 91' lang='lat' dir='ltr'><strong>primi</strong></span> <span class='ocrx_word' id='word_1_537' title='bbox 1945 3590 2097 3632; x_wconf 88' lang='lat' dir='ltr'><strong>erant</strong></span> <span class='ocrx_word' id='word_1_538' title='bbox 2116 3578 2166 3645; x_wconf 75' lang='grc' dir='ltr'><strong>ι),</strong></span> 
     </span>
    </p>
   </div>
   <div class='ocr_carea' id='block_1_68' title="bbox 597 3665 2165 3739">
    <p class='ocr_par' dir='ltr' id='par_1_68' title="bbox 597 3665 2165 3739">
     <span class='ocr_line' id='line_1_68' title="bbox 597 3665 2165 3739; baseline 0.006 -24"><span class='ocrx_word' id='word_1_539' title='bbox 597 3679 784 3718; x_wconf 71' lang='lat' dir='ltr'><strong>omnes</strong></span> <span class='ocrx_word' id='word_1_540' title='bbox 823 3665 1102 3721; x_wconf 89' lang='lat' dir='ltr'><strong>thesauros</strong></span> <span class='ocrx_word' id='word_1_541' title='bbox 1140 3681 1273 3736; x_wconf 91' lang='lat' dir='ltr'><strong>quos</strong></span> <span class='ocrx_word' id='word_1_542' title='bbox 1313 3668 1365 3721; x_wconf 93' lang='lat' dir='ltr'><strong>in</strong></span> <span class='ocrx_word' id='word_1_543' title='bbox 1410 3670 1543 3724; x_wconf 88' lang='lat' dir='ltr'><strong>urbe</strong></span> <span class='ocrx_word' id='word_1_544' title='bbox 1584 3667 1820 3737; x_wconf 85' lang='lat' dir='ltr'><strong>reperire</strong></span> <span class='ocrx_word' id='word_1_545' title='bbox 1848 3680 2165 3739; x_wconf 87' lang='lat' dir='ltr'><strong>potuerunt,</strong></span> 
     </span>
    </p>
   </div>
   <div class='ocr_carea' id='block_1_69' title="bbox 601 3756 2173 3818">
    <p class='ocr_par' dir='ltr' id='par_1_69' title="bbox 601 3756 2173 3818">
     <span class='ocr_line' id='line_1_69' title="bbox 601 3756 2173 3818; baseline 0.004 -7"><span class='ocrx_word' id='word_1_546' title='bbox 601 3773 719 3811; x_wconf 84' lang='lat' dir='ltr'><strong>cum</strong></span> <span class='ocrx_word' id='word_1_547' title='bbox 748 3756 1057 3812; x_wconf 78' lang='lat' dir='ltr'><strong>ministeriis</strong></span> <span class='ocrx_word' id='word_1_548' title='bbox 1083 3758 1324 3815; x_wconf 84' lang='lat' dir='ltr'><strong>ecclesiae</strong></span> <span class='ocrx_word' id='word_1_549' title='bbox 1345 3761 1477 3814; x_wconf 92' lang='lat' dir='ltr'><strong>clam</strong></span> <span class='ocrx_word' id='word_1_550' title='bbox 1500 3759 1850 3815; x_wconf 86' lang='lat' dir='ltr'><strong>abstulerunt.</strong></span> <span class='ocrx_word' id='word_1_551' title='bbox 1874 3762 2024 3817; x_wconf 87' lang='lat' dir='ltr'><strong>Mane</strong></span> <span class='ocrx_word' id='word_1_552' title='bbox 2044 3777 2173 3818; x_wconf 88' lang='lat' dir='ltr'><strong>vero</strong></span> 
     </span>
    </p>
   </div>
   <div class='ocr_carea' id='block_1_70' title="bbox 601 3851 2175 3921">
    <p class='ocr_par' dir='ltr' id='par_1_70' title="bbox 601 3851 2175 3921">
     <span class='ocr_line' id='line_1_70' title="bbox 601 3851 2175 3921; baseline 0.003 -16"><span class='ocrx_word' id='word_1_553' title='bbox 601 3851 854 3906; x_wconf 85' lang='lat' dir='ltr'><strong>reseratis</strong></span> <span class='ocrx_word' id='word_1_554' title='bbox 885 3861 1153 3919; x_wconf 86' lang='lat' dir='ltr'><strong>portarum</strong></span> <span class='ocrx_word' id='word_1_555' title='bbox 1182 3852 1351 3906; x_wconf 89' lang='lat' dir='ltr'><strong>valvis</strong></span> <span class='ocrx_word' id='word_1_556' title='bbox 1374 3896 1389 3920; x_wconf 86' lang='lat'><strong>,</strong></span> <span class='ocrx_word' id='word_1_557' title='bbox 1433 3854 1672 3906; x_wconf 88' lang='lat' dir='ltr'><strong>immisso</strong></span> <span class='ocrx_word' id='word_1_558' title='bbox 1710 3855 1977 3921; x_wconf 87' lang='lat' dir='ltr'><strong>exercitu,</strong></span> <span class='ocrx_word' id='word_1_559' title='bbox 2015 3869 2175 3909; x_wconf 89' lang='lat' dir='ltr'><strong>omne</strong></span> 
     </span>
    </p>
   </div>
   <div class='ocr_carea' id='block_1_71' title="bbox 599 3941 2176 4013">
    <p class='ocr_par' dir='ltr' id='par_1_71' title="bbox 599 3941 2176 4013">
     <span class='ocr_line' id='line_1_71' title="bbox 599 3941 2176 4013; baseline 0.006 -21"><span class='ocrx_word' id='word_1_560' title='bbox 599 3941 786 4009; x_wconf 81' lang='lat' dir='ltr'><strong>vulgus</strong></span> <span class='ocrx_word' id='word_1_561' title='bbox 814 3941 1074 3996; x_wconf 91' lang='lat' dir='ltr'><strong>inclusum</strong></span> <span class='ocrx_word' id='word_1_562' title='bbox 1106 3943 1161 3998; x_wconf 90' lang='lat' dir='ltr'><strong>in</strong></span> <span class='ocrx_word' id='word_1_563' title='bbox 1188 3958 1283 3998; x_wconf 90' lang='lat' dir='ltr'><strong>ore</strong></span> <span class='ocrx_word' id='word_1_564' title='bbox 1305 3943 1464 4013; x_wconf 80' lang='lat' dir='ltr'><strong>gladii</strong></span> <span class='ocrx_word' id='word_1_565' title='bbox 1492 3945 1843 4007; x_wconf 80' lang='lat' dir='ltr'><strong>tradiderunt,</strong></span> <span class='ocrx_word' id='word_1_566' title='bbox 1874 3947 2176 4003; x_wconf 89' lang='lat' dir='ltr'><strong>sacerdotes</strong></span> 
     </span>
    </p>
   </div>
   <div class='ocr_carea' id='block_1_72' title="bbox 602 4032 2175 4107">
    <p class='ocr_par' dir='ltr' id='par_1_72' title="bbox 602 4032 2175 4107">
     <span class='ocr_line' id='line_1_72' title="bbox 602 4032 2175 4107; baseline 0.01 -25"><span class='ocrx_word' id='word_1_567' title='bbox 602 4048 808 4102; x_wconf 85' lang='lat' dir='ltr'><strong>quoque</strong></span> <span class='ocrx_word' id='word_1_568' title='bbox 853 4034 1057 4089; x_wconf 90' lang='lat' dir='ltr'><strong>Domini</strong></span> <span class='ocrx_word' id='word_1_569' title='bbox 1102 4051 1222 4090; x_wconf 91' lang='lat' dir='ltr'><strong>cum</strong></span> <span class='ocrx_word' id='word_1_570' title='bbox 1268 4038 1528 4092; x_wconf 90' lang='lat' dir='ltr'><strong>ministris</strong></span> <span class='ocrx_word' id='word_1_571' title='bbox 1563 4039 1629 4092; x_wconf 88' lang='lat' dir='ltr'><strong>ad</strong></span> <span class='ocrx_word' id='word_1_572' title='bbox 1673 4039 1785 4107; x_wconf 90' lang='lat' dir='ltr'><strong>ipsa</strong></span> <span class='ocrx_word' id='word_1_573' title='bbox 1822 4032 2175 4097; x_wconf 81' lang='lat' dir='ltr'><strong>ecclesiarum</strong></span> 
     </span>
    </p>
   </div>
   <div class='ocr_carea' id='block_1_73' title="bbox 604 4124 2178 4199">
    <p class='ocr_par' dir='ltr' id='par_1_73' title="bbox 604 4124 2178 4199">
     <span class='ocr_line' id='line_1_73' title="bbox 604 4124 2178 4199; baseline 0.008 -23"><span class='ocrx_word' id='word_1_574' title='bbox 604 4124 788 4178; x_wconf 88' lang='lat' dir='ltr'><strong>altaria</strong></span> <span class='ocrx_word' id='word_1_575' title='bbox 830 4125 1175 4184; x_wconf 90' lang='lat' dir='ltr'><strong>trucidantes.</strong></span> <span class='ocrx_word' id='word_1_576' title='bbox 1220 4128 1505 4199; x_wconf 86' lang='lat' dir='ltr'><strong>Postquam</strong></span> <span class='ocrx_word' id='word_1_577' title='bbox 1558 4139 1734 4184; x_wconf 89' lang='lat' dir='ltr'><strong>autem</strong></span> <span class='ocrx_word' id='word_1_578' title='bbox 1764 4142 1983 4187; x_wconf 88' lang='lat' dir='ltr'><strong>cunctos</strong></span> <span class='ocrx_word' id='word_1_579' title='bbox 2014 4132 2178 4189; x_wconf 90' lang='lat' dir='ltr'><strong>inter-</strong></span> 
     </span>
    </p>
   </div>
   <div class='ocr_carea' id='block_1_74' title="bbox 607 4217 2174 4293">
    <p class='ocr_par' dir='ltr' id='par_1_74' title="bbox 607 4217 2174 4293">
     <span class='ocr_line' id='line_1_74' title="bbox 607 4217 2174 4293; baseline 0.007 -24"><span class='ocrx_word' id='word_1_580' title='bbox 607 4217 875 4284; x_wconf 81' lang='lat' dir='ltr'><strong>fecerunt,</strong></span> <span class='ocrx_word' id='word_1_581' title='bbox 898 4229 955 4273; x_wconf 91' lang='lat' dir='ltr'><strong>ut</strong></span> <span class='ocrx_word' id='word_1_582' title='bbox 996 4233 1101 4274; x_wconf 89' lang='lat' dir='ltr'><strong>non</strong></span> <span class='ocrx_word' id='word_1_583' title='bbox 1142 4232 1444 4277; x_wconf 83' lang='lat' dir='ltr'><strong>remaneret</strong></span> <span class='ocrx_word' id='word_1_584' title='bbox 1482 4223 1726 4291; x_wconf 81' lang='lat' dir='ltr'><strong>mingens</strong></span> <span class='ocrx_word' id='word_1_585' title='bbox 1760 4223 1826 4278; x_wconf 88' lang='lat' dir='ltr'><strong>ad</strong></span> <span class='ocrx_word' id='word_1_586' title='bbox 1875 4226 2129 4292; x_wconf 88' lang='lat' dir='ltr'><strong>parietem</strong></span> <span class='ocrx_word' id='word_1_587' title='bbox 2160 4271 2174 4293; x_wconf 92' lang='lat'><strong>,</strong></span> 
     </span>
    </p>
   </div>
   <div class='ocr_carea' id='block_1_75' title="bbox 610 4310 2179 4381">
    <p class='ocr_par' dir='ltr' id='par_1_75' title="bbox 610 4310 2179 4381">
     <span class='ocr_line' id='line_1_75' title="bbox 610 4310 2179 4381; baseline 0.006 -20"><span class='ocrx_word' id='word_1_588' title='bbox 610 4325 824 4363; x_wconf 83' lang='lat' dir='ltr'><strong>onmem</strong></span> <span class='ocrx_word' id='word_1_589' title='bbox 877 4310 1062 4365; x_wconf 88' lang='lat' dir='ltr'><strong>urbem</strong></span> <span class='ocrx_word' id='word_1_590' title='bbox 1107 4325 1226 4364; x_wconf 90' lang='lat' dir='ltr'><strong>cum</strong></span> <span class='ocrx_word' id='word_1_591' title='bbox 1274 4312 1516 4367; x_wconf 81' lang='lat' dir='ltr'><strong>ecclesiis</strong></span> <span class='ocrx_word' id='word_1_592' title='bbox 1564 4312 1891 4381; x_wconf 89' lang='lat' dir='ltr'><strong>reliquisque</strong></span> <span class='ocrx_word' id='word_1_593' title='bbox 1943 4314 2179 4370; x_wconf 66' lang='lat' dir='ltr'><strong>aedificiis</strong></span> 
     </span>
    </p>
   </div>
   <div class='ocr_carea' id='block_1_76' title="bbox 616 4399 2179 4472">
    <p class='ocr_par' dir='ltr' id='par_1_76' title="bbox 616 4399 2179 4472">
     <span class='ocr_line' id='line_1_76' title="bbox 616 4399 2179 4472; baseline 0.006 -21"><span class='ocrx_word' id='word_1_594' title='bbox 616 4399 1031 4470; x_wconf 86' lang='lat' dir='ltr'><strong>succenderunt,</strong></span> <span class='ocrx_word' id='word_1_595' title='bbox 1054 4401 1189 4456; x_wconf 91' lang='lat' dir='ltr'><strong>nihil</strong></span> <span class='ocrx_word' id='word_1_596' title='bbox 1213 4402 1285 4459; x_wconf 91' lang='lat' dir='ltr'><strong>ibi</strong></span> <span class='ocrx_word' id='word_1_597' title='bbox 1306 4415 1497 4472; x_wconf 74' lang='lat' dir='ltr'><strong>prteter</strong></span> <span class='ocrx_word' id='word_1_598' title='bbox 1525 4402 1742 4457; x_wconf 86' lang='lat' dir='ltr'><strong>humum</strong></span> <span class='ocrx_word' id='word_1_599' title='bbox 1772 4417 1989 4458; x_wconf 88' lang='lat' dir='ltr'><strong>vacuam</strong></span> <span class='ocrx_word' id='word_1_600' title='bbox 2018 4405 2179 4460; x_wconf 90' lang='lat' dir='ltr'><strong>relin-</strong></span> 
     </span>
    </p>
   </div>
   <div class='ocr_carea' id='block_1_77' title="bbox 608 4496 849 4557">
    <p class='ocr_par' dir='ltr' id='par_1_77' title="bbox 608 4496 849 4557">
     <span class='ocr_line' id='line_1_77' title="bbox 608 4496 849 4557; baseline 0.012 -18"><span class='ocrx_word' id='word_1_601' title='bbox 608 4496 849 4557; x_wconf 83' lang='lat' dir='ltr'><strong>quentes.</strong></span> 
     </span>
    </p>
   </div>
   <div class='ocr_carea' id='block_1_78' title="bbox 681 4579 2178 4655">
    <p class='ocr_par' dir='ltr' id='par_1_78' title="bbox 681 4579 2178 4655">
     <span class='ocr_line' id='line_1_78' title="bbox 681 4579 2178 4655; baseline 0.008 -24"><span class='ocrx_word' id='word_1_602' title='bbox 681 4579 920 4634; x_wconf 64' lang='grc' dir='ltr'>χχχιχ.</span> <span class='ocrx_word' id='word_1_603' title='bbox 948 4581 1110 4650; x_wconf 87' lang='lat' dir='ltr'><strong>lgitur</strong></span> <span class='ocrx_word' id='word_1_604' title='bbox 1137 4583 1502 4655; x_wconf 84' lang='lat' dir='ltr'><strong>Leudegisilus</strong></span> <span class='ocrx_word' id='word_1_605' title='bbox 1528 4586 1741 4643; x_wconf 88' lang='lat' dir='ltr'><strong>rediens</strong></span> <span class='ocrx_word' id='word_1_606' title='bbox 1767 4586 1829 4640; x_wconf 90' lang='lat' dir='ltr'><strong>ad</strong></span> <span class='ocrx_word' id='word_1_607' title='bbox 1860 4595 2031 4640; x_wconf 88' lang='lat' dir='ltr'><strong>castra</strong></span> <span class='ocrx_word' id='word_1_608' title='bbox 2058 4602 2178 4643; x_wconf 77' lang='lat' dir='ltr'><strong>cum</strong></span> 
     </span>
    </p>
   </div>
   <div class='ocr_carea' id='block_1_79' title="bbox 611 4669 2182 4746">
    <p class='ocr_par' dir='ltr' id='par_1_79' title="bbox 611 4669 2182 4746">
     <span class='ocr_line' id='line_1_79' title="bbox 611 4669 2182 4746; baseline 0.005 -22"><span class='ocrx_word' id='word_1_609' title='bbox 611 4669 898 4725; x_wconf 85' lang='lat' dir='ltr'><strong>Mutnmolo</strong></span> <span class='ocrx_word' id='word_1_610' title='bbox 941 4687 989 4727; x_wconf 88' lang='lat' dir='ltr'><strong>et</strong></span> <span class='ocrx_word' id='word_1_611' title='bbox 1023 4672 1331 4742; x_wconf 85' lang='lat' dir='ltr'><strong>Sagittario,</strong></span> <span class='ocrx_word' id='word_1_612' title='bbox 1359 4676 1632 4732; x_wconf 89' lang='lat' dir='ltr'><strong>Chariulfo</strong></span> <span class='ocrx_word' id='word_1_613' title='bbox 1653 4685 1708 4733; x_wconf 90' lang='lat' dir='ltr'><strong>et</strong></span> <span class='ocrx_word' id='word_1_614' title='bbox 1727 4676 2025 4746; x_wconf 85' lang='lat' dir='ltr'><strong>Waddone,</strong></span> <span class='ocrx_word' id='word_1_615' title='bbox 2048 4694 2182 4732; x_wconf 91' lang='lat' dir='ltr'><strong>nun-</strong></span> 
     </span>
    </p>
   </div>
   <div class='ocr_carea' id='block_1_80' title="bbox 612 4762 2175 4839">
    <p class='ocr_par' dir='ltr' id='par_1_80' title="bbox 612 4762 2175 4839">
     <span class='ocr_line' id='line_1_80' title="bbox 612 4762 2175 4839; baseline 0.004 -22"><span class='ocrx_word' id='word_1_616' title='bbox 612 4762 713 4817; x_wconf 92' lang='lat' dir='ltr'><strong>tios</strong></span> <span class='ocrx_word' id='word_1_617' title='bbox 740 4764 946 4818; x_wconf 89' lang='lat' dir='ltr'><strong>occulte</strong></span> <span class='ocrx_word' id='word_1_618' title='bbox 974 4766 1039 4819; x_wconf 91' lang='lat' dir='ltr'><strong>ad</strong></span> <span class='ocrx_word' id='word_1_619' title='bbox 1072 4781 1250 4836; x_wconf 84' lang='lat' dir='ltr'><strong>regem</strong></span> <span class='ocrx_word' id='word_1_620' title='bbox 1278 4768 1479 4839; x_wconf 89' lang='lat' dir='ltr'><strong>dirigit,</strong></span> <span class='ocrx_word' id='word_1_621' title='bbox 1512 4770 1638 4838; x_wconf 90' lang='lat' dir='ltr'><strong>quid</strong></span> <span class='ocrx_word' id='word_1_622' title='bbox 1662 4771 1731 4825; x_wconf 91' lang='lat' dir='ltr'><strong>de</strong></span> <span class='ocrx_word' id='word_1_623' title='bbox 1772 4770 1854 4824; x_wconf 91' lang='lat' dir='ltr'><strong>his</strong></span> <span class='ocrx_word' id='word_1_624' title='bbox 1883 4770 1999 4826; x_wconf 86' lang='lat' dir='ltr'><strong>ﬁeri</strong></span> <span class='ocrx_word' id='word_1_625' title='bbox 2029 4772 2175 4826; x_wconf 89' lang='lat' dir='ltr'><strong>velit.</strong></span> 
     </span>
    </p>
   </div>
   <div class='ocr_carea' id='block_1_81' title="bbox 611 4854 2179 4929">
    <p class='ocr_par' dir='ltr' id='par_1_81' title="bbox 611 4854 2179 4929">
     <span class='ocr_line' id='line_1_81' title="bbox 611 4854 2179 4929; baseline 0.006 -19"><span class='ocrx_word' id='word_1_626' title='bbox 611 4857 681 4910; x_wconf 81' lang='lat' dir='ltr'><strong>At</strong></span> <span class='ocrx_word' id='word_1_627' title='bbox 721 4854 812 4908; x_wconf 92' lang='lat' dir='ltr'><strong>ille</strong></span> <span class='ocrx_word' id='word_1_628' title='bbox 841 4857 1054 4924; x_wconf 88' lang='lat' dir='ltr'><strong>capitali</strong></span> <span class='ocrx_word' id='word_1_629' title='bbox 1087 4873 1180 4912; x_wconf 90' lang='lat' dir='ltr'><strong>eos</strong></span> <span class='ocrx_word' id='word_1_630' title='bbox 1220 4860 1379 4929; x_wconf 89' lang='lat' dir='ltr'><strong>jussit</strong></span> <span class='ocrx_word' id='word_1_631' title='bbox 1432 4862 1587 4916; x_wconf 87' lang='lat' dir='ltr'><strong>ﬁnire</strong></span> <span class='ocrx_word' id='word_1_632' title='bbox 1638 4865 1925 4920; x_wconf 88' lang='lat' dir='ltr'><strong>sententia.</strong></span> <span class='ocrx_word' id='word_1_633' title='bbox 1974 4865 2179 4921; x_wconf 84' lang='lat' dir='ltr'><strong>Waddo</strong></span> 
     </span>
    </p>
   </div>
   <div class='ocr_carea' id='block_1_82' title="bbox 612 4948 2185 5020">
    <p class='ocr_par' dir='ltr' id='par_1_82' title="bbox 612 4948 2185 5020">
     <span class='ocr_line' id='line_1_82' title="bbox 612 4948 2185 5020; baseline 0.006 -19"><span class='ocrx_word' id='word_1_634' title='bbox 612 4957 737 5001; x_wconf 91' lang='lat' dir='ltr'><strong>tunc</strong></span> <span class='ocrx_word' id='word_1_635' title='bbox 764 4962 882 5001; x_wconf 90' lang='lat' dir='ltr'><strong>cum</strong></span> <span class='ocrx_word' id='word_1_636' title='bbox 910 4948 1203 5018; x_wconf 88' lang='lat' dir='ltr'><strong>Chariullo,</strong></span> <span class='ocrx_word' id='word_1_637' title='bbox 1229 4952 1428 5006; x_wconf 90' lang='lat' dir='ltr'><strong>relictis</strong></span> <span class='ocrx_word' id='word_1_638' title='bbox 1452 4955 1572 5009; x_wconf 82' lang='lat' dir='ltr'><strong>filiis</strong></span> <span class='ocrx_word' id='word_1_639' title='bbox 1597 4955 1890 5020; x_wconf 91' lang='lat' dir='ltr'><strong>obsidibus,</strong></span> <span class='ocrx_word' id='word_1_640' title='bbox 1921 4957 2185 5011; x_wconf 86' lang='lat' dir='ltr'><strong>discesse-</strong></span> 
     </span>
    </p>
   </div>
   <div class='ocr_carea' id='block_1_83' title="bbox 612 5041 2184 5115">
    <p class='ocr_par' dir='ltr' id='par_1_83' title="bbox 612 5041 2184 5115">
     <span class='ocr_line' id='line_1_83' title="bbox 612 5041 2184 5115; baseline 0.005 -22"><span class='ocrx_word' id='word_1_641' title='bbox 612 5050 737 5094; x_wconf 90' lang='lat' dir='ltr'><strong>runt</strong></span> <span class='ocrx_word' id='word_1_642' title='bbox 764 5041 832 5095; x_wconf 85' lang='lat' dir='ltr'><strong>ab</strong></span> <span class='ocrx_word' id='word_1_643' title='bbox 856 5041 956 5095; x_wconf 91' lang='lat' dir='ltr'><strong>eis.</strong></span> <span class='ocrx_word' id='word_1_644' title='bbox 991 5043 1176 5097; x_wconf 88' lang='lat' dir='ltr'><strong>Delato</strong></span> <span class='ocrx_word' id='word_1_645' title='bbox 1199 5060 1405 5114; x_wconf 91' lang='lat' dir='ltr'><strong>quoque</strong></span> <span class='ocrx_word' id='word_1_646' title='bbox 1432 5048 1617 5101; x_wconf 88' lang='lat' dir='ltr'><strong>nuntio</strong></span> <span class='ocrx_word' id='word_1_647' title='bbox 1638 5047 1705 5103; x_wconf 89' lang='lat' dir='ltr'><strong>de</strong></span> <span class='ocrx_word' id='word_1_648' title='bbox 1733 5048 1923 5103; x_wconf 90' lang='lat' dir='ltr'><strong>horum</strong></span> <span class='ocrx_word' id='word_1_649' title='bbox 1947 5049 2184 5115; x_wconf 90' lang='lat' dir='ltr'><strong>interitu,</strong></span> 
     </span>
    </p>
   </div>
   <div class='ocr_carea' id='block_1_84' title="bbox 613 5133 2190 5204">
    <p class='ocr_par' dir='ltr' id='par_1_84' title="bbox 613 5133 2190 5204">
     <span class='ocr_line' id='line_1_84' title="bbox 613 5133 2190 5204; baseline 0.007 -20"><span class='ocrx_word' id='word_1_650' title='bbox 613 5147 733 5185; x_wconf 90' lang='lat' dir='ltr'><strong>cum</strong></span> <span class='ocrx_word' id='word_1_651' title='bbox 766 5133 866 5188; x_wconf 87' lang='lat' dir='ltr'><strong>hoc</strong></span> <span class='ocrx_word' id='word_1_652' title='bbox 894 5135 1216 5191; x_wconf 77' lang='lat' dir='ltr'><strong>Mummolus</strong></span> <span class='ocrx_word' id='word_1_653' title='bbox 1243 5137 1581 5204; x_wconf 85' lang='lat' dir='ltr'><strong>advertisset,</strong></span> <span class='ocrx_word' id='word_1_654' title='bbox 1613 5142 1888 5195; x_wconf 87' lang='lat' dir='ltr'><strong>accinctus</strong></span> <span class='ocrx_word' id='word_1_655' title='bbox 1917 5142 2079 5196; x_wconf 90' lang='lat' dir='ltr'><strong>armis</strong></span> <span class='ocrx_word' id='word_1_656' title='bbox 2109 5152 2190 5195; x_wconf 90' lang='lat' dir='ltr'><strong>tu-</strong></span> 
     </span>
    </p>
   </div>
   <div class='ocr_carea' id='block_1_85' title="bbox 614 5224 2185 5297">
    <p class='ocr_par' dir='ltr' id='par_1_85' title="bbox 614 5224 2185 5297">
     <span class='ocr_line' id='line_1_85' title="bbox 614 5224 2185 5297; baseline 0.007 -24"><span class='ocrx_word' id='word_1_657' title='bbox 614 5224 820 5287; x_wconf 83' lang='lat' dir='ltr'><strong>gurium</strong></span> <span class='ocrx_word' id='word_1_658' title='bbox 850 5224 1170 5297; x_wconf 86' lang='lat' dir='ltr'><strong>Leudegisili</strong></span> <span class='ocrx_word' id='word_1_659' title='bbox 1201 5229 1349 5297; x_wconf 90' lang='lat' dir='ltr'><strong>petit.</strong></span> <span class='ocrx_word' id='word_1_660' title='bbox 1402 5228 1591 5285; x_wconf 82' lang='lat' dir='ltr'><strong>Atille</strong></span> <span class='ocrx_word' id='word_1_661' title='bbox 1638 5232 1824 5286; x_wconf 89' lang='lat' dir='ltr'><strong>videns</strong></span> <span class='ocrx_word' id='word_1_662' title='bbox 1874 5245 2017 5296; x_wconf 89' lang='lat' dir='ltr'><strong>eum,</strong></span> <span class='ocrx_word' id='word_1_663' title='bbox 2071 5232 2185 5285; x_wconf 92' lang='lat' dir='ltr'><strong>ait:</strong></span> 
     </span>
    </p>
   </div>
   <div class='ocr_carea' id='block_1_86' title="bbox 619 5310 2190 5391">
    <p class='ocr_par' dir='ltr' id='par_1_86' title="bbox 619 5310 2190 5391">
     <span class='ocr_line' id='line_1_86' title="bbox 619 5310 2190 5391; baseline 0.005 -25"><span class='ocrx_word' id='word_1_664' title='bbox 619 5310 756 5378; x_wconf 82' lang='lat' dir='ltr'><strong>Quid</strong></span> <span class='ocrx_word' id='word_1_665' title='bbox 785 5316 885 5383; x_wconf 87' lang='lat' dir='ltr'><strong>sic,</strong></span> <span class='ocrx_word' id='word_1_666' title='bbox 916 5318 1106 5389; x_wconf 90' lang='lat' dir='ltr'><strong>inquit,</strong></span> <span class='ocrx_word' id='word_1_667' title='bbox 1136 5323 1286 5388; x_wconf 90' lang='lat' dir='ltr'><strong>quasi</strong></span> <span class='ocrx_word' id='word_1_668' title='bbox 1314 5321 1521 5391; x_wconf 80' lang='lat' dir='ltr'><strong>fugiens</strong></span> <span class='ocrx_word' id='word_1_669' title='bbox 1542 5323 1723 5381; x_wconf 84' lang='lat' dir='ltr'><strong>venis?</strong></span> <span class='ocrx_word' id='word_1_670' title='bbox 1752 5323 1848 5380; x_wconf 92' lang='lat' dir='ltr'><strong>Cui</strong></span> <span class='ocrx_word' id='word_1_671' title='bbox 1872 5324 1960 5377; x_wconf 68' lang='lat' dir='ltr'><strong>ille</strong></span> <span class='ocrx_word' id='word_1_672' title='bbox 1986 5341 1999 5379; x_wconf 86' lang='lat'><strong>:</strong></span> <span class='ocrx_word' id='word_1_673' title='bbox 2028 5321 2190 5390; x_wconf 82' lang='lat' dir='ltr'><strong>Nihil,</strong></span> 
     </span>
    </p>
   </div>
   <div class='ocr_carea' id='block_1_87' title="bbox 772 5438 795 5473">
    <p class='ocr_par' dir='ltr' id='par_1_87' title="bbox 772 5438 795 5473">
     <span class='ocr_line' id='line_1_87' title="bbox 772 5438 795 5473; baseline 0 0"><span class='ocrx_word' id='word_1_674' title='bbox 772 5438 795 5473; x_wconf 58' lang='grc' dir='ltr'>ἱ</span> 
     </span>
    </p>
   </div>
   <div class='ocr_carea' id='block_1_88' title="bbox 694 5488 1456 5562">
    <p class='ocr_par' dir='ltr' id='par_1_88' title="bbox 694 5488 1456 5562">
     <span class='ocr_line' id='line_1_88' title="bbox 694 5488 1456 5562; baseline 0.026 -24"><span class='ocrx_word' id='word_1_675' title='bbox 694 5497 721 5562; x_wconf 64' lang='grc' dir='ltr'>ξι</span> <span class='ocrx_word' id='word_1_676' title='bbox 754 5488 888 5562; x_wconf 64' lang='lat' dir='ltr'><strong>Qud.</strong></span> <span class='ocrx_word' id='word_1_677' title='bbox 916 5494 1120 5562; x_wconf 83' lang='lat' dir='ltr'><strong>Casin.,</strong></span> <span class='ocrx_word' id='word_1_678' title='bbox 1154 5500 1204 5553; x_wconf 72' lang='lat' dir='ltr'><strong>in</strong></span> <span class='ocrx_word' id='word_1_679' title='bbox 1237 5503 1456 5559; x_wconf 75' lang='lat' dir='ltr'><strong>civitate.</strong></span> 
     </span>
    </p>
   </div>
   <div class='ocr_carea' id='block_1_89' title="bbox 693 5555 1478 5637">
    <p class='ocr_par' dir='ltr' id='par_1_89' title="bbox 693 5555 1478 5637">
     <span class='ocr_line' id='line_1_89' title="bbox 693 5555 1478 5637; baseline 0.019 -28"><span class='ocrx_word' id='word_1_680' title='bbox 693 5555 721 5596; x_wconf 71' lang='grc' dir='ltr'>δ</span> <span class='ocrx_word' id='word_1_681' title='bbox 744 5558 947 5637; x_wconf 70' lang='lat' dir='ltr'><strong>(_3_asin.,</strong></span> <span class='ocrx_word' id='word_1_682' title='bbox 978 5566 1013 5618; x_wconf 82' lang='lat' dir='ltr'><strong>ii</strong></span> <span class='ocrx_word' id='word_1_683' title='bbox 1035 5555 1121 5637; x_wconf 71' lang='lat' dir='ltr'><strong>qui</strong></span> <span class='ocrx_word' id='word_1_684' title='bbox 1152 5573 1288 5623; x_wconf 78' lang='lat' dir='ltr'><strong>tttissi</strong></span> <span class='ocrx_word' id='word_1_685' title='bbox 1314 5555 1478 5624; x_wconf 71' lang='lat' dir='ltr'><strong>erant.</strong></span> 
     </span>
    </p>
   </div>
   <div class='ocr_carea' id='block_1_90' title="bbox 696 5629 2198 5706">
    <p class='ocr_par' dir='ltr' id='par_1_90' title="bbox 696 5629 2198 5706">
     <span class='ocr_line' id='line_1_90' title="bbox 696 5629 2198 5706; baseline 0.006 -23"><span class='ocrx_word' id='word_1_686' title='bbox 696 5638 718 5665; x_wconf 76' lang='grc' dir='ltr'><strong>ε</strong></span> <span class='ocrx_word' id='word_1_687' title='bbox 749 5629 1024 5706; x_wconf 74' lang='lat' dir='ltr'><strong>Nunquam</strong></span> <span class='ocrx_word' id='word_1_688' title='bbox 1047 5629 1186 5691; x_wconf 77' lang='lat' dir='ltr'><strong>enim</strong></span> <span class='ocrx_word' id='word_1_689' title='bbox 1219 5641 1520 5695; x_wconf 70' lang='lat' dir='ltr'><strong>lieccaredo</strong></span> <span class='ocrx_word' id='word_1_690' title='bbox 1543 5642 1738 5706; x_wconf 84' lang='lat' dir='ltr'><strong>nupsit,</strong></span> <span class='ocrx_word' id='word_1_691' title='bbox 1763 5640 1941 5702; x_wconf 86' lang='lat' dir='ltr'><strong>sicuti,</strong></span> <span class='ocrx_word' id='word_1_692' title='bbox 1974 5650 2031 5694; x_wconf 88' lang='lat' dir='ltr'><strong>ttt</strong></span> <span class='ocrx_word' id='word_1_693' title='bbox 2053 5640 2198 5692; x_wconf 82' lang='lat' dir='ltr'><strong>vi-‘e-</strong></span> 
     </span>
    </p>
   </div>
   <div class='ocr_carea' id='block_1_91' title="bbox 623 5702 2194 5780">
    <p class='ocr_par' dir='ltr' id='par_1_91' title="bbox 623 5702 2194 5780">
     <span class='ocr_line' id='line_1_91' title="bbox 623 5702 2194 5780; baseline 0.007 -29"><span class='ocrx_word' id='word_1_694' title='bbox 623 5705 729 5767; x_wconf 85' lang='lat' dir='ltr'><strong>tur,</strong></span> <span class='ocrx_word' id='word_1_695' title='bbox 758 5716 855 5756; x_wconf 82' lang='lat' dir='ltr'><strong>nec</strong></span> <span class='ocrx_word' id='word_1_696' title='bbox 879 5702 1267 5761; x_wconf 70' lang='lat' dir='ltr'><strong>Chloilosvintla</strong></span> <span class='ocrx_word' id='word_1_697' title='bbox 1297 5711 1542 5780; x_wconf 75' lang='lat' dir='ltr'><strong>Sigibcrti</strong></span> <span class='ocrx_word' id='word_1_698' title='bbox 1568 5702 1694 5765; x_wconf 82' lang='lat' dir='ltr'><strong>ﬁlia.</strong></span> <span class='ocrx_word' id='word_1_699' title='bbox 1728 5711 1861 5765; x_wconf 86' lang='lat' dir='ltr'><strong>Vide</strong></span> <span class='ocrx_word' id='word_1_700' title='bbox 1887 5712 2017 5764; x_wconf 85' lang='lat' dir='ltr'><strong>infra</strong></span> <span class='ocrx_word' id='word_1_701' title='bbox 2043 5721 2194 5763; x_wconf 86' lang='lat' dir='ltr'><strong>notas</strong></span> 
     </span>
    </p>
   </div>
   <div class='ocr_carea' id='block_1_92' title="bbox 2262 3193 3833 3271">
    <p class='ocr_par' dir='ltr' id='par_1_92' title="bbox 2262 3193 3833 3271">
     <span class='ocr_line' id='line_1_92' title="bbox 2262 3193 3833 3271; baseline -0.01 -10"><span class='ocrx_word' id='word_1_702' title='bbox 2262 3207 2453 3270; x_wconf 84' lang='lat' dir='ltr'><strong>ruisse,</strong></span> <span class='ocrx_word' id='word_1_703' title='bbox 2481 3203 2655 3258; x_wconf 88' lang='lat' dir='ltr'><strong>omnia</strong></span> <span class='ocrx_word' id='word_1_704' title='bbox 2690 3200 2904 3271; x_wconf 90' lang='lat' dir='ltr'><strong>pandit,</strong></span> <span class='ocrx_word' id='word_1_705' title='bbox 2935 3198 3172 3268; x_wconf 84' lang='lat' dir='ltr'><strong>dixitque</strong></span> <span class='ocrx_word' id='word_1_706' title='bbox 3202 3196 3427 3251; x_wconf 91' lang='lat' dir='ltr'><strong>multum</strong></span> <span class='ocrx_word' id='word_1_707' title='bbox 3478 3195 3652 3248; x_wconf 91' lang='lat' dir='ltr'><strong>adhuc</strong></span> <span class='ocrx_word' id='word_1_708' title='bbox 3693 3193 3833 3261; x_wconf 90' lang='lat' dir='ltr'><strong>apud</strong></span> 
     </span>
    </p>
   </div>
   <div class='ocr_carea' id='block_1_93' title="bbox 2266 3285 3835 3361">
    <p class='ocr_par' dir='ltr' id='par_1_93' title="bbox 2266 3285 3835 3361">
     <span class='ocr_line' id='line_1_93' title="bbox 2266 3285 3835 3361; baseline -0.01 -6"><span class='ocrx_word' id='word_1_709' title='bbox 2266 3301 2451 3355; x_wconf 89' lang='lat' dir='ltr'><strong>urbem</strong></span> <span class='ocrx_word' id='word_1_710' title='bbox 2482 3297 2808 3353; x_wconf 87' lang='lat' dir='ltr'><strong>Avennicam</strong></span> <span class='ocrx_word' id='word_1_711' title='bbox 2857 3293 2970 3349; x_wconf 91' lang='lat' dir='ltr'><strong>auri</strong></span> <span class='ocrx_word' id='word_1_712' title='bbox 3000 3302 3158 3361; x_wconf 90' lang='lat' dir='ltr'><strong>atque</strong></span> <span class='ocrx_word' id='word_1_713' title='bbox 3185 3288 3389 3358; x_wconf 88' lang='lat' dir='ltr'><strong>argenti</strong></span> <span class='ocrx_word' id='word_1_714' title='bbox 3418 3303 3561 3356; x_wconf 89' lang='lat' dir='ltr'><strong>esse,</strong></span> <span class='ocrx_word' id='word_1_715' title='bbox 3610 3299 3732 3354; x_wconf 67' lang='lat' dir='ltr'><strong>quae</strong></span> <span class='ocrx_word' id='word_1_716' title='bbox 3770 3285 3835 3339; x_wconf 91' lang='lat' dir='ltr'><strong>ad</strong></span> 
     </span>
    </p>
   </div>
   <div class='ocr_carea' id='block_1_94' title="bbox 2266 3379 3835 3461">
    <p class='ocr_par' dir='ltr' id='par_1_94' title="bbox 2266 3379 3835 3461">
     <span class='ocr_line' id='line_1_94' title="bbox 2266 3379 3835 3461; baseline -0.011 -13"><span class='ocrx_word' id='word_1_717' title='bbox 2266 3392 2407 3461; x_wconf 83' lang='lat' dir='ltr'><strong>regis</strong></span> <span class='ocrx_word' id='word_1_718' title='bbox 2450 3392 2689 3445; x_wconf 87' lang='lat' dir='ltr'><strong>notitiam</strong></span> <span class='ocrx_word' id='word_1_719' title='bbox 2723 3402 2826 3441; x_wconf 92' lang='lat' dir='ltr'><strong>non</strong></span> <span class='ocrx_word' id='word_1_720' title='bbox 2877 3385 3167 3440; x_wconf 88' lang='lat' dir='ltr'><strong>venissent.</strong></span> <span class='ocrx_word' id='word_1_721' title='bbox 3215 3381 3512 3451; x_wconf 89' lang='lat' dir='ltr'><strong>Statimque</strong></span> <span class='ocrx_word' id='word_1_722' title='bbox 3556 3379 3697 3433; x_wconf 89' lang='lat' dir='ltr'><strong>misit</strong></span> <span class='ocrx_word' id='word_1_723' title='bbox 3742 3392 3835 3431; x_wconf 89' lang='lat' dir='ltr'><strong>rex</strong></span> 
     </span>
    </p>
   </div>
   <div class='ocr_carea' id='block_1_95' title="bbox 2268 3478 3837 3553">
    <p class='ocr_par' dir='ltr' id='par_1_95' title="bbox 2268 3478 3837 3553">
     <span class='ocr_line' id='line_1_95' title="bbox 2268 3478 3837 3553; baseline -0.01 -15"><span class='ocrx_word' id='word_1_724' title='bbox 2268 3486 2409 3538; x_wconf 91' lang='lat' dir='ltr'><strong>viros</strong></span> <span class='ocrx_word' id='word_1_725' title='bbox 2436 3483 2521 3553; x_wconf 88' lang='lat' dir='ltr'><strong>qtti</strong></span> <span class='ocrx_word' id='word_1_726' title='bbox 2555 3484 2666 3536; x_wconf 65' lang='lat' dir='ltr'><strong>htec</strong></span> <span class='ocrx_word' id='word_1_727' title='bbox 2695 3479 2904 3534; x_wconf 87' lang='lat' dir='ltr'><strong>deferre</strong></span> <span class='ocrx_word' id='word_1_728' title='bbox 2922 3478 3177 3532; x_wconf 89' lang='lat' dir='ltr'><strong>deberent</strong></span> <span class='ocrx_word' id='word_1_729' title='bbox 3191 3490 3311 3529; x_wconf 90' lang='lat' dir='ltr'><strong>cum</strong></span> <span class='ocrx_word' id='word_1_730' title='bbox 3338 3489 3441 3527; x_wconf 93' lang='lat' dir='ltr'><strong>uno</strong></span> <span class='ocrx_word' id='word_1_731' title='bbox 3473 3487 3659 3541; x_wconf 88' lang='lat' dir='ltr'><strong>puero,</strong></span> <span class='ocrx_word' id='word_1_732' title='bbox 3680 3486 3837 3539; x_wconf 87' lang='lat' dir='ltr'><strong>quem</strong></span> 
     </span>
    </p>
   </div>
   <div class='ocr_carea' id='block_1_96' title="bbox 2268 3561 3839 3635">
    <p class='ocr_par' dir='ltr' id='par_1_96' title="bbox 2268 3561 3839 3635">
     <span class='ocr_line' id='line_1_96' title="bbox 2268 3561 3839 3635; baseline -0.009 -9"><span class='ocrx_word' id='word_1_733' title='bbox 2268 3573 2423 3627; x_wconf 89' lang='lat' dir='ltr'><strong>valde</strong></span> <span class='ocrx_word' id='word_1_734' title='bbox 2448 3571 2708 3626; x_wconf 88' lang='lat' dir='ltr'><strong>creditum</strong></span> <span class='ocrx_word' id='word_1_735' title='bbox 2740 3566 3056 3635; x_wconf 83' lang='lat' dir='ltr'><strong>Mumtnolus</strong></span> <span class='ocrx_word' id='word_1_736' title='bbox 3088 3564 3317 3627; x_wconf 86' lang='lat' dir='ltr'><strong>habens,</strong></span> <span class='ocrx_word' id='word_1_737' title='bbox 3351 3562 3465 3616; x_wconf 59' lang='lat' dir='ltr'><strong>haec</strong></span> <span class='ocrx_word' id='word_1_738' title='bbox 3492 3561 3542 3614; x_wconf 91' lang='lat' dir='ltr'><strong>ei</strong></span> <span class='ocrx_word' id='word_1_739' title='bbox 3569 3573 3839 3615; x_wconf 80' lang='lat' dir='ltr'><strong>commea-</strong></span> 
     </span>
    </p>
   </div>
   <div class='ocr_carea' id='block_1_97' title="bbox 2271 3652 3842 3725">
    <p class='ocr_par' dir='ltr' id='par_1_97' title="bbox 2271 3652 3842 3725">
     <span class='ocr_line' id='line_1_97' title="bbox 2271 3652 3842 3725; baseline -0.01 -5"><span class='ocrx_word' id='word_1_740' title='bbox 2271 3666 2513 3720; x_wconf 86' lang='lat' dir='ltr'><strong>daverat.</strong></span> <span class='ocrx_word' id='word_1_741' title='bbox 2548 3664 2816 3717; x_wconf 67' lang='lat' dir='ltr'><strong>Abeuntes</strong></span> <span class='ocrx_word' id='word_1_742' title='bbox 2845 3667 3022 3713; x_wconf 90' lang='lat' dir='ltr'><strong>autem</strong></span> <span class='ocrx_word' id='word_1_743' title='bbox 3051 3665 3375 3725; x_wconf 89' lang='lat' dir='ltr'><strong>acceperunt</strong></span> <span class='ocrx_word' id='word_1_744' title='bbox 3401 3656 3599 3717; x_wconf 90' lang='lat' dir='ltr'><strong>omnia,</strong></span> <span class='ocrx_word' id='word_1_745' title='bbox 3643 3668 3762 3722; x_wconf 77' lang='lat' dir='ltr'><strong>quae</strong></span> <span class='ocrx_word' id='word_1_746' title='bbox 3792 3652 3842 3705; x_wconf 76' lang='lat' dir='ltr'><strong>in</strong></span> 
     </span>
    </p>
   </div>
   <div class='ocr_carea' id='block_1_98' title="bbox 2271 3749 3841 3816">
    <p class='ocr_par' dir='ltr' id='par_1_98' title="bbox 2271 3749 3841 3816">
     <span class='ocr_line' id='line_1_98' title="bbox 2271 3749 3841 3816; baseline -0.01 -1"><span class='ocrx_word' id='word_1_747' title='bbox 2271 3760 2404 3815; x_wconf 88' lang='lat' dir='ltr'><strong>urbe</strong></span> <span class='ocrx_word' id='word_1_748' title='bbox 2434 3758 2615 3813; x_wconf 90' lang='lat' dir='ltr'><strong>relicta</strong></span> <span class='ocrx_word' id='word_1_749' title='bbox 2647 3756 2880 3810; x_wconf 85' lang='lat' dir='ltr'><strong>fuerant.</strong></span> <span class='ocrx_word' id='word_1_750' title='bbox 2913 3753 3113 3808; x_wconf 89' lang='lat' dir='ltr'><strong>Ferunt</strong></span> <span class='ocrx_word' id='word_1_751' title='bbox 3141 3759 3314 3806; x_wconf 88' lang='lat' dir='ltr'><strong>autem</strong></span> <span class='ocrx_word' id='word_1_752' title='bbox 3347 3750 3575 3805; x_wconf 87' lang='lat' dir='ltr'><strong>ducenta</strong></span> <span class='ocrx_word' id='word_1_753' title='bbox 3603 3758 3656 3803; x_wconf 91' lang='lat' dir='ltr'><strong>et</strong></span> <span class='ocrx_word' id='word_1_754' title='bbox 3684 3749 3841 3816; x_wconf 90' lang='lat' dir='ltr'><strong>quin-</strong></span> 
     </span>
    </p>
   </div>
   <div class='ocr_carea' id='block_1_99' title="bbox 2273 3840 3844 3923">
    <p class='ocr_par' dir='ltr' id='par_1_99' title="bbox 2273 3840 3844 3923">
     <span class='ocr_line' id='line_1_99' title="bbox 2273 3840 3844 3923; baseline -0.01 -18"><span class='ocrx_word' id='word_1_755' title='bbox 2273 3854 2521 3923; x_wconf 86' lang='lat' dir='ltr'><strong>quaginta</strong></span> <span class='ocrx_word' id='word_1_756' title='bbox 2555 3851 2748 3904; x_wconf 77' lang='lat' dir='ltr'><strong>talenta</strong></span> <span class='ocrx_word' id='word_1_757' title='bbox 2794 3846 2998 3917; x_wconf 86' lang='lat' dir='ltr'><strong>argenti</strong></span> <span class='ocrx_word' id='word_1_758' title='bbox 3046 3844 3233 3907; x_wconf 89' lang='lat' dir='ltr'><strong>fuisse,</strong></span> <span class='ocrx_word' id='word_1_759' title='bbox 3287 3845 3400 3896; x_wconf 88' lang='lat' dir='ltr'><strong>attri</strong></span> <span class='ocrx_word' id='word_1_760' title='bbox 3454 3856 3579 3895; x_wconf 87' lang='lat' dir='ltr'><strong>vero</strong></span> <span class='ocrx_word' id='word_1_761' title='bbox 3621 3840 3844 3908; x_wconf 89' lang='lat' dir='ltr'><strong>amplius</strong></span> 
     </span>
    </p>
   </div>
   <div class='ocr_carea' id='block_1_100' title="bbox 2274 3929 3842 4011">
    <p class='ocr_par' dir='ltr' id='par_1_100' title="bbox 2274 3929 3842 4011">
     <span class='ocr_line' id='line_1_100' title="bbox 2274 3929 3842 4011; baseline -0.01 -15"><span class='ocrx_word' id='word_1_762' title='bbox 2274 3958 2432 4011; x_wconf 88' lang='lat' dir='ltr'><strong>quam</strong></span> <span class='ocrx_word' id='word_1_763' title='bbox 2465 3940 2697 4008; x_wconf 83' lang='lat' dir='ltr'><strong>triginta.</strong></span> <span class='ocrx_word' id='word_1_764' title='bbox 2728 3936 2835 3993; x_wconf 90' lang='lat' dir='ltr'><strong>Sed</strong></span> <span class='ocrx_word' id='word_1_765' title='bbox 2866 3936 3001 3999; x_wconf 77' lang='lat' dir='ltr'><strong>hzec,</strong></span> <span class='ocrx_word' id='word_1_766' title='bbox 3030 3944 3088 3989; x_wconf 91' lang='lat' dir='ltr'><strong>ut</strong></span> <span class='ocrx_word' id='word_1_767' title='bbox 3111 3934 3305 3991; x_wconf 88' lang='lat' dir='ltr'><strong>ferunt.</strong></span> <span class='ocrx_word' id='word_1_768' title='bbox 3337 3932 3403 3987; x_wconf 91' lang='lat' dir='ltr'><strong>de</strong></span> <span class='ocrx_word' id='word_1_769' title='bbox 3444 3939 3660 4000; x_wconf 86' lang='lat' dir='ltr'><strong>reperto</strong></span> <span class='ocrx_word' id='word_1_770' title='bbox 3707 3929 3842 3983; x_wconf 77' lang='lat' dir='ltr'><strong>anti~</strong></span> 
     </span>
    </p>
   </div>
   <div class='ocr_carea' id='block_1_101' title="bbox 2276 4018 3845 4106">
    <p class='ocr_par' dir='ltr' id='par_1_101' title="bbox 2276 4018 3845 4106">
     <span class='ocr_line' id='line_1_101' title="bbox 2276 4018 3845 4106; baseline -0.012 -16"><span class='ocrx_word' id='word_1_771' title='bbox 2276 4053 2381 4106; x_wconf 92' lang='lat' dir='ltr'><strong>quo</strong></span> <span class='ocrx_word' id='word_1_772' title='bbox 2428 4035 2678 4089; x_wconf 87' lang='lat' dir='ltr'><strong>thesauro</strong></span> <span class='ocrx_word' id='word_1_773' title='bbox 2705 4029 2942 4085; x_wconf 90' lang='lat' dir='ltr'><strong>abstulit.</strong></span> <span class='ocrx_word' id='word_1_774' title='bbox 2989 4026 3141 4095; x_wconf 85' lang='lat' dir='ltr'><strong>Quod</strong></span> <span class='ocrx_word' id='word_1_775' title='bbox 3170 4041 3263 4081; x_wconf 82' lang='lat' dir='ltr'><strong>rex</strong></span> <span class='ocrx_word' id='word_1_776' title='bbox 3293 4024 3521 4078; x_wconf 89' lang='lat' dir='ltr'><strong>divisum</strong></span> <span class='ocrx_word' id='word_1_777' title='bbox 3552 4037 3671 4076; x_wconf 91' lang='lat' dir='ltr'><strong>cum</strong></span> <span class='ocrx_word' id='word_1_778' title='bbox 3701 4018 3845 4075; x_wconf 87' lang='lat' dir='ltr'><strong>Chil-</strong></span> 
     </span>
    </p>
   </div>
   <div class='ocr_carea' id='block_1_102' title="bbox 2277 4115 3844 4196">
    <p class='ocr_par' dir='ltr' id='par_1_102' title="bbox 2277 4115 3844 4196">
     <span class='ocr_line' id='line_1_102' title="bbox 2277 4115 3844 4196; baseline -0.013 -11"><span class='ocrx_word' id='word_1_779' title='bbox 2277 4130 2498 4185; x_wconf 90' lang='lat' dir='ltr'><strong>deberto</strong></span> <span class='ocrx_word' id='word_1_780' title='bbox 2522 4140 2650 4196; x_wconf 87' lang='lat' dir='ltr'><strong>rege</strong></span> <span class='ocrx_word' id='word_1_781' title='bbox 2676 4130 2869 4189; x_wconf 89' lang='lat' dir='ltr'><strong>nepote</strong></span> <span class='ocrx_word' id='word_1_782' title='bbox 2895 4136 3013 4184; x_wconf 91' lang='lat' dir='ltr'><strong>suo,</strong></span> <span class='ocrx_word' id='word_1_783' title='bbox 3048 4130 3251 4191; x_wconf 86' lang='lat' dir='ltr'><strong>partem</strong></span> <span class='ocrx_word' id='word_1_784' title='bbox 3278 4132 3425 4172; x_wconf 90' lang='lat' dir='ltr'><strong>suam</strong></span> <span class='ocrx_word' id='word_1_785' title='bbox 3458 4115 3690 4170; x_wconf 88' lang='lat' dir='ltr'><strong>maxime</strong></span> <span class='ocrx_word' id='word_1_786' title='bbox 3719 4127 3844 4180; x_wconf 87' lang='lat' dir='ltr'><strong>pau-</strong></span> 
     </span>
    </p>
   </div>
   <div class='ocr_carea' id='block_1_103' title="bbox 2280 4202 3848 4288">
    <p class='ocr_par' dir='ltr' id='par_1_103' title="bbox 2280 4202 3848 4288">
     <span class='ocr_line' id='line_1_103' title="bbox 2280 4202 3848 4288; baseline -0.013 -14"><span class='ocrx_word' id='word_1_787' title='bbox 2280 4219 2497 4288; x_wconf 84' lang='lat' dir='ltr'><strong>peribus</strong></span> <span class='ocrx_word' id='word_1_788' title='bbox 2525 4225 2606 4271; x_wconf 90' lang='lat' dir='ltr'><strong>est</strong></span> <span class='ocrx_word' id='word_1_789' title='bbox 2652 4214 2907 4282; x_wconf 86' lang='lat' dir='ltr'><strong>largitus;</strong></span> <span class='ocrx_word' id='word_1_790' title='bbox 2936 4211 3147 4265; x_wconf 88' lang='lat' dir='ltr'><strong>mulieri</strong></span> <span class='ocrx_word' id='word_1_791' title='bbox 3197 4218 3374 4263; x_wconf 89' lang='lat' dir='ltr'><strong>autem</strong></span> <span class='ocrx_word' id='word_1_792' title='bbox 3419 4205 3555 4260; x_wconf 85' lang='lat' dir='ltr'><strong>nihil</strong></span> <span class='ocrx_word' id='word_1_793' title='bbox 3603 4202 3848 4272; x_wconf 86' lang='lat' dir='ltr'><strong>amplius,</strong></span> 
     </span>
    </p>
   </div>
   <div class='ocr_carea' id='block_1_104' title="bbox 2278 4298 3750 4381">
    <p class='ocr_par' dir='ltr' id='par_1_104' title="bbox 2278 4298 3750 4381">
     <span class='ocr_line' id='line_1_104' title="bbox 2278 4298 3750 4381; baseline -0.01 -17"><span class='ocrx_word' id='word_1_794' title='bbox 2278 4325 2434 4381; x_wconf 92' lang='lat' dir='ltr'><strong>quam</strong></span> <span class='ocrx_word' id='word_1_795' title='bbox 2462 4324 2522 4363; x_wconf 91' lang='lat' dir='ltr'><strong>ea</strong></span> <span class='ocrx_word' id='word_1_796' title='bbox 2549 4321 2666 4377; x_wconf 75' lang='lat' dir='ltr'><strong>quae</strong></span> <span class='ocrx_word' id='word_1_797' title='bbox 2691 4306 2757 4360; x_wconf 91' lang='lat' dir='ltr'><strong>de</strong></span> <span class='ocrx_word' id='word_1_798' title='bbox 2787 4302 3089 4373; x_wconf 88' lang='lat' dir='ltr'><strong>parentibus</strong></span> <span class='ocrx_word' id='word_1_799' title='bbox 3116 4302 3389 4363; x_wconf 82' lang='lat' dir='ltr'><strong>habuerat,</strong></span> <span class='ocrx_word' id='word_1_800' title='bbox 3415 4298 3750 4365; x_wconf 90' lang='lat' dir='ltr'><strong>relinquens.</strong></span> 
     </span>
    </p>
   </div>
   <div class='ocr_carea' id='block_1_105' title="bbox 2349 4388 3845 4459">
    <p class='ocr_par' dir='ltr' id='par_1_105' title="bbox 2349 4388 3845 4459">
     <span class='ocr_line' id='line_1_105' title="bbox 2349 4388 3845 4459; baseline -0.011 -4"><span class='ocrx_word' id='word_1_801' title='bbox 2349 4400 2487 4455; x_wconf 74' lang='lat' dir='ltr'><strong>XLI.</strong></span> <span class='ocrx_word' id='word_1_802' title='bbox 2515 4398 2665 4451; x_wconf 89' lang='lat' dir='ltr'><strong>Tunc</strong></span> <span class='ocrx_word' id='word_1_803' title='bbox 2692 4404 2746 4451; x_wconf 90' lang='lat' dir='ltr'><strong>et</strong></span> <span class='ocrx_word' id='word_1_804' title='bbox 2767 4396 2925 4448; x_wconf 91' lang='lat' dir='ltr'><strong>homo</strong></span> <span class='ocrx_word' id='word_1_805' title='bbox 2946 4393 3036 4448; x_wconf 87' lang='lat' dir='ltr'><strong>ille</strong></span> <span class='ocrx_word' id='word_1_806' title='bbox 3062 4392 3305 4447; x_wconf 89' lang='lat' dir='ltr'><strong>immensi</strong></span> <span class='ocrx_word' id='word_1_807' title='bbox 3321 4389 3561 4459; x_wconf 88' lang='lat' dir='ltr'><strong>corporis</strong></span> <span class='ocrx_word' id='word_1_808' title='bbox 3586 4388 3652 4441; x_wconf 89' lang='lat' dir='ltr'><strong>ad</strong></span> <span class='ocrx_word' id='word_1_809' title='bbox 3674 4400 3845 4456; x_wconf 85' lang='lat' dir='ltr'><strong>regem</strong></span> 
     </span>
    </p>
   </div>
   <div class='ocr_carea' id='block_1_106' title="bbox 2208 4474 3852 4547">
    <p class='ocr_par' dir='ltr' id='par_1_106' title="bbox 2208 4474 3852 4547">
     <span class='ocr_line' id='line_1_106' title="bbox 2208 4474 3852 4547; baseline -0.012 1"><span class='ocrx_word' id='word_1_810' title='bbox 2208 4474 2354 4547; x_wconf 73' lang='lat' dir='ltr'><strong>l)de</strong></span> <span class='ocrx_word' id='word_1_811' title='bbox 2382 4488 2649 4544; x_wconf 82' lang='lat' dir='ltr'><strong>Mttmmoli</strong></span> <span class='ocrx_word' id='word_1_812' title='bbox 2696 4485 3046 4541; x_wconf 80' lang='lat' dir='ltr'><strong>familiaribus</strong></span> <span class='ocrx_word' id='word_1_813' title='bbox 3095 4483 3353 4536; x_wconf 89' lang='lat' dir='ltr'><strong>adductus</strong></span> <span class='ocrx_word' id='word_1_814' title='bbox 3396 4489 3498 4545; x_wconf 86' lang='lat' dir='ltr'><strong>est,</strong></span> <span class='ocrx_word' id='word_1_815' title='bbox 3546 4480 3617 4533; x_wconf 88' lang='lat' dir='ltr'><strong>ita</strong></span> <span class='ocrx_word' id='word_1_816' title='bbox 3669 4490 3852 4547; x_wconf 84' lang='lat' dir='ltr'><strong>magno</strong></span> 
     </span>
    </p>
   </div>
   <div class='ocr_carea' id='block_1_107' title="bbox 2286 4567 3843 4651">
    <p class='ocr_par' dir='ltr' id='par_1_107' title="bbox 2286 4567 3843 4651">
     <span class='ocr_line' id='line_1_107' title="bbox 2286 4567 3843 4651; baseline -0.01 -15"><span class='ocrx_word' id='word_1_817' title='bbox 2286 4595 2509 4651; x_wconf 91' lang='lat' dir='ltr'><strong>corpore</strong></span> <span class='ocrx_word' id='word_1_818' title='bbox 2539 4581 2730 4644; x_wconf 87' lang='lat' dir='ltr'><strong>elatus,</strong></span> <span class='ocrx_word' id='word_1_819' title='bbox 2764 4585 2820 4630; x_wconf 92' lang='lat' dir='ltr'><strong>ut</strong></span> <span class='ocrx_word' id='word_1_820' title='bbox 2847 4577 2979 4630; x_wconf 90' lang='lat' dir='ltr'><strong>dnos</strong></span> <span class='ocrx_word' id='word_1_821' title='bbox 3008 4583 3101 4628; x_wconf 93' lang='lat' dir='ltr'><strong>aut</strong></span> <span class='ocrx_word' id='word_1_822' title='bbox 3130 4582 3239 4633; x_wconf 60' lang='lat' dir='ltr'><strong>tces</strong></span> <span class='ocrx_word' id='word_1_823' title='bbox 3270 4572 3431 4640; x_wconf 88' lang='lat' dir='ltr'><strong>pedes</strong></span> <span class='ocrx_word' id='word_1_824' title='bbox 3459 4584 3621 4637; x_wconf 86' lang='lat' dir='ltr'><strong>super</strong></span> <span class='ocrx_word' id='word_1_825' title='bbox 3662 4567 3843 4638; x_wconf 85' lang='lat' dir='ltr'><strong>longis-</strong></span> 
     </span>
    </p>
   </div>
   <div class='ocr_carea' id='block_1_108' title="bbox 2286 4662 3850 4740">
    <p class='ocr_par' dir='ltr' id='par_1_108' title="bbox 2286 4662 3850 4740">
     <span class='ocr_line' id='line_1_108' title="bbox 2286 4662 3850 4740; baseline -0.011 -9"><span class='ocrx_word' id='word_1_826' title='bbox 2286 4681 2451 4731; x_wconf 84' lang='lat' dir='ltr'><strong>simos</strong></span> <span class='ocrx_word' id='word_1_827' title='bbox 2492 4675 2738 4728; x_wconf 86' lang='lat' dir='ltr'><strong>homines</strong></span> <span class='ocrx_word' id='word_1_828' title='bbox 2790 4679 3066 4740; x_wconf 88' lang='lat' dir='ltr'><strong>putaretur</strong></span> <span class='ocrx_word' id='word_1_829' title='bbox 3104 4681 3342 4739; x_wconf 89' lang='lat' dir='ltr'><strong>magnus,</strong></span> <span class='ocrx_word' id='word_1_830' title='bbox 3390 4664 3645 4735; x_wconf 87' lang='lat' dir='ltr'><strong>lignarius</strong></span> <span class='ocrx_word' id='word_1_831' title='bbox 3690 4662 3850 4727; x_wconf 89' lang='lat' dir='ltr'><strong>faber,</strong></span> 
     </span>
    </p>
   </div>
   <div class='ocr_carea' id='block_1_109' title="bbox 2286 4762 3017 4839">
    <p class='ocr_par' dir='ltr' id='par_1_109' title="bbox 2286 4762 3017 4839">
     <span class='ocr_line' id='line_1_109' title="bbox 2286 4762 3017 4839; baseline -0.011 -17"><span class='ocrx_word' id='word_1_832' title='bbox 2286 4769 2374 4839; x_wconf 90' lang='lat' dir='ltr'><strong>qui</strong></span> <span class='ocrx_word' id='word_1_833' title='bbox 2406 4782 2507 4820; x_wconf 91' lang='lat' dir='ltr'><strong>non</strong></span> <span class='ocrx_word' id='word_1_834' title='bbox 2529 4766 2698 4819; x_wconf 88' lang='lat' dir='ltr'><strong>multo</strong></span> <span class='ocrx_word' id='word_1_835' title='bbox 2727 4774 2844 4832; x_wconf 90' lang='lat' dir='ltr'><strong>post</strong></span> <span class='ocrx_word' id='word_1_836' title='bbox 2869 4762 3017 4816; x_wconf 91' lang='lat' dir='ltr'><strong>obiit.</strong></span> 
     </span>
    </p>
   </div>
   <div class='ocr_carea' id='block_1_110' title="bbox 2356 4845 3855 4930">
    <p class='ocr_par' dir='ltr' id='par_1_110' title="bbox 2356 4845 3855 4930">
     <span class='ocr_line' id='line_1_110' title="bbox 2356 4845 3855 4930; baseline -0.012 -16"><span class='ocrx_word' id='word_1_837' title='bbox 2356 4860 2519 4930; x_wconf 77' lang='lat'><strong>368</strong></span> <span class='ocrx_word' id='word_1_838' title='bbox 2542 4855 2701 4912; x_wconf 75' lang='lat' dir='ltr'><strong>XLII.</strong></span> <span class='ocrx_word' id='word_1_839' title='bbox 2724 4852 2966 4909; x_wconf 69' lang='lat' dir='ltr'><strong>Posthtec</strong></span> <span class='ocrx_word' id='word_1_840' title='bbox 2986 4850 3215 4905; x_wconf 90' lang='lat' dir='ltr'><strong>edictum</strong></span> <span class='ocrx_word' id='word_1_841' title='bbox 3238 4863 3264 4901; x_wconf 89' lang='lat' dir='ltr'><strong>a</strong></span> <span class='ocrx_word' id='word_1_842' title='bbox 3278 4845 3548 4917; x_wconf 90' lang='lat' dir='ltr'><strong>judicibus</strong></span> <span class='ocrx_word' id='word_1_843' title='bbox 3568 4845 3744 4900; x_wconf 90' lang='lat' dir='ltr'><strong>datum</strong></span> <span class='ocrx_word' id='word_1_844' title='bbox 3760 4852 3855 4906; x_wconf 89' lang='lat' dir='ltr'><strong>est,</strong></span> 
     </span>
    </p>
   </div>
   <div class='ocr_carea' id='block_1_111' title="bbox 2287 4939 3853 5018">
    <p class='ocr_par' dir='ltr' id='par_1_111' title="bbox 2287 4939 3853 5018">
     <span class='ocr_line' id='line_1_111' title="bbox 2287 4939 3853 5018; baseline -0.01 -13"><span class='ocrx_word' id='word_1_845' title='bbox 2287 4958 2347 5005; x_wconf 88' lang='lat' dir='ltr'><strong>ut</strong></span> <span class='ocrx_word' id='word_1_846' title='bbox 2374 4949 2463 5018; x_wconf 88' lang='lat' dir='ltr'><strong>qui</strong></span> <span class='ocrx_word' id='word_1_847' title='bbox 2493 4951 2545 5002; x_wconf 92' lang='lat' dir='ltr'><strong>in</strong></span> <span class='ocrx_word' id='word_1_848' title='bbox 2577 4949 2676 5002; x_wconf 90' lang='lat' dir='ltr'><strong>hac</strong></span> <span class='ocrx_word' id='word_1_849' title='bbox 2702 4944 3038 5014; x_wconf 88' lang='lat' dir='ltr'><strong>expeditione</strong></span> <span class='ocrx_word' id='word_1_850' title='bbox 3055 4941 3187 4995; x_wconf 90' lang='lat' dir='ltr'><strong>tardi</strong></span> <span class='ocrx_word' id='word_1_851' title='bbox 3213 4940 3441 5005; x_wconf 88' lang='lat' dir='ltr'><strong>fuerant,</strong></span> <span class='ocrx_word' id='word_1_852' title='bbox 3463 4939 3853 4992; x_wconf 89' lang='lat' dir='ltr'><strong>damnarentur.</strong></span> 
     </span>
    </p>
   </div>
   <div class='ocr_carea' id='block_1_112' title="bbox 2290 5028 3860 5110">
    <p class='ocr_par' dir='ltr' id='par_1_112' title="bbox 2290 5028 3860 5110">
     <span class='ocr_line' id='line_1_112' title="bbox 2290 5028 3860 5110; baseline -0.011 -16"><span class='ocrx_word' id='word_1_853' title='bbox 2290 5040 2583 5110; x_wconf 82' lang='lat' dir='ltr'><strong>Biturigum</strong></span> <span class='ocrx_word' id='word_1_854' title='bbox 2616 5050 2827 5106; x_wconf 89' lang='lat' dir='ltr'><strong>quoque</strong></span> <span class='ocrx_word' id='word_1_855' title='bbox 2871 5049 3054 5089; x_wconf 85' lang='lat' dir='ltr'><strong>comes</strong></span> <span class='ocrx_word' id='word_1_856' title='bbox 3084 5033 3230 5086; x_wconf 86' lang='lat' dir='ltr'><strong>misit</strong></span> <span class='ocrx_word' id='word_1_857' title='bbox 3279 5046 3473 5101; x_wconf 86' lang='lat' dir='ltr'><strong>pueros</strong></span> <span class='ocrx_word' id='word_1_858' title='bbox 3516 5043 3664 5094; x_wconf 90' lang='lat' dir='ltr'><strong>suos,</strong></span> <span class='ocrx_word' id='word_1_859' title='bbox 3712 5038 3769 5081; x_wconf 88' lang='lat' dir='ltr'><strong>ut</strong></span> <span class='ocrx_word' id='word_1_860' title='bbox 3815 5028 3860 5078; x_wconf 86' lang='lat' dir='ltr'><strong>in</strong></span> 
     </span>
    </p>
   </div>
   <div class='ocr_carea' id='block_1_113' title="bbox 2290 5119 3858 5193">
    <p class='ocr_par' dir='ltr' id='par_1_113' title="bbox 2290 5119 3858 5193">
     <span class='ocr_line' id='line_1_113' title="bbox 2290 5119 3858 5193; baseline -0.012 -7"><span class='ocrx_word' id='word_1_861' title='bbox 2290 5132 2451 5186; x_wconf 86' lang='lat' dir='ltr'><strong>dumo</strong></span> <span class='ocrx_word' id='word_1_862' title='bbox 2478 5128 2619 5184; x_wconf 91' lang='lat' dir='ltr'><strong>beati</strong></span> <span class='ocrx_word' id='word_1_863' title='bbox 2657 5125 2891 5191; x_wconf 75' lang='lat' dir='ltr'><strong>Martini,</strong></span> <span class='ocrx_word' id='word_1_864' title='bbox 2922 5139 3041 5193; x_wconf 66' lang='lat' dir='ltr'><strong>quae</strong></span> <span class='ocrx_word' id='word_1_865' title='bbox 3091 5125 3141 5177; x_wconf 87' lang='lat' dir='ltr'><strong>in</strong></span> <span class='ocrx_word' id='word_1_866' title='bbox 3189 5124 3292 5176; x_wconf 90' lang='lat' dir='ltr'><strong>hoc</strong></span> <span class='ocrx_word' id='word_1_867' title='bbox 3342 5119 3571 5174; x_wconf 89' lang='lat' dir='ltr'><strong>termino</strong></span> <span class='ocrx_word' id='word_1_868' title='bbox 3614 5120 3712 5172; x_wconf 87' lang='lat' dir='ltr'><strong>sita</strong></span> <span class='ocrx_word' id='word_1_869' title='bbox 3767 5125 3858 5177; x_wconf 73' lang='lat' dir='ltr'><strong>est,</strong></span> 
     </span>
    </p>
   </div>
   <div class='ocr_carea' id='block_1_114' title="bbox 2294 5208 3861 5287">
    <p class='ocr_par' dir='ltr' id='par_1_114' title="bbox 2294 5208 3861 5287">
     <span class='ocr_line' id='line_1_114' title="bbox 2294 5208 3861 5287; baseline -0.01 -15"><span class='ocrx_word' id='word_1_870' title='bbox 2294 5218 2593 5287; x_wconf 91' lang='lat' dir='ltr'><strong>hnjusmodi</strong></span> <span class='ocrx_word' id='word_1_871' title='bbox 2621 5216 2866 5271; x_wconf 87' lang='lat' dir='ltr'><strong>homines</strong></span> <span class='ocrx_word' id='word_1_872' title='bbox 2888 5213 3118 5282; x_wconf 88' lang='lat' dir='ltr'><strong>spoliare</strong></span> <span class='ocrx_word' id='word_1_873' title='bbox 3146 5212 3423 5266; x_wconf 89' lang='lat' dir='ltr'><strong>deberent.</strong></span> <span class='ocrx_word' id='word_1_874' title='bbox 3455 5208 3563 5265; x_wconf 85' lang='lat' dir='ltr'><strong>Sed</strong></span> <span class='ocrx_word' id='word_1_875' title='bbox 3590 5221 3751 5277; x_wconf 84' lang='lat' dir='ltr'><strong>agens</strong></span> <span class='ocrx_word' id='word_1_876' title='bbox 3780 5208 3861 5259; x_wconf 66' lang='lat' dir='ltr'><strong>do«</strong></span> 
     </span>
    </p>
   </div>
   <div class='ocr_carea' id='block_1_115' title="bbox 2296 5294 3860 5371">
    <p class='ocr_par' dir='ltr' id='par_1_115' title="bbox 2296 5294 3860 5371">
     <span class='ocr_line' id='line_1_115' title="bbox 2296 5294 3860 5371; baseline -0.01 -5"><span class='ocrx_word' id='word_1_877' title='bbox 2296 5326 2416 5366; x_wconf 87' lang='lat' dir='ltr'><strong>mus</strong></span> <span class='ocrx_word' id='word_1_878' title='bbox 2459 5310 2603 5365; x_wconf 90' lang='lat' dir='ltr'><strong>illius</strong></span> <span class='ocrx_word' id='word_1_879' title='bbox 2642 5307 2892 5364; x_wconf 88' lang='lat' dir='ltr'><strong>resistere</strong></span> <span class='ocrx_word' id='word_1_880' title='bbox 2934 5303 3147 5360; x_wconf 90' lang='lat' dir='ltr'><strong>fortiter</strong></span> <span class='ocrx_word' id='word_1_881' title='bbox 3189 5303 3385 5371; x_wconf 73' lang='lat' dir='ltr'><strong>recpit,</strong></span> <span class='ocrx_word' id='word_1_882' title='bbox 3427 5301 3657 5356; x_wconf 90' lang='lat' dir='ltr'><strong>dicens:</strong></span> <span class='ocrx_word' id='word_1_883' title='bbox 3692 5294 3860 5354; x_wconf 86' lang='lat' dir='ltr'><strong>Sancti</strong></span> 
     </span>
    </p>
   </div>
   <div class='ocr_carea' id='block_1_116' title="bbox 2297 5473 3860 5562">
    <p class='ocr_par' dir='ltr' id='par_1_116' title="bbox 2297 5473 3860 5562">
     <span class='ocr_line' id='line_1_116' title="bbox 2297 5473 3860 5562; baseline -0.015 -15"><span class='ocrx_word' id='word_1_884' title='bbox 2297 5493 2361 5549; x_wconf 88' lang='lat' dir='ltr'><strong>ad</strong></span> <span class='ocrx_word' id='word_1_885' title='bbox 2403 5508 2524 5562; x_wconf 82' lang='lat' dir='ltr'><strong>Cap.</strong></span> <span class='ocrx_word' id='word_1_886' title='bbox 2550 5490 2623 5544; x_wconf 71' lang='lat'><strong>9.5</strong></span> <span class='ocrx_word' id='word_1_887' title='bbox 2656 5488 2751 5543; x_wconf 89' lang='lat' dir='ltr'><strong>lib.</strong></span> <span class='ocrx_word' id='word_1_888' title='bbox 2785 5502 2861 5562; x_wconf 86' lang='lat' dir='ltr'><strong>tx._</strong></span> <span class='ocrx_word' id='word_1_889' title='bbox 2889 5485 3043 5562; x_wconf 56' lang='lat' dir='ltr'><strong>Unde</strong></span> <span class='ocrx_word' id='word_1_890' title='bbox 3074 5490 3153 5562; x_wconf 60' lang='lat' dir='ltr'><strong>tot</strong></span> <span class='ocrx_word' id='word_1_891' title='bbox 3180 5495 3445 5534; x_wconf 87' lang='lat' dir='ltr'><strong>morarum</strong></span> <span class='ocrx_word' id='word_1_892' title='bbox 3475 5475 3661 5562; x_wconf 64' lang='lat' dir='ltr'><strong>procul</strong></span> <span class='ocrx_word' id='word_1_893' title='bbox 3710 5473 3860 5527; x_wconf 85' lang='lat' dir='ltr'><strong>dubio</strong></span> 
     </span>
    </p>
   </div>
   <div class='ocr_carea' id='block_1_117' title="bbox 2298 5548 3859 5632">
    <p class='ocr_par' dir='ltr' id='par_1_117' title="bbox 2298 5548 3859 5632">
     <span class='ocr_line' id='line_1_117' title="bbox 2298 5548 3859 5632; baseline -0.012 -18"><span class='ocrx_word' id='word_1_894' title='bbox 2298 5548 2551 5632; x_wconf 70' lang='lat' dir='ltr'><strong>pertzesns</strong></span> <span class='ocrx_word' id='word_1_895' title='bbox 2599 5557 2948 5632; x_wconf 75' lang='lat' dir='ltr'><strong>fleecaredus,</strong></span> <span class='ocrx_word' id='word_1_896' title='bbox 2999 5553 3303 5632; x_wconf 63' lang='lat' dir='ltr'><strong>Hatldonctn</strong></span> <span class='ocrx_word' id='word_1_897' title='bbox 3364 5548 3675 5620; x_wconf 85' lang='lat' dir='ltr'><strong>popularem</strong></span> <span class='ocrx_word' id='word_1_898' title='bbox 3721 5557 3859 5599; x_wconf 82' lang='lat' dir='ltr'><strong>suam</strong></span> 
     </span>
    </p>
   </div>
   <div class='ocr_carea' id='block_1_118' title="bbox 2296 5624 3215 5697">
    <p class='ocr_par' dir='ltr' id='par_1_118' title="bbox 2296 5624 3215 5697">
     <span class='ocr_line' id='line_1_118' title="bbox 2296 5624 3215 5697; baseline -0.016 -8"><span class='ocrx_word' id='word_1_899' title='bbox 2296 5624 2395 5689; x_wconf 77' lang='lat' dir='ltr'><strong>sibi</strong></span> <span class='ocrx_word' id='word_1_900' title='bbox 2427 5633 2638 5688; x_wconf 81' lang='lat' dir='ltr'><strong>tandem</strong></span> <span class='ocrx_word' id='word_1_901' title='bbox 2668 5626 2911 5697; x_wconf 75' lang='lat' dir='ltr'><strong>coniugio</strong></span> <span class='ocrx_word' id='word_1_902' title='bbox 2936 5624 3215 5695; x_wconf 72' lang='lat' dir='ltr'><strong>cttpulavit.</strong></span> 
     </span>
    </p>
   </div>
  </div>
