3942 6190
159 253 269 312 διδ

1071 248 1383 304 HISTORIA
1424 247 1863 304 FRANCORUM.
1906 246 2109 303 LIBER
2150 247 2506 306 SEPTIMUS.

3336 254 3401 306 Η
3412 254 3440 307 ii

171 369 378 425 Martini
408 368 659 423 homines
692 366 727 420 ii
757 374 899 420 sunt.
933 364 1073 419 Nihil
1107 365 1187 418 eis
1206 364 1494 434 quidquam
1522 359 1761 416 iuferatis
1791 364 1835 419 A
1865 358 2107 414 Graviter
2139 367 2262 413 tunc
2288 362 2643 429 negotiatores
2672 362 2924 431 populum
2951 363 3333 434 Spoliaverttnt,
3366 368 3439 422 ita

168 458 403 528 injuriae,
450 457 580 525 quia
613 471 724 509 non
756 454 1054 509 habuerunt
1085 453 1527 508 consuetudinem
1555 450 1611 504 iu
1641 448 1761 502 tali-

158 551 264 604 bus
291 548 479 604 causis
504 548 679 602 abire.
710 547 774 600 At
804 546 877 599 illi
900 546 1152 599 dixerunt
1178 562 1190 596 :
1216 544 1357 599 Nihil
1380 543 1533 597 nobis
1557 551 1611 597 et
1628 541 1763 594 Mar-

158 642 273 696 tino
296 649 431 707 tuo,
461 653 623 707 quem
671 651 885 706 semper
923 637 976 690 in
1021 636 1201 692 causis
1245 636 1475 722 inaniter
1505 632 1713 704 profers
1747 650 1760 687 :

146 732 245 785 sed
282 741 343 784 et
374 741 432 783 tn
464 738 518 785 et
544 730 669 798 ipsi,
700 728 868 796 pretia
901 727 1206 783 dissolvetis
1227 768 1241 791 ,
1269 741 1367 795 pro
1394 741 1460 780 eo
1500 724 1641 794 quod
1671 739 1763 778 re-

142 825 228 892 gis
259 822 567 890 imperium
598 820 928 889 neglexistis.
987 820 1055 874 Et
1098 820 1214 875 haec
1260 818 1443 873 dicens
1488 817 1761 887 ingressus

141 929 227 973 est
259 922 474 973 atrium
507 916 723 971 domus.
756 915 1008 970 Protinus
1038 915 1222 969 dolore
1248 923 1534 982 percussus
1548 910 1758 976 cecidit,

144 1025 198 1065 et
232 1012 494 1082 graviter
524 1024 687 1080 agere
715 1011 900 1077 rmpit.
945 1008 1355 1076 Conversusque
1402 1003 1469 1058 ad
1512 1011 1758 1074 agentem

141 1116 291 1156 voce
324 1101 499 1155 ﬂebili
544 1101 667 1154 ait:
713 1099 864 1169 Rogo
906 1110 961 1152 ut
992 1096 1159 1152 facias
1200 1111 1361 1167 super
1408 1109 1495 1151 me
1546 1108 1759 1149 crucem

146 1194 407 1256 Domini,
437 1201 493 1246 et
522 1192 739 1246 invoces
765 1206 957 1245 nomen
979 1190 1120 1246 beati
1142 1188 1372 1243 Martini.
1404 1186 1557 1241 Nunc
1581 1196 1758 1240 autem

146 1284 417 1353 Cognovi,
454 1284 597 1352 quod
629 1297 817 1353 magna
874 1289 955 1336 est
999 1282 1170 1336 virtus
1214 1282 1367 1350 ejus;
1420 1295 1537 1332 nam
1583 1278 1760 1350 ingre-

148 1373 349 1427 diente
380 1388 471 1426 me
497 1372 688 1425 atrium
719 1372 930 1438 domus,
961 1370 1067 1424 vidi
1098 1372 1267 1424 virum
1293 1385 1477 1425 senem
1502 1369 1758 1424 exhiben-

151 1474 261 1516 tem
299 1463 559 1517 arborem
589 1463 641 1516 in
675 1477 831 1517 manu
858 1476 974 1531 sua,
1013 1474 1134 1529 qua:
1176 1474 1300 1515 mox
1331 1460 1564 1514 extensis
1590 1459 1755 1514 ramis

154 1570 330 1609 omne
360 1554 561 1608 atrium
596 1553 748 1608 texit.
781 1554 855 1608 Ex
887 1568 949 1607 ea
977 1554 1120 1607 enim
1148 1567 1284 1607 unus
1333 1566 1421 1608 me
1462 1551 1634 1621 attigit
1674 1566 1759 1605 ra—

159 1663 312 1712 mus,
346 1649 413 1703 de
440 1648 597 1715 cujus
640 1646 745 1701 ictu
775 1645 1016 1701 turbatus
1044 1645 1243 1701 corrui.
1277 1644 1346 1699 Et
1374 1644 1600 1700 innueus
1647 1645 1757 1726 suis

1865 460 1921 504 ut
1943 450 2029 503 vix
2055 449 2139 504 vel
2193 448 2426 503 modium
2459 460 2481 488 ο
2505 465 2751 515 annonae,
2784 462 2877 508 aut
2926 454 3298 509 semimodium
3328 456 3439 511 viui

1865 558 1970 597 uno
2010 542 2205 597 triante
2249 542 2652 597 venuutdareut.
2708 543 3018 599 Subdebant
3068 560 3129 600 se
3175 560 3435 616 pauperes

1862 635 2103 699 servitio,
2148 644 2206 689 ut
2242 636 2771 707 quantulumcunque
2807 638 2875 693 de
2918 637 3169 693 alimento
3198 639 3437 709 porrige-

1860 735 1980 780 rettt
2002 723 2050 780 ά.

1932 815 2117 872 XLVI.
2148 817 2242 874 liis
2265 817 2455 873 diebus
2481 818 2900 888 Christophorus
2923 819 3221 889 negotiator
3240 818 3304 873 ad
3331 823 3438 874 Au-

1862 911 2216 967 relianensem
2244 911 2433 966 urbem
2490 912 2643 967 abiit.
2671 913 2929 968 Audierat
2979 913 3144 978 enim,
3201 911 3341 981 quod
3371 926 3438 967 eo

1863 1003 2089 1057 multum
2114 1003 2220 1057 vini
2244 1003 2475 1058 delatum
2498 1003 2704 1058 fuisset.
2737 1004 2938 1059 Abiens
2958 1018 3107 1072 ergo,
3132 1013 3440 1071 comparato

1862 1094 2006 1155 vino,
2030 1102 2084 1148 et.
2111 1093 2360 1148 lintribus
2399 1096 2610 1149 invecto
2632 1136 2647 1162 ,
2675 1084 2891 1163 aecepta
2937 1110 2966 1149 a
2994 1109 3182 1150 50cero
3213 1095 3437 1163 pecunia

1861 1186 2051 1251 multa,
2076 1202 2195 1241 eum
2218 1188 2425 1244 duobus
2449 1190 2631 1258 pueris
2654 1189 2962 1244 Saxonibus
2988 1190 3127 1243 viam
3150 1188 3435 1259 equitando

1864 1278 2089 1333 terebat.
2115 1279 2271 1335 Pueri
2297 1295 2427 1335 vero
2457 1282 2546 1335 diu
2571 1281 2867 1359 dominum,
2894 1296 3113 1337 exosum
3147 1281 3433 1350 habebant,

1861 1380 1916 1425 et
1945 1371 2260 1442 plerumque
2290 1371 2533 1443 fugerant
2577 1373 2747 1440 illum,
2779 1388 2844 1429 eo
2865 1373 3004 1443 quod
3052 1373 3292 1430 crebrius
3311 1389 3435 1444 gra~

1858 1462 2078 1517 vissime
2106 1462 2535 1519 verberarentur.
2566 1465 2698 1519 Cum
2752 1467 3028 1521 venissent
3069 1466 3123 1521 in
3151 1466 3436 1537 quamdam

1858 1554 2070 1621 silvam,
2096 1554 2436 1625 prazcedente
2480 1556 2720 1621 domino,
2752 1572 2887 1627 puer
2924 1572 3061 1612 unus
3086 1558 3316 1624 iaculata
3338 1572 3435 1612 va-

1862 1648 1971 1705 lide
1994 1648 2178 1703 lancea
2202 1689 2218 1713 ,
2246 1648 2523 1703 dominum
2554 1663 2710 1703 suum
2766 1649 3051 1704 transﬁxit.
3076 1648 3193 1716 Quo
3220 1658 3433 1709 ruente.

160 1739 425 1808 rogabat,
458 1748 516 1791 ut
544 1738 831 1806 ejiceretur
859 1736 926 1791 de
954 1736 1113 1790 atrio.
1160 1734 1425 1806 Egressus
1453 1744 1628 1790 autem
1677 1736 1757 1789 in-
1787 1728 1835 1786 B
1859 1739 1996 1796 alius
2016 1755 2137 1795 cum
2185 1739 2388 1795 framea
2429 1750 2589 1809 caput
2643 1740 2760 1810 ejus
2799 1742 3131 1805 dilaceravit,
3162 1749 3217 1795 ει
3264 1742 3344 1795 sic
3370 1740 3439 1795 ab

166 1845 370 1885 vocare
393 1845 591 1884 nomen
624 1830 762 1884 beati
794 1829 1000 1883 Ilartini
1046 1829 1300 1884 attentius
1329 1829 1511 1899 erepit.
1544 1829 1621 1884 Ex
1654 1828 1756 1886 hoc

170 1925 317 1981 enim
349 1922 685 1976 commodius
714 1936 896 1991 agens.
929 1929 1145 1975 sanatus
1176 1929 1277 1975 est.

240 2011 428 2066 XLIII.
463 2011 771 2067 Desiderius
799 2026 927 2065 vero
972 2009 1109 2065 infra
1155 2019 1450 2065 castrorum
1505 2010 1755 2065 munitio-

177 2120 294 2158 nem
326 2122 382 2158 se
414 2120 608 2174 resque
658 2118 781 2159 suas
826 2105 1031 2158 tutavit.
1091 2103 1293 2159 Waddo
1345 2104 1516 2173 major
1565 2105 1753 2159 domus

174 2196 459 2263 Bigunthis
487 2197 552 2250 ad
585 2196 977 2251 Brunicbildetu
1002 2197 1236 2265 reginam
1260 2197 1494 2261 transiit,
1525 2206 1578 2251 et
1604 2196 1670 2251 ab
1690 2211 1751 2251 ea

175 2300 483 2358 susceptus,
516 2305 637 2344 cum
690 2290 997 2343 muneribus
1037 2298 1089 2342 et
1125 2289 1291 2359 gratia
1341 2297 1426 2344 est
1471 2289 1747 2355 dimissus;

178 2384 474 2439 Cbariulfus
509 2384 780 2438 basilicam
810 2385 976 2437 sancti
1007 2382 1211 2436 Martini
1240 2380 1460 2449 expetiit
1490 2390 1537 2433 ει.

246 2475 425 2532 XLIV.
459 2476 581 2530 Fuit
611 2476 637 2514 ιι
671 2487 795 2530 tunc
827 2476 1079 2544 temporis
1110 2475 1318 2539 mulier,
1354 2489 1469 2543 quae
1509 2472 1748 2541 Spiritum

179 2569 424 2637 pytlionis
473 2568 579 2640 [ΑΙ.
629 2578 675 2621 et
714 2569 882 2639 infra,
933 2563 1208 2637 phylonis]
1257 2566 1475 2631 habens,
1527 2567 1748 2619 multum

180 2658 455 2723 praestabat
484 2658 713 2712 dominis
739 2657 1022 2712 divinando
1042 2666 1333 2727 quaestum;
1363 2671 1532 2725 eoque
1554 2657 1604 2709 in
1629 2671 1750 2724 gra-

186 2750 247 2800 tia
282 2748 518 2815 profecit,
551 2757 606 2801 ut
631 2749 699 2802 ab
744 2748 829 2801 his
857 2748 1021 2802 libera
1052 2747 1208 2811 facta,
1238 2748 1351 2801 suis
1393 2746 1749 2802 voluntatibus

186 2844 463 2897 laxaretur.
497 2843 553 2899 Si
587 2847 705 2911 quis
738 2843 879 2897 enim
910 2852 1001 2894 aut
1031 2842 1246 2906 furtum,
1277 2850 1367 2894 aut
1396 2840 1591 2909 aliquid
1622 2841 1747 2896 mali

190 2932 455 3000 perferret,
485 2935 665 2988 statim
698 2934 810 2988 hare
848 2949 953 3002 quo
982 2930 1065 2987 fur
1092 2932 1243 2996 ahiit,
1271 2933 1355 2986 cui
1399 2931 1630 2996 tradidit,
1662 2932 1745 2986 vel

189 3026 303 3089 quid
329 3042 387 3081 ex
422 3027 525 3080 hoc
578 3027 780 3085 fecerit.
811 3024 1072 3079 edicebat.
1104 3024 1472 3094 Congregabat
1514 3023 1748 3091 quotidie

1860 1841 2089 1901 utroque
2127 1831 2180 1886 in
2213 1831 2380 1886 frusta
2424 1830 2657 1895 decisus,
2684 1831 2947 1887 exanimis
2970 1840 3053 1887 est
3102 1832 3341 1887 relictus.
3374 1832 3437 1888 lli

1859 1938 1988 1976 vero
2019 1922 2347 1992 accipientes
2377 1923 2679 1990 pecuniam,
2714 1925 2833 1993 luga
2865 1922 3053 1991 dilapsi
3074 1930 3217 1977 sunt.
3250 1922 3435 1977 Frater

1858 2030 1986 2068 vero
2014 2013 2410 2083 ChristOphori,
2436 2015 2646 2084 sepulto
2660 2013 2998 2083 corpusculo,
3034 2014 3279 2069 homines
3307 2028 3433 2068 suos

1855 2116 1977 2176 post
2002 2121 2197 2176 pueros
2225 2106 2406 2176 dirigit
2444 2124 2459 2160 :
2484 2106 2573 2175 qui
2595 2104 2865 2175 juniorem
2896 2104 3340 2173 comprehensum
3370 2103 3431 2157 li-

1855 2208 2001 2267 gant,
2044 2198 2258 2253 seniore
2305 2212 2426 2253 eum
2455 2198 2676 2267 pecunia
2730 2196 2987 2266 fugiente.
3019 2195 3182 2267 37o
3223 2195 3425 2263 Quibus

1857 2287 2222 2353 redeuntibus,
2248 2302 2369 2343 cum
2394 2287 2810 2343 vinctumlaxius
2832 2288 3190 2357 reliquissent,
3213 2296 3431 2355 accepta

1855 2382 2036 2437 lancea
2069 2398 2231 2437 unum
2261 2398 2329 2437 ex
2361 2381 2443 2435 his
2492 2397 2521 2434 a
2573 2381 2764 2452 quibus
2819 2381 3209 2442 adducebatur,
3260 2379 3429 2433 inter-

1854 2476 2002 2530 emit.
2028 2475 2133 2530 Sed
2158 2474 2415 2529 deductus
2443 2474 2510 2528 ab
2552 2474 2675 2527 aliis
2720 2487 2889 2542 usque
2923 2472 3175 2539 Turonis,
3205 2470 3432 2525 diversis

1853 2566 2129 2635 suppliciis
2178 2565 2401 2622 allectus
2429 2607 2444 2631 ,
2489 2565 2957 2634 detruncatusque,
3010 2564 3246 2634 patibqu
3274 2561 3431 2618 valde

1852 2659 2111 2716 exanimis
2140 2668 2163 2696 ⁶
2196 2668 2276 2713 est
2296 2672 2580 2728 appensus.

1924 2751 2132 2807 XLVII.
2166 2751 2358 2806 Gravia
2392 2760 2516 2805 tunc
2542 2751 2677 2803 inter
2700 2749 2992 2802 Turonieos
3016 2749 3158 2801 cives
3188 2746 3323 2801 bella
3352 2748 3429 2800 ci-

1852 2843 1977 2897 vilia
2006 2851 2377 2899 surrexerunt.
2413 2842 2543 2895 l\‘am
2585 2841 2875 2905 Sicharius,
2910 2840 3130 2893 Ioannis
3159 2837 3427 2906 quondam

1854 2937 2013 3003 filius,
2044 2938 2165 2991 dum
2190 2936 2382 2989 natalis
2414 2934 2673 2989 Dominici
2708 2933 2966 2987 solemnia
2998 2931 3136 3000 apud
3167 2930 3425 2984 Montalo-

1854 3045 2158 3101 magensem
2196 3028 2213 3066 ί
2249 3028 2419 3083 vicum
2447 3042 2568 3083 cum
2602 3025 2953 3095 Austregisilo
2989 3023 3313 3093 reliquisque
3336 3036 3427 3090 pa-

189 3131 362 3171 aurum
391 3127 791 3187 argentumque.
822 3116 1114 3185 procedens
1144 3132 1193 3169 tn
1218 3117 1566 3179 ornamentis,
1600 3116 1668 3168 ita
1691 3126 1750 3169 ut
1776 3101 1823 3164 C
1852 3125 2107 3195 gensibus
2146 3123 2459 3203 celebraret,
2489 3121 2765 3191 presbyter
2792 3118 2894 3173 loci
2937 3118 3084 3172 misit
3109 3131 3325 3185 puerum
3356 3115 3426 3169 ad

189 3220 451 3278 putaretur
480 3210 683 3279 aliquid
714 3224 832 3264 esse
860 3209 1093 3263 divinum
1144 3210 1195 3261 in
1229 3209 1451 3277 populis.
1493 3207 1598 3263 Sed
1627 3221 1748 3262 cum

192 3303 396 3373 Agerico
429 3304 770 3358 Viridunensi
800 3304 1052 3373 episcopo
1081 3302 1196 3357 lucc
1221 3303 1455 3356 nuntiata
1498 3300 1744 3366 fuissent,

192 3398 321 3449 misit
356 3398 515 3468 359
543 3398 608 3450 ad
639 3397 1200 3465 comprehendendum
1233 3411 1372 3452 eam.
1411 3399 1522 3464 Qua
1560 3412 1748 3464 appre-

192 3482 339 3539 heusa
370 3497 421 3540 et
450 3491 513 3540 ad
540 3503 599 3540 se
630 3486 875 3553 adducta,
904 3486 1053 3555 juxta
1087 3486 1135 3539 id
1164 3486 1302 3552 quod
1347 3486 1398 3538 in
1428 3484 1645 3539 Actibus
1676 3485 1749 3539 Ie-

189 3577 342 3642 piuius
390 3578 694 3646 apostolicis
723 3578 873 3647 (Act.
905 3593 1014 3641 xvr,
1051 3575 1168 3640 16),
1200 3576 1447 3645 cognovit
1473 3576 1524 3629 in
1555 3590 1614 3630 ea
1646 3576 1748 3629 im-

189 3670 426 3723 mundum
457 3672 701 3739 spiritum
727 3685 844 3725 esse
875 3669 1143 3739 pythonis.
1170 3669 1409 3737 Denique
1434 3683 1556 3723 cum
1586 3684 1745 3723 exor-

188 3762 395 3816 cisutum
440 3778 603 3831 super
633 3777 749 3816 eam
780 3761 1000 3826 diceret,
1049 3776 1111 3815 ac
1155 3760 1383 3815 frontem
1438 3761 1580 3813 illius
1627 3760 1747 3815 oleo

188 3864 356 3907 sancto
393 3864 749 3925 perungeret,
800 3853 1115 3909 exclamavit
1143 3853 1488 3920 damonium,
1519 3863 1574 3908 et
1618 3855 1746 3923 quid

188 3957 314 4000 esset
340 3946 575 4014 prodidit
605 3946 889 4000 sacerdoti.
926 3945 1030 4002 Sed
1058 3960 1181 4000 cum
1212 3960 1307 4011 per
1334 3960 1458 3999 eum
1488 3960 1517 3999 a
1574 3946 1747 4014 puella

190 4052 280 4090 non
308 4038 703 4103 extruderetur,
734 4036 883 4091 abire
913 4037 1167 4104 permissa
1200 4045 1301 4089 est.
1333 4034 1571 4089 Cernetis
1618 4050 1746 4089 vero

190 4130 367 4195 puella,
397 4129 538 4198 quod
564 4131 613 4183 in
638 4129 755 4182 loco
782 4128 869 4181 illo
893 4127 1130 4180 habitare
1158 4142 1261 4180 non
1294 4133 1497 4195 posset,
1525 4126 1590 4179 ad
1619 4127 1746 4181 Fre-

190 4222 473 4291 degundetn
504 4223 742 4291 reginam
772 4222 922 4291 abiit,
954 4220 1130 4289 ibique
1168 4230 1222 4275 et
1250 4220 1421 4274 latuit.

254 4315 401 4369 XLV.
435 4315 626 4383 Magna
665 4314 766 4367 hoc
803 4328 944 4367 anno
994 4311 1161 4367 fames
1187 4326 1323 4381 pene
1362 4311 1561 4366 Gallias
1609 4319 1746 4365 totas

191 4409 479 4478 oppressit;
516 4423 637 4461 nam
671 4406 880 4474 plurimi
916 4420 1135 4459 uvarum
1164 4404 1389 4469 semina,
1418 4403 1579 4457 ﬂores
1602 4403 1747 4457 avel-

1849 3216 2148 3284 aliquorum
2180 3213 2452 3266 hominum
2484 3211 2873 3274 invitationem,
2904 3217 2962 3262 ut
2985 3206 3050 3261 ad
3067 3206 3282 3261 domum
3308 3205 3427 3273 ejus

1850 3304 2062 3362 bibendi
2093 3307 2259 3376 gratia
2290 3305 2474 3359 venire
2497 3304 2774 3359 deberent.
2803 3300 3064 3356 Veniente
3085 3313 3211 3353 vero
3239 3311 3427 3367 puero,

1852 3415 1987 3457 unus
2019 3415 2083 3454 ex
2114 3399 2196 3453 his
2224 3399 2314 3468 qui
2361 3398 2739 3461 iuvitabantur,
2788 3402 3029 3450 extracto
3082 3391 3258 3463 gladio
3303 3405 3425 3444 eum

1851 3493 2011 3548 ferire
2038 3508 2145 3546 non
2173 3491 2360 3546 metuit
2391 3508 2403 3543 :
2435 3490 2525 3559 qui
2549 3499 2728 3543 statim
2760 3487 2952 3542 cecruit
2980 3494 3033 3541 et
3058 3492 3297 3539 mortuus
3318 3492 3426 3536 est.

1849 3588 2001 3655 Quod
2054 3604 2175 3643 cum
2228 3588 2503 3643 Sicharius
2554 3585 2829 3648 audisset,
2886 3580 2976 3652 qui
3013 3578 3274 3635 amicitias
3304 3591 3424 3631 cum

1851 3682 2167 3752 presbytero
2212 3679 2499 3745 retinebat,
2528 3676 2669 3746 quod
2713 3675 2918 3730 scilicet
2948 3688 3079 3743 puer
3125 3672 3240 3740 ejus
3271 3669 3427 3724 fuerit

1850 3771 2183 3836 interfectus,
2213 3769 2441 3838 arreptis
2485 3769 2650 3821 armis
2677 3766 2962 3821 ecclesiam
3004 3764 3175 3834 petiit,
3204 3768 3425 3816 Austre-

1847 3864 2058 3935 gisilum
2125 3862 2396 3931 operiens.
2447 3859 2542 3914 Ille
2595 3868 2770 3913 autem
2798 3858 2913 3912 haec
2963 3856 3207 3921 audiens,
3233 3868 3421 3923 appre-

1851 3962 2023 4012 henso
2053 3969 2323 4010 armorum
2352 3962 2629 4022 apparatu,
2664 3960 2846 4005 contra
2876 3963 2995 4002 eum
3045 3946 3263 4015 dirigit;
3297 3946 3425 3998 mis.

1856 4052 2026 4118 lisque
2051 4046 2324 4111 erunibus,
2354 4057 2473 4097 cum
2504 4056 2563 4096 se
2608 4056 2727 4109 pars
2757 4049 2978 4106 utraque
3010 4036 3303 4101 collideret,
3331 4033 3420 4087 Si-

1848 4139 2063 4195 charius
2092 4138 2232 4191 inter
2255 4134 2479 4190 clericos
2510 4142 2745 4201 ereptus,
2780 4130 2846 4185 ad
2875 4130 3055 4183 villam
3101 4142 3252 4183 suam
3284 4127 3421 4182 etfu-

1848 4231 1942 4301 git,
1969 4230 2168 4285 relictis
2192 4228 2246 4282 in
2276 4226 2437 4281 doruo
2475 4222 2798 4294 presbyteri,
2831 4237 2951 4276 cum
2981 4226 3206 4290 argento
3228 4227 3283 4273 et
3306 4235 3423 4274 vcs-

1849 4322 2125 4388 timentis,
2176 4329 2406 4390 quatuor
2453 4315 2632 4387 pueris
2671 4314 2941 4369 sauciatis.
2997 4316 3115 4379 Quo
3164 4310 3423 4379 fugiente,

1850 4411 2432 4483 Adstregisilusiterum
2460 4409 2688 4473 irruens,
2715 4405 3005 4461 interfectis
3020 4404 3216 4474 pueris,
3236 4419 3425 4460 aurum

190 4500 428 4565 lanarum,
455 4499 695 4555 nonnulli
723 4498 931 4552 radices
964 4496 1141 4551 herbae
1172 4495 1325 4551 ﬁlicis
1353 4495 1635 4562 arefactas,
1664 4512 1747 4550 re-
1774 4481 1826 4541 Ῐ)
1852 4481 2236 4574 argentumque
2251 4517 2370 4558 cum
2398 4500 2616 4570 reliquis
2644 4499 2802 4554 rebus
2822 4497 3055 4552 abstulit.
3084 4496 3287 4550 Dehinc
3302 4510 3422 4549 cum

192 4593 459 4665 (lactisque
482 4596 533 4649 in
566 4595 838 4663 pulverem
862 4634 874 4657 ,
906 4592 1262 4648 admiscentes
1303 4606 1488 4660 parum
1534 4590 1741 4657 farinae,

195 4702 360 4755 panem
390 4687 780 4750 conficiebant;
828 4685 979 4739 multi
1024 4685 1184 4739 etiam
1235 4683 1454 4738 herbam
1507 4692 1744 4753 segetum

193 4780 510 4843 decidentes,
534 4779 783 4833 similiter
813 4776 1094 4831 faciebant.
1123 4775 1357 4829 Fuerunt
1384 4774 1545 4828 etiam
1573 4773 1742 4839 multi,

195 4874 356 4941 quibus
383 4886 490 4925 non
514 4878 630 4924 erat
658 4867 856 4937 aliquid
878 4868 1082 4930 farinae,
1106 4868 1197 4935 qui
1225 4867 1465 4920 diversas
1490 4867 1743 4937 colligen-

198 4976 260 5019 tes
281 4966 490 5024 herbas,
519 4960 931 5017 etcomedentes
961 4957 1228 5013 tumefaeti
1252 4957 1591 5013 deficiebant.
1624 4958 1741 5011 Plu-

202 5060 296 5111 rimi
324 5058 464 5113 enim
499 5065 624 5109 tunc
664 5069 729 5109 ex
774 5053 944 5107 inedia
988 5052 1344 5117 tabescentes,
1374 5051 1571 5104 mortui
1597 5058 1742 5104 sunt.

266 5226 286 5253 ι
307 5218 396 5270 llic
424 5212 697 5282 designari
721 5210 905 5264 volunt
933 5207 1214 5282 ecclesiam
1242 5207 1411 5261 sancti
1438 5206 1649 5282 Martini
1680 5208 1746 5262 de

205 5286 409 5352 Leriaco,
445 5278 714 5352 hodieque
760 5281 981 5352 collegio
1015 5280 1389 5352 canonicorum
1410 5278 1744 5352 _insiguit_am

206 5359 309 5413 aliud
332 5346 641 5427 Bituriges,
660 5352 762 5408 sub
798 5346 1163 5419 iurisdictione
1208 5349 1377 5403 sancti
1407 5346 1616 5404 Martini
1643 5349 1748 5404 Tu-

208 5443 429 5485 ῐυιιρηδιε.

264 5509 284 5547 b
303 5502 405 5556 lloc
430 5505 600 5567 caput
625 5495 777 5548 deest
805 5492 854 5545 in
878 5492 1031 5546 COIO.
1056 5507 1106 5545 a.
1138 5502 1189 5544 et
1222 5490 1339 5543 Vat.

264 5593 278 5615 ν
300 5573 445 5626 Colb.
476 5566 552 5627 a..
576 5569 654 5619 vel
685 5566 961 5616 modicum.

261 5651 278 5689 ιι
302 5646 389 5698 llic
418 5637 790 5713 dcsinitliher
820 5651 890 5688 vn
916 5635 971 5712 in
1005 5632 1120 5686 Vat.
1149 5642 1203 5688 et
1240 5631 1391 5693 Colb.
1424 5646 1498 5694 a.,
1531 5630 1659 5713 etin
1686 5630 1747 5685 iis

206 5714 352 5784 desiuit
384 5715 495 5770 duo
529 5709 704 5777 capita
734 5706 1028 5778 eminentia.

1853 4599 1905 4652 in
1933 4596 2134 4668 judicio
2176 4595 2372 4650 civium
2402 4592 2797 4656 convenissent,
2827 4599 2882 4646 et
2920 4600 3243 4660 praeceptum
3284 4598 3425 4646 esset

1855 4703 1912 4749 ut
1957 4692 2355 4762 Austregisilus,
2386 4689 2475 4756 qui
2525 4686 2791 4743 homicida
2842 4697 2974 4752 erat,
3024 4698 3082 4744 et
3130 4688 3425 4743 interfectis

1855 4788 2031 4855 pueris
2059 4801 2146 4841 res
2186 4786 2302 4839 sine
2332 4781 2596 4837 audientia
2620 4790 2644 4827 6
2674 4780 2991 4850 diripuerat,
3024 4798 3245 4836 censura
3270 4780 3422 4848 legali

1854 4877 2320 4932 condemnaretur.
2358 4877 2493 4931 Inito
2550 4874 2745 4944 placito
2788 4875 2969 4942 paucis
3022 4874 3157 4929 infra
3209 4873 3420 4936 diebus,

1852 4971 2126 5028 Sicharius
2151 4972 2374 5025 audiens
2420 4970 2561 5037 quod
2610 4984 2697 5023 res
2726 4982 2857 5038 quas
2885 4966 3264 5034 Austregisilus
3293 4963 3422 5018 diri-

1852 5071 2058 5135 puerat,
2092 5077 2213 5116 cum
2244 5063 2469 5116 Auuonc
2489 5070 2545 5115 et
2596 5060 2704 5113 filio
2725 5069 2885 5127 atque
2906 5057 3024 5122 ejus
3070 5054 3235 5109 fratre
3286 5055 3421 5109 Ebe-

1925 5228 1948 5288 ἒ
1979 5219 2189 5288 Regm.,
2221 5216 2446 5288 patibulo
2472 5223 2543 5267 est
2565 5226 2839 5288 appensus.

1928 5287 1947 5326 τ
1972 5276 2139 5343 Locus
2163 5276 2299 5353 apud
2322 5285 2563 5337 Turonas
2584 5276 2748 5353 satis
2799 5277 3049 5353 celebris,
3076 5276 3405 5353 vulgoilfan.

1856 5360 2011 5415 (clem.
2036 5358 2111 5411 lbi
2157 5348 2446 5422 Perpetuus
2487 5352 2765 5405 ecclesiam
2796 5348 3098 5411 :cdificavit,
3126 5361 3182 5401 ut
3226 5349 3403 5405 dicit"!

1854 5430 1985 5483 infra
2018 5429 2110 5481 lib.
2138 5445 2189 5483 Χ.
2218 5441 2334 5489 cap.
2368 5425 2573 5475 ultimo.

1926 5510 1949 5545 ις
1977 5499 2127 5565 Apud
2148 5486 2385 5551 Marenlf.
2417 5494 2507 5546 lib.
2537 5488 2804 5565 μεθιδᾼὸ
2824 5531 2839 5554 ,
2863 5497 3039 5565 exstat
3060 5486 3419 5565 Formulagau-

1853 5561 2129 5631 diemialis,
2159 5582 2259 5637 qua
2281 5565 2487 5637 quisad
2514 5561 2780 5637 principis
2791 5561 3131 5637 praesentiam
3159 5562 3423 5623 accedere

1853 5644 2160 5712 cogebatur,
2179 5631 2249 5693 ad
2279 5631 2501 5707 quodvis
2529 5636 2721 5689 tactum
2751 5631 3159 5689 discutiendum.
