3942 6190
552 274 648 326 H7

1499 261 1559 319 S.
1599 256 1923 315 GREGORII
1961 256 2266 314 EPISCOPI
2307 255 2736 313 TURONENSIS

3698 258 3810 313 448

548 388 684 445 rulfo
741 384 1115 441 retinerentur,
1165 377 1466 447 postposito
1538 377 1755 446 placito,
1806 374 2124 445 conjunctus
2154 378 2201 436 Α
2226 373 2470 445 Cumque
2496 389 2733 437 servum,
2758 381 2815 427 ut
2857 381 3135 429 exerceret
3161 386 3380 443 operam
3414 385 3802 442 commoneret,

549 483 780 546 Audino,
813 488 957 533 mota
984 474 1269 538 seditione,
1293 486 1411 526 cum
1457 471 1679 526 armatis
1702 470 1833 523 viris
1856 468 2013 523 irruit
2036 482 2128 521 su.

548 591 642 643 per
671 586 765 627 eos
788 577 974 633 nocte,
1006 565 1245 634 elisoque
1270 561 1500 633 hospitio
1550 562 1604 616 in
1627 575 1735 632 quo
1767 559 2126 629 dormiebant,

550 676 753 733 patrem
781 675 903 716 cmn
962 658 1128 712 fratre
1152 664 1209 710 et
1264 657 1378 711 ﬁlio
1406 652 1698 718 interemit,
1726 665 1918 720 resque
1945 665 2130 704 eorum

548 772 668 809 cum
696 752 978 821 pecoribus
998 791 1013 815 ,
1045 747 1449 816 interfectisque
1479 744 1673 807 servis,
1704 741 1941 796 abduxit.
1977 740 2130 808 Quod

550 862 647 900 nos
677 845 978 909 audientes,
1005 842 1353 895 vehementer
1390 852 1456 891 ex
1489 836 1589 890 hoc
1620 833 1856 901 molesti,
1879 832 2130 902 adjuncto

548 938 750 1008 judice,
779 934 1037 991 mittimus
1060 932 1125 987 ad
1155 947 1248 988 eos
1271 930 1611 999 legationem,
1647 926 1770 981 utin
1797 925 1965 980 nostri
1996 940 2133 994 pne-

546 1029 773 1084 sentiam
805 1028 1102 1093 venientes,
1130 1033 1350 1093 accepta
1395 1019 1603 1077 ratione
1644 1035 1764 1075 cum
1811 1032 1942 1088 pace
1970 1018 2129 1089 371

547 1120 906 1187 discederent,
941 1134 1007 1174 ne
1050 1116 1282 1187 jurgium
1316 1114 1369 1167 in
1412 1112 1643 1181 amplius
1669 1110 1974 1180 pullularet.
1997 1108 2130 1173 Oui-

548 1215 647 1269 bus
684 1211 1039 1275 venientibus,
1065 1205 1468 1276 coniunctisque
1495 1202 1722 1268 civibus,
1754 1215 1855 1270 ego
1876 1201 1961 1255 aio
1989 1218 2001 1252 :
2028 1200 2131 1254 No-

546 1309 665 1378 lite,
692 1323 725 1362 o
746 1306 869 1371 viri,
898 1308 949 1361 in
974 1303 1267 1360 sceleribus
1294 1299 1556 1370 proﬁcere
1574 1338 1592 1364 ,
1620 1312 1687 1352 ne
1709 1297 1908 1351 malum
1934 1297 1985 1350 in
2009 1295 2130 1350 lon-

546 1403 665 1472 gius
712 1398 1055 1455 extendatur.
1086 1392 1421 1449 Perdidimus
1467 1391 1611 1447 enim
1664 1390 1907 1445 ecclesiae
1945 1388 2128 1443 ﬁlios:

546 1492 833 1547 metuimus
865 1486 1031 1551 nunc,
1059 1503 1127 1543 ne
1148 1495 1206 1542 et
1233 1487 1350 1541 aliis
1378 1487 1429 1540 in
1459 1486 1558 1540 bac
1607 1483 1905 1539 intentione
1948 1495 2133 1537 carea-

547 1601 686 1640 mus.
750 1584 953 1647 Estote,
985 1595 1190 1649 qumso,
1228 1578 1453 1648 paciﬁci,
1488 1586 1542 1630 et
1585 1577 1674 1647 qui
1724 1575 1919 1629 malum
1969 1572 2134 1643 gessit

546 1685 719 1731 stante
756 1676 1020 1731 citaritate
1066 1680 1373 1741 componat,
1406 1680 1463 1724 ut
1489 1670 1606 1725 sitis
1653 1668 1745 1722 lilii
1790 1666 2015 1736 paciﬁci,
2042 1665 2129 1735 qui

2231 467 2540 535 eievataque
2562 468 2708 534 virga
2734 463 2925 518 ictibus
2946 463 3276 528 verberaret,
3305 463 3399 518 ille
3425 472 3666 519 extracto
3690 464 3808 519 bal-

2232 558 2302 612 tei
2356 557 2531 629 gladio
2566 555 2842 609 dominum
2895 554 3139 610 sauciare
3181 568 3286 608 non
3332 554 3544 609 metuit.
3600 553 3711 621 Quo
3739 555 3803 610 in

2233 659 2432 704 terram
2462 657 2677 715 ruente,
2708 656 2988 704 currentes
3016 647 3176 701 amici
3218 646 3619 716 apprehensum
3647 646 3809 720 372

2237 756 2451 798 servum
2495 740 2786 797 crudeliter
2805 754 3028 805 caesum,
3058 741 3315 794 truncatis
3357 738 3610 794 manibus
3631 750 3683 795 et
3707 756 3811 809 pe-

2230 834 2407 900 dibus,
2438 833 2676 905 patibulo
2698 833 3105 888 damnaverunt.
3133 832 3349 888 Interim
3372 847 3540 888 sonus
3561 832 3617 887 in
3640 831 3811 888 Turo-

2231 932 2407 986 nicum
2434 930 2566 985 exiit
2593 927 2894 986 Sicbarium
2918 928 3081 982 fuisse
3109 926 3439 982 defunctum.
3463 925 3600 982 Cum
3630 936 3812 982 autem

2232 1023 2347 1079 haec
2367 1021 2811 1079 Chramnisindus
2839 1020 3105 1085 audisset,
3127 1020 3470 1074 commonitis
3502 1019 3809 1088 parentibus

2232 1127 2285 1171 et
2304 1115 2510 1179 amicis,
2541 1113 2605 1169 ad
2637 1114 2854 1169 domum
2883 1113 3000 1183 ejus
3025 1122 3299 1183 properat.
3322 1110 3531 1178 Quibus
3552 1112 3810 1182 spoliatis,

2233 1205 2572 1275 interemptis
2595 1205 2865 1260 nonnullis
2901 1218 3201 1270 servorum,
3244 1203 3435 1259 domus
3463 1219 3672 1271 omnes,
3698 1213 3807 1259 tam

2231 1300 2458 1356 Sicharii
2487 1314 2649 1369 quam
2678 1299 3029 1369 reliquorum,
3065 1300 3153 1369 qui
3183 1298 3468 1368 participes
3491 1300 3645 1369 hujus
3670 1300 3811 1355 villa

2233 1399 2409 1459 erant,
2434 1390 2678 1446 incendio
2691 1390 3074 1456 concremavit,
3096 1389 3364 1445 abducens
3392 1405 3575 1445 secum
3596 1406 3809 1460 pecora,

2235 1494 2289 1541 et
2317 1500 2648 1555 quaecunque
2694 1499 2912 1540 movere
2965 1484 3161 1553 potuit.
3185 1485 3334 1539 Tunc
3374 1495 3557 1554 partes
3582 1500 3611 1539 a
3632 1485 3811 1555 judice

2237 1578 2303 1633 ad
2328 1578 2602 1633 civitatem
2633 1575 2877 1631 deductae
2904 1590 3093 1630 causas
3124 1575 3369 1645 pr0prias
3393 1576 3811 1646 proloquunittr;

2238 1672 2620 1741 inventumque
2646 1678 2778 1725 esta
2824 1669 3118 1739 judicibus,
3153 1678 3213 1723 ut
3244 1669 3333 1739 qui
3360 1669 3549 1723 nolens
3570 1670 3814 1738 accipere

547 1772 687 1841 digni
719 1772 833 1826 sitis
859 1783 1079 1841 regnum
1128 1768 1241 1833 Dei,
1275 1765 1391 1833 ipso
1421 1763 1646 1818 Domino
1693 1761 1976 1827 tribuente,
2008 1774 2127 1828 per-
2158 1777 2205 1837 Β
2233 1768 2376 1835 prius
2403 1764 2845 1834 compositionem
2902 1764 3091 1818 domos
3127 1763 3386 1818 incendiis
3434 1765 3665 1830 tradidit,
3700 1781 3813 1819 me-

547 1866 742 1932 cipere.
776 1862 867 1917 Sic
893 1862 1033 1915 enim
1066 1859 1181 1928 ipse
1202 1860 1278 1912 ait
1306 1874 1321 1914 :
1352 1856 1496 1910 Beati
1523 1854 1754 1924 paciﬁci,
1780 1853 2023 1922 quoniam
2050 1852 2125 1921 ip-

547 1969 715 2007 sorum
744 1964 813 2007 est
843 1968 1054 2021 regnum
1078 1949 1321 2004 caelorum
1353 1946 1565 2018 (Matth.
1600 1962 1651 2011 v,
1677 1944 1757 2013 9).
1790 1944 1932 1999 Ecce
1957 1943 2122 2007 enim,

546 2044 640 2098 etsi
668 2044 741 2096 illi
769 2043 857 2111 qui
872 2056 1025 2095 noxae
1053 2040 1509 2108 subditur,minor
1535 2046 1615 2092 est
1638 2035 1880 2100 facultas,
1904 2043 2126 2103 argento

547 2136 781 2189 ecclesiae
808 2135 1099 2188 redimetur
1133 2151 1143 2184 :
1180 2132 1390 2209 interim
1431 2132 1609 2183 anima
1636 2128 1735 2181 viri
1786 2143 1888 2181 non
1924 2133 2125 2194 pereat.

548 2228 609 2282 Et
640 2229 751 2281 luec
794 2229 999 2291 dicens,
1030 2226 1198 2279 obtuli
1245 2234 1524 2293 argentum
1582 2222 1860 2285 ecclesiae;
1887 2219 1981 2273 sed
2007 2234 2130 2288 pars

549 2318 958 2381 Citramnisindi,
985 2332 1101 2384 qua:
1124 2325 1351 2369 mortem
1378 2318 1541 2383 patris
1568 2315 1852 2382 fratrisque
1876 2322 1929 2367 et
1955 2311 2126 2380 patrui

550 2409 873 2477 requirebat,
906 2410 1152 2477 accipere
1182 2408 1349 2461 noluit
1382 2415 1427 2459 ⁸.
1458 2408 1548 2460 llis
1586 2405 2009 2469 discedentibus,
2040 2404 2123 2458 Si-

551 2501 757 2553 :liarius
789 2502 891 2555 iter
915 2511 972 2554 ut
1006 2501 1071 2553 ad
1101 2515 1280 2570 regem
1325 2500 1622 2554 ambularet
1662 2510 1944 2569 praeparat,
1978 2508 2031 2552 et
2057 2497 2127 2553 ob

551 2591 650 2643 hoc
673 2591 946 2645 Pictavum
982 2590 1048 2644 ad
1093 2606 1314 2645 uxorem
1367 2591 1687 2645 cernendam
1741 2590 2121 2658 proﬁciscitur.

2235 1858 2487 1911 dietatem
2514 1856 2693 1924 pretii,
2717 1855 2857 1925 quod
2887 1855 2935 1910 ei
2967 1855 3142 1910 fuerat
3166 1856 3489 1925 judicatum,
3520 1856 3813 1912 amitteret.

2236 1949 2303 2003 Et
2334 1951 2433 2002 hoc
2463 1957 2647 2002 contra
2675 1949 2818 2016 leges
2853 1957 3047 2011 actum,
3068 1957 3124 2001 ut
3150 1956 3350 2001 tantum
3381 1949 3590 2017 paciﬁci
3618 1949 3812 2003 redde-

2235 2051 2441 2105 rentur,
2475 2041 2631 2095 aliam
2662 2055 2789 2095 vero
2819 2040 3158 2094 medietatem
3190 2040 3597 2108 compositionis
3626 2039 3814 2095 Siciia-

2234 2134 2348 2187 rius
2376 2131 2646 2186 redderet.
2674 2131 2823 2184 Tunc
2861 2130 2985 2184 dato
3023 2130 3091 2184 ab
3146 2132 3371 2186 ecclesia
3428 2140 3666 2202 argento,
3692 2146 3812 2201 qua:

2232 2222 2605 2292 judicaverant
2651 2232 2868 2291 accepta
2918 2222 3205 2277 securitate
3235 2222 3262 2260 ι’
3290 2235 3637 2292 componunt,
3672 2225 3812 2278 datis

2231 2314 2332 2368 sibi
2364 2322 2541 2381 partes
2588 2313 2815 2367 invicem
2872 2314 3243 2380 sacramentis,
3278 2324 3334 2367 ut
3380 2315 3528 2369 nullo
3578 2332 3810 2384 unquam

2232 2413 2471 2474 tempore
2524 2413 2710 2460 contra
2739 2406 2960 2459 alteram
3010 2420 3131 2474 pars
3182 2408 3346 2460 altera
3381 2408 3729 2463 ntussitaret:
3761 2421 3813 2463 et

2230 2498 2308 2553 sic
2330 2497 2607 2551 altercatio
2635 2497 2920 2551 terminum
2953 2497 3099 2552 fecit.

856 2813 1208 2887 373-374
1305 2790 1911 2875 INCIPIUNT
1971 2785 2567 2871 CAPITULA
2622 2785 2933 2869 LIBRI
2982 2783 3448 2872 OCTAVI.

552 2971 599 3026 I.
649 2971 720 3024 De
751 2986 809 3025 eo
838 2973 976 3041 quod
1003 2988 1095 3025 rex
1120 2970 1409 3025 Aurelianis
1438 2974 1592 3027 venit.

553 3041 627 3113 II.
671 3040 903 3113 Qualiter
930 3043 977 3095 ei
1005 3044 1225 3110 episcopi
1257 3047 1582 3109 pra’sentati;
1613 3054 1659 3098 et
1687 3043 1907 3113 qualiter
1936 3040 2045 3111 ipse
2067 3041 2353 3094 conuiuium
2381 3050 2707 3110 praeparavit.

553 3111 665 3168 ΠΙ.
706 3112 785 3167 De
810 3116 1132 3177 cantoribus,
1162 3126 1208 3167 et
1238 3126 1446 3181 argento
1474 3116 1527 3169 Μ
1535 3111 1765 3169 ummoli.

552 3185 655 3239 IV.
698 3185 834 3238 Laus
865 3184 1170 3237 Childebcrti
1196 3186 1349 3253 regis.

556 3255 631 3324 νε
665 3255 742 3308 De
770 3254 1045 3307 visionibus
1072 3271 1201 3324 quas
1232 3251 1347 3317 rex,
1376 3256 1453 3307 vel
1482 3273 1571 3309 nos
1598 3258 1660 3309 de
1682 3253 1969 3324 Chilperico
1992 3251 2230 3306 vidimus.

554 3323 654 3378 VI.
699 3324 775 3377 De
804 3326 865 3376 iis
895 3341 1020 3392 quos
1048 3323 1477 3390 prresentavimus.

552 3394 688 3449 VII.
734 3395 810 3448 De
832 3394 1077 3448 Palladio
1098 3396 1354 3464 episc0po,
1385 3397 1602 3464 qualiter
1633 3398 1819 3451 Missas
1852 3395 2005 3448 dixit.

554 3464 725 3520 VIII.
772 3465 847 3518 De
872 3467 1033 3536 signis
1062 3468 1298 3520 ostensis.

551 3538 654 3592 IX.
698 3537 774 3590 De
800 3535 1118 3591 sacramento
1145 3552 1237 3606 pro
1266 3537 1375 3605 ﬁlio
1403 3535 1677 3606 Chilpm’ici
1709 3537 1851 3589 dato.

551 3605 620 3664 X.
662 3607 739 3661 De
767 3608 1061 3675 corporibus
1093 3605 1381 3661 Merovechi
1409 3618 1456 3659 et
1484 3607 1847 3662 Gltlodoveclti.

552 3678 656 3735 XI.
701 3681 777 3742 De
802 3679 1025 3731 ostiariis
1055 3686 1102 3732 et
1131 3679 1339 3731 interitu
1368 3677 1573 3731 Boanti.

552 3749 691 3805 XII.
733 3748 812 3802 De
842 3748 1109 3803 Theodoro
1137 3749 1391 3819 episwpo,
1424 3759 1471 3801 et
1493 3751 1647 3819 plaga
1678 3764 1830 3817 super
1862 3746 2188 3819 Ratharrunt.

1198 3818 1517 3873 antchramni
1545 3818 1613 3873 ad
1640 3820 2015 3875 Childebertum
2046 3818 2260 3873 directa.

551 3820 728 3876 XIII.
772 3820 847 3874 De
873 3821 1125 3890 legatione

552 3891 714 3947 XIV.
755 3890 832 3944 De
861 3891 1087 3961 periculo
1118 3892 1166 3943 in

554 3962 681 4018 XV.
722 3961 800 4015 De
827 3962 1147 4015 conversione
1180 3962 1409 4029 Ulﬁlaici
1434 3964 1656 4016 ataconi.

552 4033 713 4089 XVI.
759 4033 885 4099 Quae
914 4034 977 4086 de
1001 4034 1275 4087 virtutibus
1301 4034 1463 4086 sancti
1490 4033 1704 4088 Martini
1730 4033 1906 4089 retulit

553 4102 747 4174 XVII.
786 4104 861 4157 De
884 4106 1041 4174 signis
1067 4120 1179 4172 qua:
1202 4114 1565 4174 apparuerunt.

1197 3892 1425 3960 ﬂumine.

553 4173 778 4230 XVIII.
824 4168 972 4241 Quo'd
997 4168 1351 4228 Childebe'r'tus
1379 4176 1431 4225 in
1461 4171 1673 4228 Italiam
1702 4175 1889 4228 direxit
1920 4173 2217 4239 exercitum,
2250 4178 2296 4225 et
2319 4174 2407 4237 qul
2430 4171 2583 4225 duces
2609 4170 2681 4224 vel
2707 4172 2911 4226 comites
2946 4179 3036 4225 aut
3062 4170 3281 4225 instituti
3311 4180 3468 4240 sunt,
3498 4182 3589 4225 aut
3615 4168 3799 4227 tentati.

553 4246 709 4301 XIX.
755 4245 829 4299 De
859 4246 1063 4298 interitu
1098 4245 1303 4313 Dugul/i
1326 4244 1540 4298 abbatis.

552 4317 676 4371 XX.
722 4316 847 4383 Qua:
871 4318 923 4368 in
953 4318 1146 4385 synodo
1173 4316 1466 4369 Matiscensi
1495 4327 1611 4367 aeta
1639 4325 1777 4367 sunt.

554 4387 712 4442 XXI.
759 4388 831 4439 De
860 4383 1050 4457 placito
1075 4389 1127 4439 in
1154 4386 1509 4450 Belsonnaco;
1540 4386 1676 4457 etde
1697 4383 1932 4457 sepulcro
1959 4384 2171 4437 violato.

554 4457 746 4512 XXII.
793 4454 868 4527 De
896 4459 1030 4511 obitu
1058 4459 1431 4527 episc0porum,
1462 4466 1508 4508 et
1542 4454 1865 4510 Wandelini.

553 4527 778 4583 XXIII.
823 4526 897 4580 De
927 4527 1150 4581 diluviis.

552 4598 767 4654 XXIV.
814 4595 886 4649 De
915 4600 1095 4652 insulis
1123 4600 1301 4652 maris.

550 4670 656 4741 X
777 4667 854 4741 De
880 4666 1052 4741 insula
1078 4669 1136 4741 in,
1157 4686 1259 4739 qua
1287 4669 1493 4741 sanguis
1522 4668 1785 4738 apparuit.

554 4740 655 4795 XX
674 4737 766 4792 VI.
810 4738 887 4792 De
916 4737 1273 4806 Eberulfo’qui
1302 4737 1410 4794 dua:
1438 4741 1556 4807 fuit.

553 4810 654 4866 XX
667 4807 800 4865 VII.
845 4810 993 4875 Quod
1022 4807 1317 4864 Desiderius
1348 4812 1417 4863 ad
1442 4827 1609 4879 regem
1637 4809 1785 4863 abiit.

552 4882 653 4937 XX
670 4879 832 4934 VIII.
880 4880 952 4934 De
978 4879 1361 4952 I_I_ermenigildo
1389 4892 1434 4936 et
1462 4877 1524 4933 de
1554 4880 1809 4952 Ingunde,
1838 4880 1915 4933 vel
1942 4881 2003 4934 de
2028 4880 2206 4951 legatis
2232 4878 2584 4951 Hispanorum
2610 4879 2745 4933 clam
2772 4879 2840 4932 ad
2866 4877 3255 4952 Fredegundem
3281 4882 3476 4936 missis.

552 4953 764 5007 XXIX.
810 4952 959 5017 Quod
988 4948 1345 5017 Fredegu’ndis
1375 4953 1542 5016 misit,
1572 4948 1658 5021 qui
1682 4948 2423 5022 Cltildebertuminterﬁceret.

551 5024 728 5077 XXX.
775 5024 922 5091 Quod
947 5024 1199 5077 exercitus
1229 5023 1282 5075 iu
1314 5023 1688 5091 Septimaniam
1716 5024 1861 5075 abiit.

550 5093 762 5147 XXXI.
806 5095 882 5146 De
912 5094 1263 5163 interfectione
1292 5091 1592 5147 Prretextati
1617 5096 1861 5161 episcopi.

551 5164 796 5219 XXXII.
838 5166 914 5219 De
944 5164 1150 5219 interitu
1173 5163 1439 5219 Domnola:
1467 5167 1645 5219 uxoris
1673 5164 1927 5219 Nectarii.

625 5298 853 5355 ‘lnlioc
888 5304 1065 5372 capite
1115 5309 1169 5356 et
1216 5300 1268 5353 in
1303 5299 1438 5372 aliis
1484 5298 1645 5353 variis
1694 5297 2119 5372 Gregoriilocis

552 5372 793 5437 exempla
852 5369 1113 5429 habentur
1174 5371 1414 5440 pessima:
1450 5370 1850 5425 consuetudinis
1896 5369 2121 5440 inimici-

552 5444 655 5495 tias
687 5439 914 5507 privatas
964 5443 1128 5498 armis
1169 5439 1542 5509 persequendi,
1572 5457 1691 5509 qtae
1746 5442 1998 5508 principis
2020 5439 2118 5493 im-

552 5512 724 5580 periti,
755 5522 847 5563 aut
884 5513 1055 5582 legum
1102 5514 1413 5566 auctoritate
1442 5515 1660 5582 omnino
1710 5526 1828 5582 non
1870 5510 2119 5576 prohibe-

552 5585 706 5636 batur
745 5582 879 5650 apud
932 5580 1189 5643 Francos,
1237 5581 1482 5648 quamvis
1511 5582 1671 5634 certis
1724 5580 1915 5635 ﬁnibus
1965 5596 2119 5635 coer-

552 5657 654 5708 cita
711 5662 874 5707 esset.
928 5655 981 5706 Si
1035 5654 1210 5719 itaque
1262 5652 1437 5718 quivis
1479 5658 1573 5703 aut
1628 5651 1969 5715 vulneratus,
2025 5658 2118 5704 aut

548 5732 698 5783 certe
744 5724 951 5780 occisus
999 5718 1205 5788 luisset,
1236 5729 1362 5775 tunc
1418 5720 1696 5789 propinqui
1743 5718 1883 5777 illius
1906 5729 1961 5776 et
1999 5720 2114 5777 aiﬁ-

2227 5311 2346 5377 nes,
2370 5311 2463 5350 seu
2486 5306 2540 5377 et
2566 5297 2721 5377 amici
2765 5299 3047 5377 inmunnm
3099 5302 3518 5377 conveniebant,
3568 5301 3795 5377 injuriath

2226 5369 2276 5421 vi
2308 5370 2545 5422 etartnis
2569 5371 2745 5422 ulturi.
2784 5369 2912 5424 Vide
2943 5368 3229 5426 formulam
3286 5373 3354 5427 18
3377 5376 3473 5429 lib.
3502 5368 3517 5429 ἰ
3559 5368 3798 5432 marculﬁ,

2225 5450 2284 5511 e_t
2322 5440 2573 5511 liiguuuii
2642 5449 2814 5493 notas.
2864 5440 2989 5495 Haec
3038 5457 3198 5510 prava
3251 5449 3625 5511 consuetudo,
3673 5444 3793 5497 dicta

2228 5508 2440 5634 fmilia}
2467 5511 2661 5633 saepius
2693 5514 2743 5563 in
2801 5508 3183 5579 capitularibus
3241 5530 3431 5586 regum
3472 5508 3792 5587 postmodum

2261 5596 2290 5634 e
2317 5598 2327 5632 ι
2357 5596 2383 5632 a
2440 5597 2490 5634 tu
2520 5616 2535 5631 .

2225 5590 2383 5635 VCllla
2418 5590 2535 5634 1⁷1111..

2297 5650 2619 5732 Ilii-Sitismodi
2653 5651 2958 5732 securitatis
3008 5654 3239 5711 formula
3268 5667 3453 5713 exstat
3502 5659 3638 5732 apud
3668 5655 3791 5713 Mar-

2224 5720 2353 5778 culi.
2384 5722 2567 5795 [ilbi],
2599 5739 2718 5792 cap.
2750 5722 2833 5777 18.
