3942 6190
112 254 191 305 M9

112 359 350 423 XXXIII.
388 355 465 412 De
490 350 727 409 incendio
755 345 896 401 urbis
916 343 1227 423 _I’aristaca:.

112 417 260 493 Ι
279 433 332 486 γ.
372 430 447 482 De
476 423 723 493 reclansis
748 417 974 473 tentutis.

114 491 303 564 XXXV.
345 499 419 554 De
447 497 623 567 legatis
652 491 1026 567 Hispanorum.

247 556 331 629 VI.
371 571 449 625 De
476 556 678 621 interitu
705 556 1060 634 Magnovatdi.

420 638 569 707 Quod
595 626 923 707 Ciltildeb'e‘rto
951 626 1093 707 [ilius
1122 630 1267 674 natus
1294 626 1385 671 est.

424 691 587 777 ’διιοά
618 702 842 777 Hispani
866 700 919 752 in
946 691 1141 749 Gallias
1169 691 1527 761 proruperunt.

116 787 334 843 XXXIX.
373 782 448 838 De
464 776 607 834 iobitu
639 776 1010 842 episcOporum.

116 860 201 914 XL.
238 860 303 912 De
328 852 537 921 Pelagia
566 846 848 921 Iuronico.

361 901 538 992 ιξῖἧᾶί
568 901 937 992 I’rwtextatum
960 909 1258 992 episcOpum
1286 901 1668 968 interfecerunt.

298 980 441 1065 Quod
461 980 790 1065 'Bipgpolenus
817 984 927 1037 dux
951 980 1103 1065 ﬂatus
1134 985 1228 1065 est:

117 1070 292 1125 XLIII.
331 1065 475 1133 Quod

980 220 1296 280 HISTORIA
1338 206 1780 272 FRANCOBUM.
1823 201 2023 258 LIBER
2063 191 2400 254 OCTAVUS.

3250 189 3373 247 450

562 1016 570 1042 Ι
665 1016 725 1041 τη
817 1016 927 1037 "uult
954 1016 1103 1031 μυιιιυ
1134 1016 1228 1027 ν-.-

562 1016 916 1114 ἱεέἶιιεατδεειοι*
943 1048 1232 1104 Prouincia:
1260 1040 1550 1114 ordinatur,
1582 1042 1627 1086 et
1649 1032 1716 1114 de
1738 1029 1802 1082 iis
1830 1042 1941 1098 qua:
1972 1022 2221 1078 Antistius
2251 1016 2425 1089 gessit.

314 1101 475 1192 Ife“;
498 1101 1244 1203 διιῖνιῖξνᾷἓιιιῗξιξιιᾷιιζαιηηιιηι
1273 1109 1558 1179 interﬁcere
1578 1101 1760 1158 voluit.

269 1193 356 1264 De
384 1193 598 1261 interitu
631 1193 882 1254 D'esiderii
910 1193 1080 1266 ducis.

122 1262 391 1338 XZVIXDe
412 1277 555 1333 obitu
589 1267 915 1326 Leuvichitdi
942 1262 1097 1333 regis.

133 1386 3320 1464 ___________________________..._____————————___

1012 1550 1480 1668 LIBER
1565 1540 2006 1651 ΟΟΤΑ
2033 1532 2361 1654 VU'S.

176 1811 308 1882 375
336 1806 372 1860 Ι.
401 1804 571 1871 Igitur
599 1792 1034 1855 Guntchramnus
1079 1798 1172 1839 rex
1206 1795 1348 1836 anno
1393 1776 1650 1848 vigesimo
1680 1775 1725 1834 Α

128 1915 276 1973 quarto
302 1900 439 1971 regni
470 1896 556 1951 sui
589 1893 657 1947 de
681 1886 961 1945 Cabillono
993 1888 1330 1950 progressus,
1359 1871 1656 1926 Nivernen-

130 1969 216 2052 sem
256 1969 423 2050 urbem
456 1984 788 2060 aggreditur.
817 1977 1072 2032 Invitatus
1115 1969 1255 2024 enim

130 2089 267 2144 niebat
300 2095 351 2140 ut
378 2056 671 2147 Chilperici
694 2073 880 2133 ﬁlium,
899 2081 1056 2138 quem
1072 2064 1178 2129 iam
1194 2056 1554 2115 Chlotharinm
1568 2064 1662 2108 vo-

131 2184 301 2248 citabat,
317 2195 342 2232 a
363 2192 515 2234 sacro
536 2163 961 2242 regenerationis
983 2161 1125 2213 fonte
1143 2154 1363 2210 deberet
1382 2149 1631 2215 excipere
1647 2183 1660 2197 .

135 2273 361 2342 Digressus
398 2282 527 2322 vero
575 2278 604 2318 a
646 2260 881 2315 Niverno
911 2252 980 2306 ad
1007 2247 1447 2305 Aurelianensem
1476 2238 1663 2291 urbem

135 2367 246 2419 venit
295 2374 537 2431 magnum
583 2370 643 2409 se
683 2362 805 2406 tunc
833 2346 1041 2403 civibus
1081 2339 1193 2396 suis
1234 2335 1499 2408 praebens.
1534 2329 1664 2383 Nam

137 2470 206 2523 per
223 2421 403 2509 domosv
423 2464 617 2508 eorum
661 2444 918 2499 invitatus
963 2435 1176 2498 adibat,
1209 2439 1264 2486 et
1293 2425 1515 2498 prandia
1546 2421 1669 2476 data

138 2549 288 2601 libabat
312 2564 326 2602 :
354 2544 587 2599 multum
612 2537 679 2591 ab
710 2535 795 2588 his
824 2536 1158 2593 muneratus,
1184 2530 1509 2587 muneraque
1538 2512 1668 2584 ipsis

138 2637 296 2703 proﬂua
330 2635 664 2699 benignitate
694 2627 914 2696 largitus
942 2630 1046 2676 est.
1089 2615 1197 2673 Sed
1236 2626 1358 2667 cum
1388 2608 1454 2662 ad
1481 2607 1668 2662 urbem

140 2731 525 2785 Aurelianensem
560 2722 827 2782 venisset,
854 2724 969 2769 erat
993 2726 1054 2766 ea
1079 2707 1168 2763 die
1197 2701 1506 2760 solemnitas
1536 2692 1674 2750 beati

140 2823 324 2887 Martini,
353 2822 401 2876 id
432 2829 513 2873 est
541 2819 743 2884 quarto
782 2808 961 2863 Nonas
1008 2797 1212 2857 mensis
1258 2792 1431 2864 quinti
1454 2799 1503 2844 η.
1543 2787 1675 2842 Pro-

141 2918 359 2984 cessitque
384 2914 433 2966 in
467 2908 694 2966 obviam
722 2904 838 2971 ejus
868 2900 1131 2953 immensa
1161 2886 1340 2958 populi
1366 2883 1517 2939 turba
1553 2893 1676 2934 cum

145 2974 436 3077 signisatque
466 2998 710 3063 vexillis,
738 2998 991 3047 canentes
1012 2983 1216 3039 laudes.
1252 2982 1315 3032 Et
1339 2976 1469 3030 hinc
1501 2974 1679 3041 lingua

149 3101 388 3173 Syrorum,
422 3099 547 3154 hinc
591 3092 907 3148 Latinorum
929 3126 945 3150 ,
978 3081 1103 3136 hinc
1131 3077 1293 3133 etiam
1327 3075 1561 3143 ipsorum
1588 3066 1681 3122 Ju-

150 3196 364 3260 deorum,
393 3194 443 3247 in
472 3188 709 3247 diversis
741 3180 988 3236 laudibus
1019 3174 1164 3228 varie
1189 3164 1577 3236 concrepabat,
1603 3160 1679 3214 di-

151 3301 277 3340 cens:
304 3285 450 3340 Vivat
478 3297 605 3344 rex,
637 3284 971 3345 regnumque
996 3264 1114 3336 ejus
1135 3264 1186 3318 in
1218 3258 1445 3316 diversis
1477 3251 1683 3324 populis

152 3379 270 3432 annis
310 3374 599 3431 innumeris
650 3369 923 3423 dilatetur.
966 3358 1135 3415 Judtei
1167 3370 1332 3419 vero,
1374 3350 1465 3420 qui
1510 3349 1560 3401 in
1603 3345 1685 3399 his

153 3469 352 3525 laudibus
370 3469 690 3524 videbantur
711 3474 828 3514 esse
848 3454 1153 3528 participes,
1180 3448 1462 3503 dicebant:
1486 3442 1685 3497 Omnes

154 3573 301 3629 gentes
323 3573 369 3618 te
394 3562 621 3616 adorent
654 3553 818 3624 376
846 3550 1050 3617 tibique
1082 3557 1223 3613 genu
1250 3540 1497 3602 ﬂectant,
1526 3546 1687 3603 atque

158 3626 226 3710 tibi
246 3656 335 3711 sint
361 3654 608 3710 subditae.
640 3646 795 3703 Unde
828 3643 1022 3696 factum
1050 3646 1153 3704 est,
1184 3644 1239 3687 ut
1260 3630 1540 3686 celebratis
1567 3626 1693 3681 Mis-

157 3749 228 3810 sis,
253 3762 359 3801 cutn
386 3762 475 3801 rex
516 3743 584 3797 ad
635 3733 939 3792 convivium
984 3728 1284 3789 resideret,
1324 3721 1564 3776 diceret:
1596 3716 1691 3771 Va:

156 3840 267 3905 genti
290 3838 548 3899 Judaicae,
584 3831 743 3887 mala:
768 3836 821 3882 et
855 3821 1073 3894 perﬁdae
1093 3860 1107 3881 ,
1138 3832 1201 3870 ac
1227 3812 1452 3870 subdolo
1482 3823 1694 3869 semper

158 3943 283 3986 sensu
310 3931 518 3986 viventi.
543 3927 631 3983 Ob
663 3923 765 3977 hoc
802 3915 943 3971 enim
973 3911 1132 3976 mihi,
1165 3907 1367 3976 inquit,
1393 3902 1551 3957 hodie
1582 3914 1697 3952 .au-

160 4024 233 4076 des
270 4024 582 4079 adulatorias
634 4008 1005 4070 acclamabat,
1038 4012 1093 4057 ut
1136 4014 1221 4054 me
1261 4003 1466 4052 cuncta:
1510 4000 1696 4062 gentes

159 4117 277 4182 quasi
309 4115 576 4171 dominum
638 4106 947 4162 adorarent,
1002 4102 1060 4149 ut
1113 4101 1434 4164 synagogam
1474 4096 1695 4145 eorum,

159 4178 251 4274 qua
272 4206 460 4261 dudum
508 4217 539 4257 a
580 4192 907 4256 Christianis
938 4186 1111 4241 diruta
1156 4190 1271 4246 est,
1314 4178 1557 4248 juberem
1594 4186 1698 4241 ope

159 4272 331 4367 publica
355 4292 623 4352 sublevari
653 4307 666 4343 :
699 4285 840 4357 quod
870 4279 1145 4337 inhibente
1168 4272 1393 4327 Domino
1424 4280 1698 4334 nunquam

161 4356 232 4443 ero
254 4391 493 4446 facturus.
517 4386 561 4441 Ο
585 4356 772 4450 regem
803 4368 1107 4430 admirabili
1138 4363 1414 4437 prudentia
1449 4360 1651 4414 clarum
1679 4356 1692 4410 !

161 4482 229 4536 Sic
254 4482 497 4538 intellexit
526 4473 871 4533 dolositatem
902 4462 1295 4523 hazreticorum,
1331 4464 1389 4508 ut
1414 4453 1464 4508 ei
1493 4450 1702 4516 penitus

162 4586 245 4627 non
269 4575 493 4629 valerent
520 4565 841 4635 subripere,
873 4571 991 4629 qua)
1022 4559 1178 4610 erant
1208 4545 1546 4618 postmodum
1583 4556 1644 4595 su

162 4670 346 4733 gesturi.
372 4667 485 4722 lam
514 4664 662 4720 enim
700 4654 969 4712 mediante
1014 4645 1172 4716 epulo
1220 4657 1314 4697 rex
1364 4639 1573 4693 locutus
1620 4643 1703 4688 est

166 4761 488 4814 sacerdotibus
515 4754 610 4827 qui
635 4750 900 4810 aderant,
932 4741 1118 4796 dicens
1147 4752 1162 4790 :
1193 4735 1344 4803 Rogo
1376 4740 1433 4784 ut
1458 4730 1511 4783 in
1541 4727 1703 4781 domo

167 4862 259 4903 mea
284 4852 505 4905 crastina
535 4848 627 4902 die
648 4848 882 4898 vestram
912 4842 1221 4905 promerear
1248 4820 1700 4883 benedictionem,

168 4938 328 5010 latque
351 4942 473 4996 mihi
500 4934 733 5005 salus'in
762 4930 1011 4999 ingressu
1040 4929 1219 4977 vestro
1239 4958 1254 4984 ,
1278 4923 1338 4970 ut
1366 4929 1433 4968 ex
1473 4912 1576 4965 hoc
1608 4909 1708 4963 sal-

168 5044 245 5086 vus
265 5034 393 5099 liam,
415 5048 534 5088 cum
563 5042 727 5096 super
748 5037 834 5077 nte
864 5016 1118 5073 humilem
1146 5018 1446 5071 vestrarum
1486 5000 1708 5057 benedi-

170 5125 366 5181 ctiouum
392 5126 550 5182 verba
579 5115 924 5177 deduxerint.
971 5109 1099 5163 Haec
1140 5118 1207 5160 eo
1245 5101 1492 5165 dicente,
1522 5106 1711 5149 omnes

171 5219 337 5285 gratias
361 5230 577 5289 agentes
611 5211 769 5282 epulo
799 5206 1015 5275 expleto
1041 5195 1394 5254 surreximus.

229 5308 282 5363 ll.
309 5309 453 5365 Mane
471 5317 652 5364 autem
675 5303 834 5367 iacto,
858 5296 987 5351 dum
1005 5306 1101 5347 rex
1124 5290 1239 5344 loca
1262 5290 1569 5340 sanctorum
1593 5290 1714 5331 ora-

240 5494 261 5521 “
286 5488 486 5541 Festum
516 5480 908 5540 Translationis
939 5475 1229 5545 ejus,rquae
1260 5465 1420 5520 etiam
1443 5474 1585 5516 nunc
1618 5473 1713 5513 ce-

181 5551 380 5626 lebratur
408 5562 503 5613 hac
532 5561 647 5626 ipsa
675 5556 765 5609 die
789 5544 981 5626 quarta,
1000 5544 1149 5599 Julii.

241 5598 768 5683 ῖῑὶἵὶιιὶἓῖἷιιέἓιιῖτῖἷι
792 5598 1198 5675 ’ἀῖιιιέιιὲέονυιιῃ
1228 5623 1346 5683 cap.
1369 5602 1458 5666 99,
1487 5598 1714 5681 Basilica

183 5692 234 5749 ς.
259 5697 380 5753 Aviti
409 5671 891 5767 hodiequevpers'tnt
917 5702 1042 5744 cum
1064 5671 1712 5751 collegio'canonicorutn,
1735 5744 1742 5748 _

1754 1769 1915 1825 tionis
1946 1766 2114 1838 gratia
2140 1762 2400 1827 visitaret,
2432 1758 2497 1813 ad
2531 1764 2784 1811 metatum
2819 1762 3059 1807 nostrum
3088 1749 3326 1805 advenit.

1762 1862 1891 1917 Erat
1915 1859 2056 1914 enim
2084 1856 2155 1910 ibi
2182 1852 2395 1907 basilica
2424 1849 2593 1903 sancti
2622 1845 2765 1901 Aviti
2788 1844 3019 1909 abbatis,
3051 1843 3207 1913 377
3239 1855 3334 1893 cu-

1304 1963 1541 2021 Parisios
1567 1973 1659 2013 ve-
1758 1952 1846 2023 jus
1898 1951 1953 2004 in
2005 1948 2142 2003 libro
2196 1942 2573 2000 Miraculorum
2624 1937 2966 1992 meminimus
3007 1933 3056 1987 δ.
3110 1928 3335 1988 Surrexi

1763 2043 1976 2116 gavisus
2001 2085 2015 2110 ,
2048 2038 2237 2105 fateor,
2264 2035 2330 2090 ad
2362 2045 2643 2090 occursum
2675 2030 2791 2099 ejus
2812 2068 2828 2094 ,
2858 2037 2912 2081 et
2936 2026 3058 2081 data
3094 2023 3341 2077 oratione

1765 2137 2045 2206 deprecor,
2077 2129 2211 2184 utin
2247 2125 2523 2203 mansione
2545 2136 2663 2176 mea
2691 2118 2929 2189 eulogias
2960 2118 3099 2172 beati
3124 2112 3337 2168 Martini

1766 2205 2076 2298 dignaretur
2095 2216 2527 2291 accipere.Quod
2554 2214 2647 2270 ille
2672 2229 2774 2267 non
2801 2225 3078 2280 respuens,
3104 2205 3337 2273 benigno

1768 2319 1948 2374 animo
1978 2317 2273 2385 ingressus,
2303 2309 2494 2363 hausto
2519 2304 2732 2374 poculo,
2762 2299 3046 2354 admonitis
3092 2297 3246 2352 nobis
3275 2292 3344 2346 ad

1770 2405 2092 2469 convivium,
2123 2404 2275 2457 laetus
2297 2396 2577 2453 abscessit.
2594 2393 2745 2449 Tunc
2769 2390 3183 2446 Bertchramnus
3208 2385 3338 2438 Bur-

1772 2498 2076 2571 degalensis
2115 2496 2397 2565 episcopus
2430 2504 2549 2544 cum
2595 2484 2834 2542 Palladio
2876 2481 3168 2539 Santonico
3194 2477 3352 2531 valde

1777 2595 1890 2665 regi
1920 2591 2161 2647 infensus
2190 2592 2324 2648 erat.
2357 2599 2451 2654 pro
2478 2580 2821 2648 susceptione
2861 2571 3191 2629 Gnndovaldi
3214 2611 3228 2634 ,
3257 2585 3354 2623 cu-

1771 2664 1859 2759 jus
1882 2700 2045 2755 supra
2074 2679 2414 2736 meminimus
2446 2673 2584 2745 (Lib.
2616 2688 2709 2737 vn,
2732 2688 2845 2740 cap.
2872 2667 2995 2737 51);
3028 2666 3121 2721 sed
3148 2673 3203 2719 et
3227 2664 3350 2717 Pal-

1778 2779 1950 2834 ladius
1977 2776 2259 2846 episcopus
2283 2770 2352 2825 ob
2376 2769 2477 2822 hoc
2507 2764 2742 2820 maxime
2766 2761 2905 2830 regis
2930 2760 3063 2811 iram
3103 2756 3349 2810 incurre-

1776 2877 1881 2934 rat,
1904 2845 2043 2937 quod
2071 2864 2119 2918 ei
2146 2861 2339 2931 smpius
2371 2855 2606 2911 fallacias
2627 2852 2913 2907 intulisset.
2946 2847 3183 2901 Discussi
3209 2845 3354 2900 enim

1780 2970 1905 3015 ante
1934 2956 2203 3026 paululum
2235 2953 2441 3005 fuerant
2481 2947 2549 3001 ab
2574 2944 2794 3014 reliquis
2824 2941 3088 3011 episcopis
3124 2947 3179 2992 et
3216 2938 3357 3004 Opti-

1781 3049 2012 3107 matibus
2052 3046 2224 3115 regis,
2255 3056 2349 3097 cur
2383 3034 2792 3093 Gundovaldum
2837 3030 3232 3100 suscepissent,
3264 3041 3360 3080 cur

1709 3150 1757 3212 B
1783 3142 2123 3199 Faustianum
2152 3147 2174 3175 ο
2204 3132 2368 3205 Aquis
2388 3132 2695 3200 episcopum
2718 3125 2781 3180 ad
2806 3121 3218 3194 prfeceptioiiem
3244 3118 3364 3186 ejus

1787 3235 2105 3292 levissimam
2135 3228 2492 3284 ordinassent.
2517 3220 2623 3277 Sed
2656 3219 2791 3272 hanc
2820 3229 3033 3270 causam
3065 3212 3363 3267 ordinatio-

1788 3327 1873 3383 nis
1896 3323 2161 3380 Palladius
2182 3318 2465 3389 episcopus
2486 3328 2516 3368 a
2542 3310 2924 3366 Bertchramno
2946 3304 3241 3368 metropole
3263 3317 3363 3355 suo

1788 3418 2058 3481 auferens,
2084 3428 2243 3482 super
2263 3426 2321 3465 se
2346 3404 2598 3471 devolvit,
2629 3403 2846 3461 dicens:
2876 3397 3026 3454 Oculi
3055 3396 3367 3465 metropolis

1784 3511 1897 3567 mei
1928 3508 2080 3563 valde
2108 3504 2386 3561 doloribus
2415 3499 2783 3561 arctabantur,
2818 3504 2868 3549 et
2900 3508 2999 3562 ego
3025 3490 3282 3559 spoliatus
3305 3497 3360 3541 et

1791 3610 2147 3670 contemptus,
2181 3596 2377 3651 invitus
2401 3595 2466 3647 ab
2494 3606 2559 3646 eo
2593 3590 2644 3643 in
2675 3602 2739 3643 es
2777 3588 2894 3641 loco
2928 3583 3185 3637 adductus
3224 3595 3363 3633 sum.

1794 3699 1908 3752 Non
1952 3694 2097 3763 potui
2140 3690 2281 3744 aliud
2324 3686 2501 3741 facere
2529 3728 2544 3752 ,
2592 3682 2694 3737 nisi
2722 3694 2841 3749 qua:
2872 3677 2963 3732 ille
2987 3720 3003 3745 ,
3031 3675 3121 3744 qui
3151 3687 3367 3728 omnem

1796 3788 2146 3860 principatum
2177 3781 2471 3836 Galliarum
2495 3790 2554 3829 se
2585 3774 2879 3827 testabatur
2902 3770 3168 3836 accipere,
3203 3764 3371 3830 impe-

1796 3879 1968 3935 rabat.
1992 3876 2125 3930 Cum
2156 3875 2269 3925 haec
2294 3870 2406 3938 regi
2439 3865 2677 3920 nuntiata
2724 3862 2977 3925 fuissent,
3025 3856 3177 3909 valde
3224 3869 3373 3907 corn-

1798 3981 1974 4028 motus
2004 3977 2106 4030 est,
2141 3966 2211 4018 ita
2246 3972 2305 4016 ut
2334 3964 2417 4014 vix
2449 3957 2676 4013 obtineri
2707 3960 2908 4024 posset,
2943 3962 3001 4004 ut
3030 3964 3125 4004 eos
3152 3948 3217 4001 ad
3244 3962 3373 4000 con-

1797 4063 1995 4119 vivium
2023 4058 2327 4115 advocaret,
2346 4064 2479 4121 quos
2501 4056 2657 4101 antea
2684 4059 2792 4098 non
2816 4042 3039 4097 viderat.
3059 4042 3367 4093 Introeunte

1812 4157 1997 4225 itaque
2024 4148 2442 4209 Bertchramno,
2476 4143 2767 4208 interrogat
2803 4150 2895 4191 rex
2926 4151 2937 4185 :
2967 4133 3132 4200 Quis,
3164 4131 3266 4197 ait,
3298 4139 3378 4184 est

1800 4246 1948 4303 iste?
1995 4244 2095 4298 Diu
2138 4240 2279 4295 enim
2329 4244 2446 4290 erat
2472 4230 2615 4303 quod
2661 4232 2727 4284 ab
2777 4244 2841 4284 eo
2872 4228 3016 4280 visus
3047 4238 3152 4277 non
3184 4220 3381 4276 fuerat.

1803 4341 2164 4403 Dixeruntque
2182 4350 2192 4384 :
2210 4330 2308 4386 ilic
2335 4336 2421 4382 est
2441 4324 2851 4380 Bertchramnus
2867 4315 3272 4388 Burdegalensis
3288 4330 3383 4368 ur-

1803 4434 1886 4489 bis
1914 4431 2221 4500 episcopus.
2248 4423 2345 4478 Cui
2370 4420 2492 4476 ille:
2515 4417 2745 4483 Gratias,
2772 4414 2964 4486 inquit,
2989 4410 3214 4482 agimus,
3240 4410 3382 4478 quod

1650 4556 1703 4608 g-
1729 4523 1773 4583 C
1806 4526 1886 4581 sic
1916 4521 2196 4579 custodisti
2244 4516 2402 4570 iidem
2446 4508 2778 4582 generationi
2808 4516 2931 4560 ture.
2975 4504 3124 4559 Scire
3152 4503 3294 4557 enim
3330 4512 3383 4554 te

1809 4628 2140 4690 Oportuerat,
2172 4609 2516 4668 dilectissime
2545 4613 2723 4676 pater,
2755 4599 2897 4672 quod
2929 4610 3118 4668 parens
3143 4609 3265 4648 eras
3288 4610 3388 4645 no.

1813 4714 1895 4769 bis
1923 4727 1988 4767 ex
2020 4716 2190 4763 matre
2215 4713 2394 4759 nostra
2416 4744 2432 4769 ,
2461 4708 2516 4754 et
2543 4710 2706 4767 Super
2738 4702 2951 4765 gentem
2983 4699 3126 4745 tuam
3160 4701 3265 4741 non
3297 4683 3389 4737 de-

1814 4805 2006 4859 bueras
2061 4801 2313 4853 inducere
2373 4800 2575 4863 pestem
2660 4797 2967 4844 cxtraneam
3051 4774 3367 4854 [Gundoval

1815 4896 1985 4968 dumi.
2017 4894 2254 4961 Cumque
2301 4888 2462 4954 talia,
2504 4894 2558 4940 et
2603 4884 2688 4938 his
2729 4881 2920 4936 similia
2974 4873 3392 4931 Bertchramnus

1816 4988 2071 5051 audisset,
2103 4996 2393 5038 conversus
2424 4978 2490 5032 ad
2518 4974 2813 5031 Palladium
2849 4985 2964 5034 rex,
2996 4967 3108 5027 ait;
3134 4961 3240 5016 Nec
3269 4960 3387 5025 ιίιη,

1818 5098 1850 5138 o
1880 5078 2078 5136 Palladi
2109 5076 2390 5145 episcopo,
2432 5071 2657 5125 nimium
2686 5075 2811 5120 sunt
2841 5062 3026 5132 gratiae
3069 5052 3390 5110 referendas.

1819 5172 2001 5231 Tertio
2038 5144 2182 5224 enim
2225 5165 2353 5219 mihi
2378 5204 2393 5228 ,
2426 5160 2567 5229 quod
2602 5162 2668 5211 de
2708 5156 2959 5225 episcopo
2998 5148 3102 5202 dici
3150 5144 3393 5212 iniquum

1820 5276 1938 5333 est,
1984 5260 2269 5334 pejeraSti,
2320 5257 2535 5311 mittens
2587 5251 2752 5322 378
2801 5245 3064 5301 indiculus
3112 5239 3397 5295 dolositate

1818 5449 1903 5506 cui
1932 5446 2236 5514 adjunctum
2269 5446 2352 5494 est
2379 5430 2726 5489 seminarium
2773 5427 2836 5482 ad
2864 5423 3140 5497 juniorum
3171 5417 3401 5476 clerico-

1820 5536 1938 5577 rutu
1971 5512 2358 5570 institutionem
2390 5521 2558 5577 nuper
2586 5516 2846 5577 erecutm.

1895 5563 1938 5630 ἴ
1959 5563 2295 5641 ὶῗὲι
2337 5563 2549 5652 Regm.,
2584 5572 3002 5629 Faustinianum.
3038 5563 3236 5623 Confer
3280 5575 3402 5618 cum

1820 5663 1915 5721 lib.
1948 5674 2041 5729 vn,
2072 5670 2191 5728 cap.
2223 5652 2312 5708 5t.
