3942 6190
103 220 185 273 ιῦῧ

996 209 1315 268 HISTORIA
1352 199 1804 263 FRANCORUM.
1848 200 2049 256 LIBER
2085 197 2426 256 OCTAVUS.

3212 186 3320 247 434

100 340 182 395 lisl
207 343 270 394 At
307 336 395 391 ille
443 333 840 405 obstupefactus
882 331 993 386 ait:
1022 332 1088 387 Et
1124 346 1242 401 quis
1269 338 1352 386 est
1387 330 1637 384 dominus
1663 324 1715 380 Α
1742 327 1956 375 Vitatem
1986 322 2149 392 382
2178 334 2345 373 sancti
2388 315 2609 372 Joannis
2635 312 2662 352 ι)
2702 312 3064 372 exhiberetur,
3096 309 3189 364 sed
3222 324 3320 366 nec

102 446 216 496 tuus,
246 431 330 499 qui
360 437 413 485 te
454 428 641 483 misit?
668 427 764 482 Cui
794 440 895 495 ego
923 425 1207 479 subridens
1236 440 1249 477 :
1280 424 1471 478 Beatus
1500 421 1640 476 Mar-

100 530 237 587 tinus,
266 521 482 592 inquio,
514 520 655 575 misit
683 534 790 573 me.
822 518 972 573 Tunc
994 517 1084 573 ille
1113 516 1270 589 jussit
1297 514 1401 572 sibi
1442 527 1640 582 reprae-

104 619 271 673 sentari
294 618 461 669 viros.
499 612 599 669 Sed
628 627 750 667 cum
789 611 843 665 in
874 611 991 678 ejus
1018 616 1310 679 conspectu
1341 607 1639 671 venissent,

104 709 267 762 multas
296 707 374 760 eis
404 704 659 774 perﬂdias
688 718 752 758 ac
789 701 1019 772 periuria
1048 700 1411 769 exprobravit,
1443 712 1642 754 vocans

104 814 177 852 eos
205 797 387 865 saepius
414 796 604 864 vulpes
645 792 949 863 ingeniosas
977 808 991 845 :
1018 791 1113 846 sed
1144 791 1377 845 restituit
1405 804 1497 845 eos
1521 803 1643 858 gra-

105 889 167 941 tia:
196 903 316 951 suae,
346 885 584 942 reddens
606 899 724 954 qua:
754 884 857 937 illis
883 882 1058 937 ablata
1088 882 1314 937 fuerant.

160 979 261 1034 VII.
297 975 631 1032 Adveniente
658 990 870 1045 quoque
892 975 980 1030 die
1028 974 1323 1039 Dominico,
1350 989 1440 1029 rex
1472 974 1645 1029 eccle-

108 1070 213 1124 siam
239 1068 298 1121 ad
327 1067 629 1137 spectanda
665 1074 690 1103 ι
720 1066 1002 1121 Missarum
1052 1064 1313 1120 solemnia
1346 1066 1509 1135 petit;
1540 1065 1647 1118 fra-

106 1170 194 1216 tres
223 1158 491 1233 [episc0pi]
538 1173 666 1213 vero
711 1157 1228 1226 consacerdotesque
1255 1158 1347 1226 qui
1398 1156 1643 1221 aderant,

109 1254 253 1306 locum
269 1251 505 1306 Palladio
531 1252 790 1321 episcOpo
810 1249 877 1304 ad
902 1249 1104 1320 agenda
1131 1248 1264 1304 festa
1284 1248 1644 1317 praebuerunt.

110 1344 202 1413 Quo
242 1344 528 1412 incipiente
580 1342 937 1413 prephetiam,
968 1342 1128 1413 381
1166 1341 1276 1396 Rex
1315 1340 1646 1411 intermgat,

111 1442 204 1507 quis
228 1446 376 1493 esset.
421 1436 670 1506 Cumque
719 1434 1016 1490 Palladium
1058 1414 1365 1506 episcopum
1411 1436 1650 1491 initiasse

118 1530 539 1596 pronuntiassent,
575 1528 753 1581 statim
785 1534 1087 1581 commotus
1119 1541 1215 1580 rex
1253 1526 1328 1580 ait
1356 1543 1368 1577 :
1392 1525 1493 1593 Qui
1518 1525 1648 1579 mihi

112 1633 285 1683 semper
319 1618 549 1674 infidelis
579 1626 632 1673 et
680 1618 917 1687 perfidus
955 1617 1083 1686 fuit,
1129 1617 1223 1673 ille
1264 1633 1406 1673 nunc
1441 1628 1647 1673 sacrata

1742 423 1864 475 tunc
1888 414 2053 469 venit.
2102 414 2379 467 Moverunt
2424 411 2603 477 itaque
2633 421 2718 461 me
2746 420 2839 475 per
2882 414 3091 471 tempus
3138 402 3323 456 Sterile

1740 509 1809 564 de
1837 510 1954 563 loco
1995 507 2084 561 ubi
2116 503 2459 559 habitabam:
2490 500 2612 555 veni
2644 500 2821 569 igitur,
2850 506 2905 551 et
2928 511 3052 550 ecce
3097 494 3321 547 abscon-

1739 602 1904 662 ditur.
1936 615 2037 656 nec
2072 597 2369 654 ostenditur
2398 594 2528 649 milii
2561 607 2710 653 puer.
2746 589 2918 654 Unde,
2950 595 3205 657 quantum
3238 584 3319 636 in-

1742 694 1945 762 telligo,
1986 691 2119 745 nihil
2166 700 2249 744 est
2294 688 2435 758 quod
2484 683 2831 755 promittitur,
2870 680 2999 747 sed,
3042 686 3101 732 ut
3135 676 3317 738 credo,

1742 784 1968 855 alicujus
1995 799 2060 838 ex
2085 781 2327 836 leudibus
2355 778 2549 832 nostris
2571 776 2639 829 sit
2664 774 2830 838 (ilius;
2856 786 2976 826 nam
3004 770 3045 823 si
3070 769 3137 822 de
3158 766 3321 831 stirpe

1746 886 1926 930 nostra
1954 865 2169 937 fuissriv,
2194 871 2260 925 ad
2287 884 2374 924 me
2398 868 2578 938 utique
2604 865 2789 919 fuisset
2815 864 3148 931 deportatus.
3178 857 3321 912 Ideo-

1746 982 1849 1031 que
1896 964 2174 1028 noveritis,
2204 961 2327 1031 quia
2357 975 2387 1012 a
2417 972 2502 1012 me
2539 972 2643 1011 non
2685 950 2989 1023 suscipitur,
3031 951 3130 1006 nisi
3178 958 3324 1004 certa

1746 1058 1813 1113 de
1843 1070 1907 1111 eo
1945 1068 2266 1125 cognoscam
2295 1050 2510 1105 indicia.
2545 1048 2669 1108 llaec
2700 1047 2923 1101 audiens
2961 1042 3329 1113 Fredegnndis

1748 1152 1951 1219 regina,
1981 1147 2283 1217 conjunctis
2312 1145 2578 1216 prioribus
2606 1143 2756 1214 regni
2799 1141 2881 1195 sui
2901 1180 2917 1205 ,
2963 1139 3015 1192 id
3046 1151 3127 1193 est
3160 1136 3331 1190 tribus

1748 1243 2016 1312 episcopis
2045 1250 2100 1295 et
2144 1240 2399 1294 trecentis
2429 1238 2558 1290 viris
2599 1235 2837 1304 optimis,
2868 1236 3201 1285 sacramenta
3233 1226 3332 1281 dc-

1757 1334 1951 1389 derunt
1982 1333 2123 1387 hunc
2148 1346 2175 1384 a
2206 1329 2510 1398 Chilperico
2540 1343 2662 1396 rege
2701 1316 3009 1396 generatum
3040 1321 3205 1376 fuisse
3233 1338 3247 1374 :
3276 1329 3333 1373 et

1749 1431 1827 1484 sic
1850 1428 2081 1497 suSpicio
2109 1426 2177 1481 ab
2200 1425 2382 1478 animo
2410 1422 2552 1491 regis
2577 1432 2600 1460 ο
2631 1421 2807 1474 ablata
2832 1426 2932 1473 est.

1822 1520 1891 1573 Χ.
1935 1518 2172 1588 Denique
2215 1531 2334 1571 cum
2366 1515 2638 1569 interitum
2668 1508 2966 1566 Merovecbi
2994 1515 3152 1576 atque
3179 1503 3335 1557 Chlo-

1754 1610 1979 1667 dovechi
2032 1608 2226 1678 saepius
2272 1606 2680 1667 lamentaretur,
2728 1601 3064 1668 nesciretque
3112 1594 3197 1650 ubi
3244 1609 3337 1648 eos

113 1710 241 1765 verba
269 1709 625 1780 praedicabit?
657 1709 913 1780 Egrediar
936 1723 1156 1774 prorsus
1181 1709 1250 1764 ab
1271 1710 1371 1765 hac
1400 1710 1648 1775 ecclesia,
1683 1697 1730 1756 B
1759 1713 2035 1771 postquam
2084 1698 2463 1753 interfecerant
2484 1740 2497 1763 ,
2533 1694 2913 1764 projecissent,
2950 1690 3098 1745 venit
3138 1688 3205 1742 ad
3255 1704 3334 1741 re-

114 1817 165 1855 ne
202 1804 454 1862 inimicum
500 1819 686 1859 meum
728 1805 942 1859 audiam
991 1803 1388 1875 praedicantem.
1429 1805 1496 1860 Et
1537 1807 1651 1861 haec

117 1896 285 1964 dicens,
311 1897 489 1968 egredi
522 1898 691 1966 coepit
725 1897 1032 1952 ecclesiam.
1070 1898 1221 1953 Tunc
1246 1898 1543 1953 conturbati
1569 1914 1653 1952 sa-

116 1989 318 2045 cerdotes
345 1990 412 2046 de
450 1992 639 2045 fratris
669 1991 989 2057 humilitate,
1023 1992 1273 2047 dixerunt
1313 1994 1424 2061 regi
1450 2008 1464 2045 :
1495 1993 1653 2046 Vidi-

118 2096 207 2138 mus
230 2084 356 2139 enim
386 2100 511 2140 eum
534 2086 787 2141 convivio
818 2094 906 2141 tuo
923 2086 1135 2152 adesse,
1165 2100 1228 2140 ac
1255 2085 1321 2141 de
1346 2084 1463 2155 ejus
1494 2101 1653 2142 manu

122 2183 160 2226 te
190 2174 607 2232 benedictionem
656 2177 932 2247 accipere;
963 2187 1018 2233 et
1060 2192 1157 2232 cur
1201 2193 1324 2233 eum
1372 2194 1514 2233 nunc
1560 2193 1656 2234 rex

121 2267 425 2329 aspernatur?
455 2266 515 2322 Si
565 2267 707 2321 enim
755 2268 1044 2323 scissemus
1070 2266 1166 2322 tibi
1210 2282 1454 2334 exosum,
1488 2268 1657 2324 decli-

126 2369 358 2412 nassemus
385 2360 575 2428 utique
604 2359 670 2412 ad
701 2359 887 2426 alium,
919 2360 1006 2429 qui
1037 2359 1150 2415 haec
1173 2374 1331 2430 agere
1358 2360 1653 2417 debuisset.

127 2444 259 2511 Nunc,
286 2449 325 2503 si
354 2450 647 2520 permittis,
677 2451 912 2506 celebret
936 2467 1052 2521 qua:
1075 2452 1272 2520 coepit:
1302 2452 1355 2507 iu
1388 2461 1658 2522 posterum

128 2550 263 2597 autem
304 2543 345 2598 si
394 2544 599 2613 aliquid
650 2546 1003 2613 apposueris,
1045 2545 1322 2601 canonica:
1371 2547 1661 2603 sanctionis

128 2647 307 2690 censura
348 2638 590 2692 finiatur.
638 2636 754 2691 Jam
797 2638 939 2692 enim
986 2637 1253 2693 Palladius
1280 2638 1563 2708 episcopus
1610 2639 1661 2692 in

131 2731 373 2783 sacrarium
403 2746 524 2785 cum
570 2731 759 2800 grandi
802 2731 1107 2786 humilitate
1141 2730 1482 2785 discesserat.
1515 2730 1666 2787 Tunc

132 2830 200 2869 rex
215 2817 356 2887 jussit
383 2836 504 2874 eum
536 2821 811 2889 revocari,
850 2832 905 2876 et
944 2821 1025 2877 sic
1052 2837 1170 2889 quat
1202 2836 1361 2891 agere
1388 2834 1662 2891 coeperat,

132 2910 369 2971 expedivit.
397 2913 532 2967 Nam
569 2927 689 2966 cum
736 2912 927 2967 iterato
955 2912 1021 2967 ad
1045 2913 1345 2967 convivium
1375 2916 1517 2982 regis
1548 2914 1673 2968 Pal-

134 2997 263 3054 ladius
286 3014 435 3074 atque
471 3003 897 3059 Bertchratnuus
922 3003 1074 3057 asciti
1120 3002 1385 3067 fuissent,
1412 3006 1667 3059 commoti

134 3088 313 3146 Ittt‘ICt'ln
352 3096 512 3151 multa
569 3094 668 3148 sibi
697 3094 763 3149 de
789 3094 1069 3149 adulteriis
1098 3109 1161 3149 ac
1186 3092 1547 3151 fornicatione
1575 3111 1666 3151 ex—
1696 3071 1744 3137 (ἶ
1773 3074 2112 3148 ευβθΐβοδίῑο
2162 3067 2440 3125 “imula”-

134 3188 426 3254 probrarnnt,
462 3190 725 3245 nonnulla
769 3190 932 3245 etiam
968 3190 1037 3245 de
1073 3189 1344 3261 periuriis.
1373 3192 1575 3260 Quibus
1598 3191 1667 3247 de

137 3279 259 3336 rebus
296 3283 439 3338 multi
482 3282 775 3347 ridebant;
809 3282 1045 3347 nonnulli
1081 3298 1207 3337 vero
1229 3324 1243 3348 ,
1274 3283 1363 3351 qui
1393 3283 1669 3338 alacrioris

142 3380 261 3425 erant
284 3374 535 3440 scientiae,
580 3373 1028 3437 lamentabantur,
1058 3387 1153 3428 cur
1180 3372 1320 3426 inter
1362 3372 1670 3427 sacerdotes

138 3461 718 3524 Dotninitaliter'zizania
739 3466 935 3521 diaboli
950 3465 1289 3537 pullularent.
1323 3467 1672 3521 Discedentes

138 3553 275 3624 itaque
313 3574 341 3614 a
368 3561 508 3631 regis
559 3560 865 3628 prmsentia,
910 3559 1185 3614 cautiones
1230 3568 1284 3611 et
1334 3557 1673 3626 [idejussores

138 3646 373 3719 dederunt,
405 3667 459 3709 ut
484 3653 708 3710 decimo
734 3652 1003 3709 Kalendas
1030 3654 1227 3708 mensis
1256 3652 1382 3707 noni
1418 3651 1482 3705 ad
1514 3666 1674 3722 syno-

138 3739 232 3794 dum
251 3747 625 3801 convenirent.

189 3829 300 3888 Vlll.
329 3835 475 3892 'l‘unc
498 3842 870 3906 apparuerunt
893 3835 1062 3906 signa,
1092 3834 1142 3890 id
1174 3843 1284 3900 est,
1312 3834 1445 3889 radii
1471 3848 1499 3888 a
1530 3842 1677 3901 parte

139 3922 392 3998 Aquilonis,
417 3933 563 3989 sicut
588 3934 790 4002 saepius
825 3947 1085 4003 apparere
1130 3935 1323 3989 solent.
1355 3932 1555 4003 Fulgor
1585 3947 1679 3999 per

143 4017 296 4076 celum
321 4026 620 4081 occurrisse
648 4025 793 4080 visus
836 4035 952 4092 est,
984 4024 1250 4095 ﬂoresque
1301 4026 1352 4079 in
1399 4026 1680 4080 arboribus

143 4114 303 4167 ostensi
331 4127 469 4171 sunt.
502 4119 637 4172 Erat
664 4116 804 4170 enim
836 4116 1037 4171 mensis
1063 4117 1299 4187 quintus.

199 4200 272 4258 IX.
308 4204 546 4265 Postbzec
572 4222 672 4262 rex
698 4205 932 4263 Parisios
959 4209 1131 4277 venit,
1156 4218 1209 4265 et
1233 4223 1412 4264 coram
1434 4208 1684 4264 omnibus

144 4288 256 4361 loqui
296 4302 480 4368 erepit,
518 4301 759 4383 dicens:
801 4299 1099 4355 Germanus
1151 4315 1303 4355 meus
1351 4300 1685 4371 Cbilpericus

148 4386 339 4443 moriens
381 4390 577 4448 dicitur
625 4389 793 4445 filium
840 4390 1141 4460 reliquisse,
1169 4390 1322 4459 cujus
1370 4390 1680 4455 nutritores,

148 4485 282 4533 matre
304 4480 647 4551 deprecante,
680 4484 972 4550 petierunt,
1013 4492 1069 4535 ut
1104 4496 1226 4536 eum
1265 4481 1333 4536 de
1375 4490 1559 4536 sancto
1606 4482 1685 4534 la-

148 4576 275 4623 vacro
298 4571 349 4626 in
386 4574 651 4631 Dotninici
678 4573 879 4628 Natalis
906 4574 1243 4629 solemnitate
1270 4572 1519 4628 deberem
1547 4571 1688 4627 exci-

152 4667 338 4726 Pere,et
365 4680 467 4721 non
500 4676 787 4723 venerunt.
825 4664 1175 4736 Rogaverunt
1220 4664 1474 4732 deinceps
1516 4672 1575 4717 ut
1619 4662 1685 4716 ad

151 4755 355 4808 Sanctum
383 4756 588 4812 Pascha
638 4757 1014 4826 baptizaretur,
1044 4756 1138 4811 sed
1180 4770 1281 4811 nec
1324 4764 1451 4810 tttnc
1493 4754 1689 4809 allatus

153 4851 216 4899 est
239 4846 416 4905 infans.
447 4850 737 4924 Deprecati
763 4858 891 4907 sunt
929 4858 1107 4907 autem
1136 4850 1314 4917 tertio,
1344 4858 1400 4904 ut
1438 4848 1505 4903 ad
1536 4846 1688 4903 feSti-

218 5024 450 5109 f_Mi.ssa_s
486 5037 733 5100 spectare
778 5027 1115 5109 dicebantur,
1141 5025 1232 5096 qui
1281 5023 1447 5109 sacris
1475 5021 1690 5109 quidem

160 5098 391 5175 mysteriis
417 5092 741 5175 intererant,
793 5100 886 5175 sed
933 5115 1037 5175 n_o_n
1082 5092 1582 5175 communicabant,
1618 5092 1692 5175 uti

162 5162 330 5239 colligit
356 5182 536 5226 noster
560 5171 834 5225 Mabillon.
869 5170 921 5223 in
953 5169 1158 5235 Liturg.
1191 5165 1382 5220 Gallic.
1412 5181 1480 5220 ex
1519 5180 1637 5239 capo
1663 5162 1697 5215 8

168 5229 242 5286 lib.
268 5229 491 5310 :x_hujns
522 5244 779 5297 historiae.
806 5242 938 5296 Can.
972 5240 1044 5295 29
1083 5229 1251 5292 Cone.
1300 5229 1694 5310 ttt_Aure‘lian.,

169 5304 377 5389 ἦν.ιᾷδᾶ
402 5304 620 5389 velitum
638 5322 750 5389 _e_s_t,
782 5328 848 5368 ne
877 5312 997 5389 quis
1026 5324 1146 5366 cum
1177 5308 1342 5389 armis
1370 5305 1582 5362 bellicis
1609 5320 1698 5359 sa-

175 5374 336 5450 ίτίῇιζὶρ
357 5385 603 5438 matutina
630 5374 908 5438 Missurum
946 5384 1050 5437 sive
1075 5380 1356 5450 vespertina
1385 5384 1593 5448 spectet.

177 5441 576 5534 2η’[ξῗθῃλξοιειξιι
601 5457 654 5510 in
680 5455 838 5534 natali
870 5453 1082 5534 Domini
1105 5441 1505 5534 et'S._Joannis,
1528 5444 1623 5529 sed
1644 5452 1707 5534 ει

178 5516 219 5597 ill
239 5522 467 5597 natalitiis
492 5525 780 5597 Martyrum
813 5525 1105 5593 baptismus
1130 5521 1501 5597 conferebatur
1527 5516 1708 5597 inaIi-

180 5585 338 5663 Quibus
367 5585 807 5663 ecclesiiszuem
856 5585 1056 5650 morem
1102 5590 1375 5648 veteribus
1411 5586 1708 5663 canonibus

183 5657 449 5775 mittentes
490 5657 744 5739 abrOgare
791 5666 963 5721 conati
1015 5675 1138 5720 sunt
1190 5671 1366 5734 patres
1401 5657 1625 5716 Coucilii
1670 5671 1708 5712 ιι

252 5735 373 5775 nm-
400 5732 497 5775 Imp
686 5736 790 5775 me:
816 5737 995 5775 habili,

252 5732 375 5800 lim,
400 5732 497 5793 hoc
521 5732 655 5796 anno
685 5736 790 5793 585
816 5737 1000 5795 habiti.

1753 1811 1872 1865 gem
1906 1793 2066 1848 homo
2093 1792 2184 1862 qui
2213 1791 2456 1845 diceret:
2502 1788 2556 1843 Si
2590 1787 2718 1840 mihi
2757 1784 3085 1839 contrarium
3118 1782 3169 1834 in
3211 1794 3341 1849 pos-

1758 1895 1927 1939 terqu
1953 1898 2060 1938 non
2090 1881 2338 1947 habetur,
2365 1878 2611 1933 indicabo
2633 1878 2682 1929 in
2708 1891 2811 1944 quo
2836 1875 2951 1928 loco
2975 1870 3338 1926 Chlodovecbi

1755 1975 1983 2031 cadaver
2010 1975 2081 2028 sit
2122 1971 2377 2042 positum.
2410 1968 2616 2024 Juravit
2659 1982 2755 2020 rex
2800 1964 2930 2018 nihil
2960 1963 3007 2017 ei
3055 1961 3339 2015 molestum

1758 2067 1872 2122 tieri
1891 2107 1907 2133 ,
1939 2064 2036 2121 sed
2067 2063 2239 2132 potius
2267 2060 2578 2116 muneribus
2610 2054 2875 2125 ampliari.
2905 2053 3055 2107 Tunc
3079 2051 3169 2106 ille
3194 2068 3206 2103 :
3236 2048 3341 2105 Ve-

1757 2159 2002 2225 ritatem,
2024 2153 2229 2224 inquit,
2259 2165 2344 2205 me
2373 2149 2546 2218 loqui,
2572 2162 2605 2201 ο
2633 2161 2723 2201 rex
2745 2187 2761 2211 ,
2787 2144 2901 2214 ipsa
2928 2143 3063 2198 ratio
3088 2158 3203 2210 quae
3225 2155 3341 2195 acia

1759 2260 1842 2307 est
1881 2245 2277 2317 comprobabit.
2324 2242 2455 2297 Nam
2486 2239 2699 2310 quando
2741 2235 3148 2292 Chlodovecbus
3178 2234 3341 2289 inter-

1763 2343 1932 2401 fectus
1960 2350 2076 2406 est,
2107 2354 2171 2392 ac
2195 2337 2293 2390 sub
2322 2333 2592 2389 stillicidia
2614 2327 2832 2385 oratorii
2860 2326 3135 2397 cujusdam
3162 2324 3342 2391 sepnlo

1764 2446 1873 2499 tus,
1906 2440 2152 2488 metuens
2178 2428 2360 2497 regina
2390 2440 2459 2480 ne
2497 2422 2780 2494 aliquando
2810 2420 3057 2475 inventus
3086 2432 3207 2471 cum
3242 2415 3341 2468 lto-

1768 2540 1899 2581 nore
1922 2522 2260 2592 sepeliretur,
2291 2516 2451 2587 jussit
2478 2530 2599 2571 eum
2629 2514 2681 2568 in
2710 2514 2922 2567 alveum
2971 2510 3221 2563 Matrona:
3249 2507 3348 2560 llu-

1769 2617 1930 2673 minis
1968 2613 2177 2684 projici.
2206 2609 2358 2665 Tunc
2384 2609 2519 2663 intra
2552 2606 2753 2676 lapsum
2779 2602 2829 2670 ἀ,
2862 2601 3001 2671 quod
3029 2615 3189 2669 opere
3230 2614 3350 2651 meo

1770 2708 1837 2764 ad
1857 2705 2235 2776 capiendorum
2260 2701 2481 2769 piscium
2504 2696 2870 2752 necessitatem
2900 2706 3346 2762 praeparaverant,

1772 2800 1969 2871 reperi.
1997 2798 2103 2855 Sed
2130 2810 2248 2851 cum
2272 2796 2574 2864 ignorarem
2598 2788 2841 2859 quisnam
2870 2795 3047 2852 esset,
3074 2801 3104 2839 a
3129 2787 3350 2840 caesarie

1774 2894 1983 2966 prolixa
2012 2889 2237 2963 cognovi
2265 2883 2699 2942 Chlodoveclium
2733 2895 2851 2935 esse
2881 2898 2893 2933 :
2925 2881 3350 2948 aptreltensum-

1777 2999 1879 3056 que
1904 2983 1959 3038 in
1991 2980 2225 3036 humeris
2252 2976 2319 3032 ad
2364 2975 2509 3030 littus
2535 2972 2732 3037 detuli,
2767 2970 2945 3039 ibique
2971 2984 3093 3024 eum
3133 2968 3351 3035 caespite

2492 3066 2629 3120 Ecce
2678 3062 2895 3119 salvatis
2942 3061 3161 3114 artubus
3210 3058 3353 3126 quod

1769 3169 2002 3225 volueris
2031 3165 2205 3221 effice.
2251 3160 2405 3230 Quod
2432 3173 2552 3214 cum
2596 3173 2688 3211 rex
2734 3155 3116 3223 comperisset,
3149 3150 3353 3207 contin-

1769 3278 1901 3334 gens
1923 3276 1981 3317 se
2003 3259 2067 3315 ad
2090 3258 2425 3313 venationem
2447 3253 2761 3324 procedere,
2786 3251 3101 3316 de'ectoque
3128 3248 3355 3313 tumulo,

1775 3354 1975 3424 reperit
2017 3348 2393 3419 corpusculum
2425 3346 2687 3414 integrum
2720 3352 2774 3396 et
2813 3341 3056 3395 illaesum.
3095 3338 3207 3395 Una
3242 3351 3357 3394 tan-

1774 3455 1885 3501 tum
1928 3459 2053 3514 pars
2081 3440 2433 3511 capillorum,
2474 3450 2594 3505 quae
2640 3435 2823 3489 subter
2870 3433 3071 3494 fuerat,
3100 3432 3209 3499 jam
3256 3431 3357 3486 de-

1776 3537 2036 3599 ﬂuxerat;
2067 3533 2168 3586 alia
2196 3545 2326 3586 vero
2350 3545 2471 3584 cum
2500 3528 2630 3597 ipsis
2658 3525 2885 3580 crinium
2910 3523 3133 3591 ﬂagellis
3163 3523 3357 3577 intacta

1777 3626 2023 3684 durabat.
2056 3622 2446 3693 Cognitumque
2475 3629 2559 3673 est
2588 3618 2727 3673 hunc
2776 3630 2895 3670 esse
2938 3630 3095 3683 quem
3141 3629 3236 3669 rex
3280 3615 3356 3667 in-

1779 3726 1925 3774 tento
1952 3714 2133 3769 animo
2163 3710 2486 3779 requirebat.
2511 3708 2812 3762 Convocato
2838 3706 2998 3776 383
3043 3705 3200 3775 igitur
3242 3705 3357 3773 epi-

1781 3821 1945 3876 scopo
1969 3803 2221 3869 civitatis,
2250 3816 2371 3856 cum
2399 3804 2542 3854 clero
2567 3808 2621 3854 et
2640 3797 2854 3868 populo,
2883 3811 2947 3850 ac
2975 3809 3251 3852 cereorutn
3280 3795 3362 3849 iu-

1782 3896 2193 3954 numerabilium
2234 3900 2456 3957 ornatu,
2484 3890 2550 3945 ad
2579 3888 2850 3944 basilicam
2881 3888 3050 3941 sancti
3097 3886 3362 3943 VinCentii

1781 3990 1972 4047 detulit
2011 3984 2408 4048 tumulandum,
2456 3998 2561 4038 non
2612 3982 2789 4037 minus
2838 3980 3093 4050 plangens
3137 3989 3363 4049 nepotes

1785 4094 2043 4152 mortuos,
2064 4095 2223 4153 quam
2246 4094 2367 4135 cum
2389 4076 2522 4133 vidit
2542 4076 2679 4131 filios
2705 4075 2950 4145 proprios
2972 4074 3081 4143 jam
3102 4072 3360 4141 sepultos.

1785 4177 2033 4233 Posthzec
2052 4172 2201 4229 misit
2215 4168 2508 4240 Pappolum
2528 4168 2844 4224 Carnotenae
2867 4165 3011 4221 urbis
3031 4165 3361 4235 episcopum,

1786 4270 1877 4342 qui
1904 4264 2204 4325 Merovecbi
2226 4263 2454 4319 cadaver
2480 4259 2779 4331 requirens,
2812 4257 2961 4328 juxta
2990 4256 3357 4312 Chlodovechi

1790 4360 2049 4417 tumulum
2078 4356 2342 4428 sepelivit.

1713 4455 1768 4516 D
1862 4451 1957 4507 Χῖ.
1990 4450 2255 4507 Ostiarius
2281 4456 2305 4484 ο
2337 4460 2469 4501 vero
2497 4442 2710 4514 quidam
2737 4440 2805 4497 de
2829 4440 2934 4495 alio
2961 4437 3341 4498 o.~tiario,dixit

1794 4546 2019 4604 Domine
2045 4560 2171 4609 rex,
2198 4541 2285 4597 hic
2310 4546 2530 4608 accepto
2559 4535 2776 4605 praemio
2806 4534 3079 4589 consensit
3104 4543 3163 4586 ut
3192 4541 3247 4586 tu
3292 4533 3371 4587 in-

1795 4638 2097 4695 teriiciaris.
2139 4633 2621 4704 Apprehensusque
2659 4626 2925 4692 ostiarius,
2959 4624 3028 4680 de
3067 4639 3172 4695 quo
3215 4623 3367 4679 dixe-

1797 4744 1913 4799 rat,
1952 4744 2143 4794 cassus,
2185 4724 2563 4796 suppliciisque
2610 4720 2791 4775 multis
2837 4718 3082 4784 affectus,
3130 4716 3258 4771 nihil
3307 4716 3373 4771 de

1798 4840 1958 4883 causa
1987 4840 2088 4895 qua
2114 4818 2544 4888 interrogabatur
2565 4814 2793 4883 aperuit.
2825 4810 3201 4882 Loquebantur
3228 4807 3371 4862 enim

1872 5022 1896 5049 ε
1928 5010 2123 5065 Omnes
2154 5014 2348 5072 prteter
2377 5001 2527 5067 Bad.,
2552 5000 2615 5053 ab
2641 4996 2824 5052 animi:
2851 4992 3002 5062 regis.
3130 5057 3142 5070 _

1868 5080 1897 5121 ἀ
1923 5082 2013 5137 Sic
2052 5070 2202 5132 Colb.
2229 5092 2301 5127 m.
2344 5089 2465 5126 cum
2501 5074 2623 5124 Bec.
2655 5078 2710 5122 et
2756 5075 3019 5137 rectc,_ea
3059 5072 3198 5112 enim
3242 5070 3376 5137 voce

1801 5128 2117 5220 designatur
2132 5128 2286 5220 Vrete.
2319 5146 2382 5197 Et
2426 5142 2477 5194 in
2508 5140 2660 5220 Colb.
2688 5153 2763 5198 a.,
2793 5134 2878 5220 ubi
2902 5133 3168 5220 ilalepftfl-n
3190 5128 3377 5220 'altera

1803 5198 2294 5290 uratursi—tamtum
2311 5226 2424 5290 est,
2444 5221 2571 5290 rete.
2608 5212 2957 5290 Begmavero‘
2986 5198 3147 5253 habet
3186 5198 3374 5290 llrtftmt.

1806 5270 2232 5360 wcra'psttut.
2262 5284 2337 5338 De
2361 5270 2644 5360 Qltlodovet
2675 5270 2845 5329 morte
2873 5273 3003 5360 vide‘
3016 5270 3291 5360 supra‘lib.
3319 5285 3375 5360 γ,

1807 5340 2144 5437 Efﬁfidfbe
2172 5355 2400 5437 Merovei
2430 5360 2611 5437 autem
2638 5361 2768 5428 nece
2792 5341 3004 5437 c3p_...l.9
3044 5340 3293 5437 ejusdem,
3302 5340 3383 5423 ,11-

1947 5411 2182 5499 l-Jterque
2209 5426 2407 5482 relatus
2447 5419 2702 5499 Parisios,
2732 5418 2781 5499 in
2816 5411 3028 5499 basilica
3055 5411 3225 5499 sancti
3254 5412 3352 5465 Vin

1810 5484 1983 5564 Eéiini'
2000 5484 2118 5574 quae
2145 5501 2300 5554 hodie
2329 5491 2497 5551 sancti
2524 5489 2771 5548 Germani
2799 5503 2829 5542 a
2852 5486 3024 5542 Pratis
3052 5484 3266 5547 dicitur.
3298 5499 3375 5537 se-

1851 5578 1990 5633 ulttts
2019 5582 2120 5629 est.

1811 5596 1990 5651 pullus
2019 5596 2120 5629 est.

1886 5658 1909 5686 ο
1944 5647 2052 5703 Hoc
2079 5650 2235 5715 caput
2263 5639 2414 5693 deest
2439 5636 2492 5691 in
2526 5636 2642 5692 Vat.
2672 5643 2724 5691 et
2750 5629 2903 5687 Colb.
2935 5644 2985 5684 a.
3018 5628 3167 5695 Bec.,
3199 5622 3387 5679 Porta.

1817 5723 2016 5778 rium...
2046 5717 2107 5772 de
2130 5714 2235 5771 alio
2264 5715 2489 5767 hastario
