3942 6190
594 255 699 311 455

1579 248 1635 306 S.
1680 246 2006 304 GREGORIl
2046 245 2348 301 EPISCOPI
2386 199 2814 304 :1'URONBNSIS

3745 252 3855 307 £336

592 384 719 430 tunc
747 371 897 427 multi
930 371 1031 425 hoc
1062 367 1270 423 insidiis
1307 377 1361 421 et
1408 366 1606 421 invidia
1639 367 1867 433 factum,
1915 364 2055 436 quod
2085 379 2171 418 os-
2199 368 2247 424 Α
2278 363 2465 431 rimus,
2495 365 2724 434 qualiter
2772 364 2840 418 ab
2877 365 2960 419 his
3007 364 3191 420 Galliis
3238 363 3571 428 extrudatur,
3614 365 3703 435 qui
3760 382 3861 423 nos

587 467 773 521 tiarins
803 464 912 529 ille,
944 461 1032 516 cui
1063 462 1163 515 hoc
1194 461 1394 514 crimen
1442 460 1732 528 impactum
1773 458 1974 524 fuerat,
2006 457 2173 527 pluri-

589 573 733 615 mum
780 573 809 610 a
853 570 980 625 rege
1022 554 1354 624 diligeretur.
1399 552 1733 607 Ansoualdus
1772 560 1950 604 autem
1990 548 2176 604 nescio

586 669 693 722 qua
724 652 1031 722 SUSpiciune
1062 660 1252 714 tactus,
1288 663 1386 701 nec
1414 646 1737 707 valedicens,
1763 658 1790 696 a
1822 657 1946 712 rege
1974 642 2177 696 disces-

590 747 680 800 sit.
709 745 822 799 Rex
855 756 984 797 vero
1010 741 1339 796 Cabillonum
1367 750 1664 808 regressus,
1692 735 1854 804 jussit
1882 734 2172 797 Buantum,

591 837 683 908 qui
712 836 811 891 sibi
841 848 1058 901 semper
1096 833 1269 886 fuerat
1317 830 1569 895 infidelis,
1602 828 1781 898 gladio
1820 826 2042 895 percuti.
2074 824 2177 890 Qui

595 928 820 982 vallatus
845 926 899 980 in
929 926 1088 979 domo
1116 939 1208 976 sua
1226 965 1240 987 ,
1273 922 1341 978 ab
1369 921 1676 976 hominibus
1700 919 1839 989 regis
1871 926 2179 988 peremptus

596 1016 832 1082 interiit,
861 1029 1055 1084 resque
1084 1028 1194 1068 suae
1230 1013 1340 1066 fisci
1371 1010 1661 1066 ditionibus
1706 1009 2002 1078 subjugatm
2031 1015 2177 1061 sunt.

668 1108 784 1164 ΧΗ.
830 1106 1069 1177 Denique
1096 1120 1217 1161 cum
1263 1120 1355 1159 rex
1403 1105 1630 1157 maxima
1676 1101 1969 1155 intentione
2000 1100 2176 1154 Theo-

596 1200 785 1256 dorum
815 1199 1120 1270 episcopum
1146 1200 1337 1251 iterum
1370 1194 1619 1264 persequi
1646 1202 1952 1253 conaretur,
1978 1202 2032 1248 et
2056 1193 2183 1247 Mas-

598 1291 717 1346 silia
753 1291 863 1360 jam
912 1291 965 1343 in
1006 1287 1334 1343 Cbildeberti
1382 1286 1521 1349 regis
1564 1284 1981 1338 dominationem
2024 1298 2177 1337 revo-

598 1391 716 1437 cata
761 1380 980 1447 fuisset,
1017 1378 1082 1433 ad
1126 1376 1488 1432 discutiendas
1518 1390 1707 1429 causas
1738 1375 2023 1428 Ratharius
2054 1374 2181 1427 illuc

599 1474 752 1545 quasi
782 1474 884 1528 dux
920 1481 946 1510 α
975 1487 1002 1524 a
1035 1481 1184 1540 parte
1231 1471 1371 1540 regis
1409 1468 1735 1524 Childeberti
1777 1467 2042 1537 dirigitur.
2077 1467 2183 1521 Sed

600 1566 891 1636 postposita
936 1564 1171 1627 actione,
1214 1578 1332 1631 quae
1374 1562 1423 1617 ei
1464 1550 1663 1631 a'rege
1708 1560 1944 1630 injuncta
1982 1558 2181 1622 fuerat,

2277 457 2602 526 quotidianis
2642 456 2902 511 incendiis
2938 457 3170 515 confiat,
3211 466 3266 509 et
3314 466 3369 509 tu
3420 470 3517 525 pro
3553 470 3616 511 eo
3660 472 3858 527 rogare

2278 561 2382 601 non
2412 546 2652 601 desinis?
2682 546 2859 601 Satius
2903 547 3046 600 enim
3090 545 3184 600 tibi
3214 556 3331 601 erat
3360 561 3446 601 res
3476 549 3721 603 ecclesiae
3758 559 3859 604 tuae

2277 639 2561 709 diligenter
2583 639 2874 708 inquirere,
2905 653 2971 693 ne
3000 639 3320 706 pauperibus
3341 639 3541 707 aliquid
3566 639 3857 706 deperiret,

2278 746 2436 801 quam
2469 744 2563 800 pro
2592 730 2691 783 huc
2722 740 2826 783 tam
2856 730 3060 785 intente
3088 728 3403 798 deposcere.
3432 731 3500 784 Et
3524 733 3693 785 aiebat
3723 751 3735 784 :
3770 732 3861 786 Vae

2281 824 2433 879 nobis
2470 825 2555 892 qui
2595 838 2715 878 eum
2763 838 2865 877 non
2915 836 3200 885 possumus
3246 835 3570 891 expugnare.
3621 822 3687 876 Et
3738 823 3861 877 licet

2280 917 2560 973 daemoniis
2589 917 2730 971 credi
2763 934 2867 971 non
2898 919 3121 981 debeat,
3170 924 3345 972 tamen
3390 919 3562 986 qualis
3591 928 3739 972 esset
3779 934 3865 971 sa-

2281 1009 2492 1074 cerdos,
2521 1008 2589 1063 de
2618 1023 2723 1078 quo
2755 1008 2868 1063 bam
2904 1010 3113 1063 daemon
3159 1008 3452 1064 condolens
3492 1009 3859 1077 declamabat,

2282 1101 2547 1169 apparuit.
2581 1100 2685 1156 Sed
2710 1101 2777 1156 ad
2804 1111 2974 1171 empta
3003 1102 3301 1156 redeamus.

2353 1193 2492 1247 XIII.
2537 1194 2696 1265 Igitur
2727 1195 2928 1265 legatos
2957 1194 3024 1248 ad
3075 1202 3326 1263 nepotem
3370 1207 3526 1248 suum
3556 1193 3861 1249 Childeber-

2285 1296 2395 1341 tum
2443 1300 2537 1340 rex
2588 1285 2797 1353 dirigit,
2849 1287 2937 1355 qui
2986 1288 3295 1343 morabatur
3343 1294 3468 1341 tunc
3515 1286 3582 1341 ad
3633 1296 3861 1342 castrum

2284 1376 2613 1430 Conﬂueutis
2639 1376 2690 1440 ά,
2723 1378 2859 1443 quod
2890 1378 2960 1432 ob
3004 1379 3106 1435 hoc
3157 1392 3350 1433 nomen
3389 1379 3629 1448 accepit,
3679 1394 3778 1447 pro
3805 1395 3861 1434 eo

2285 1467 2425 1533 quod
2468 1467 2681 1522 Mosella
2714 1467 3039 1538 Rhenusque
3088 1469 3249 1541 385
3279 1484 3464 1525 omnes
3508 1472 3718 1537 pariter
3745 1485 3864 1525 con-

2287 1556 2510 1613 fluentes
2539 1560 2589 1611 in
2630 1558 2817 1613 eodem
2863 1558 2983 1612 loco
3010 1561 3320 1630 jungantur.
3354 1560 3420 1614 Et
3445 1561 3570 1630 quia
3612 1562 3863 1630 placitum

601 1658 911 1727 episcopum
943 1658 1133 1717 vallat,
1170 1655 1514 1724 fidejussorcs
1571 1654 1821 1724 requirit,
1865 1661 1920 1708 et
1958 1652 2025 1707 ad
2055 1667 2186 1721 prae-
2291 1649 2491 1715 fuerat,
2521 1658 2576 1703 ut
2600 1651 2796 1705 Trecas
2820 1649 3122 1720 Campaniae
3148 1652 3334 1707 urbem
3357 1652 3424 1706 de
3445 1661 3679 1721 utroque
3709 1670 3867 1724 regno

603 1750 835 1805 sentiam
882 1747 1023 1818 regis
1070 1747 1455 1802 Guntchramni
1504 1746 1726 1811 direxit,
1766 1753 1824 1799 ut
1865 1744 2073 1800 scilicet
2115 1743 2183 1797 ad
2214 1743 2262 1804 B
2288 1741 2707 1811 conjungerent,
2740 1742 3219 1812 sacerdotibusque
3249 1743 3316 1797 dc
3353 1757 3517 1813 regno
3545 1743 3866 1802 Cbildeberti

605 1839 898 1911 synodum,
925 1854 1043 1908 quae
1076 1838 1365 1892 Matiscone
1408 1838 1579 1891 futura
1628 1847 1771 1900 erat,
1799 1835 1946 1904 quasi
1980 1834 2047 1889 ab
2076 1834 2189 1904 epi-
2291 1850 2585 1903 congruum
2615 1849 2720 1888 non
2767 1832 2897 1899 fuit;
2931 1834 3077 1888 Felix
3122 1835 3344 1904 legatus,
3375 1836 3701 1892 salutatione
3744 1852 3867 1905 pra-

605 1934 784 2003 scopis
813 1932 1144 1986 damnandus
1183 1932 1414 1986 adesset.
1457 1930 1567 1984 Nec
1597 1930 1765 1985 defuit
1804 1929 1939 1983 ultio
1979 1926 2186 1995 divina,
2292 1926 2484 1991 missa,
2532 1926 2767 1981 ostensis
2814 1925 3026 1990 litteris,
3071 1925 3180 1999 ait:
3216 1926 3442 1980 Patruus
3487 1935 3634 1992 tuus,
3660 1941 3698 1982 ο
3746 1942 3866 1993 rex,

594 2040 720 2096 quae
748 2040 931 2080 servos
961 2038 1087 2080 suos
1116 2024 1183 2077 ab
1211 2039 1305 2078 ore
1333 2035 1523 2077 canum
1554 2020 1859 2075 rabidorum
1899 2020 2188 2074 defensare
2291 2018 2572 2089 diligenter
2600 2021 2925 2088 interrogat,
2956 2018 3073 2087 quis
3102 2025 3154 2073 te
3181 2016 3249 2073 ab
3276 2017 3375 2093 hac
3402 2019 3762 2086 promissione
3789 2036 3867 2072 re-

600 2119 900 2175 consnevit.
934 2119 1064 2173 Nam
1097 2117 1407 2188 egrediente
1448 2118 1702 2185 episcOpo
1732 2131 1760 2168 a
1799 2116 2038 2182 civitate,
2080 2120 2193 2169 sta-
2292 2110 2483 2176 traxit,
2512 2119 2571 2165 ut
2598 2111 2905 2166 sacerdotes
2937 2110 3086 2180 regni
3117 2110 3281 2165 vestri
3310 2110 3376 2164 ad
3402 2107 3707 2166 Concilium
3739 2111 3868 2180 quod

596 2212 695 2265 tim
722 2226 811 2266 res
840 2212 1078 2265 ecclesiae
1106 2209 1321 2277 diripit,
1347 2216 1400 2262 et
1423 2208 1527 2260 alia
1550 2205 1763 2275 quidem
1791 2207 1891 2261 sibi
1924 2205 2187 2272 vindicat,

596 2300 707 2353 alia
738 2300 836 2354 sub
858 2300 1155 2368 sigillorum
1184 2297 1481 2351 munitione
1506 2296 1795 2351 concludit.
1822 2295 2062 2365 Cumque
2091 2295 2193 2348 hoc

608 2390 857 2455 fecisset,
891 2390 1127 2458 protinus
1168 2388 1397 2441 famulos
1446 2389 1563 2457 ejus
1610 2387 1937 2441 saevissimus
1981 2385 2191 2441 invadit

610 2480 854 2545 morbus,
888 2481 1283 2547 exhaustosque
1313 2478 1460 2532 febre
1501 2477 1762 2546 peremit;
1808 2477 1948 2531 filius
1982 2478 2099 2546 ejus
2126 2476 2192 2530 ab

608 2574 712 2628 hoc
736 2574 1075 2628 incommodo
1096 2572 1319 2637 defecit,
1349 2587 1505 2641 quem
1535 2573 1586 2624 in
1613 2571 1921 2625 suburbano
1948 2570 2193 2625 Massilia:

609 2666 776 2736 ipsius
805 2664 968 2735 38h
989 2681 1108 2719 cum
1140 2665 1285 2734 gravi
1316 2665 1516 2734 gemitu
1542 2662 1817 2730 sepelivit;
1847 2661 2049 2732 fuitque
2077 2664 2194 2717 talis

604 2756 792 2811 domui
820 2760 935 2826 ejus
970 2756 1145 2825 plaga,
1176 2762 1231 2809 ut
1261 2770 1383 2808 cum
1414 2754 1480 2808 ab
1507 2755 1638 2808 urbe
1671 2754 1758 2806 illa
1788 2763 1870 2808 est
1899 2754 2191 2823 digressus,

610 2848 695 2900 vix
725 2846 790 2901 ad
838 2846 1062 2913 patriam
1111 2861 1263 2900 suam
1310 2844 1520 2913 regredi
1552 2852 1847 2914 putaretur.
1878 2844 2195 2900 Theodorus

610 2952 738 2993 vero
783 2938 1067 3007 episcopus
1107 2953 1135 2991 a
1183 2938 1584 2992 Guntchramno
1633 2951 1758 3005 rege
1801 2935 2048 2990 detentus
2089 2945 2190 2989 est.
2293 2930 2434 2996 Quod
2476 2946 2598 2986 eum
2644 2946 2784 2986 anno
2832 2933 3079 3001 praesenti
3125 2934 3423 2990 audivimus
3470 2938 3609 3007 loqui
3646 2936 3691 2990 ί.
3726 2938 3863 2991 AbsLt

609 3032 713 3087 Sed
744 3031 875 3085 nihil
905 3033 953 3085 ei
982 3046 1077 3086 rex
1104 3032 1303 3085 nocuit.
1340 3030 1431 3084 Est
1461 3031 1600 3084 enim
1633 3030 1712 3083 vir
1742 3028 1969 3098 egregiae
1999 3028 2194 3082 sancti-
2293 3038 2422 3093 ergo
2465 3033 2523 3078 ut
2569 3026 2708 3079 inter
2732 3040 2826 3080 eos
2856 3027 3001 3080 radix
3035 3027 3312 3082 discordiae
3343 3032 3642 3100 germinet,
3674 3047 3790 3085 cum
3816 3046 3864 3084 se

610 3121 735 3173 tatis
764 3119 817 3178 ι’.
849 3128 904 3175 et
931 3120 983 3173 in
1011 3123 1251 3175 oratione
1280 3120 1543 3187 assiduus,
1577 3121 1643 3174 de
1673 3134 1777 3189 quo
1808 3119 1936 3172 mihi
1977 3120 2192 3189 Magne-
2220 3108 2265 3173 C
2307 3119 2507 3187 pariter
2531 3126 2584 3172 et
2612 3118 2748 3172 tueri
2777 3118 3039 3181 debeant,
3070 3130 3124 3175 et
3152 3135 3352 3175 amare.
3384 3121 3535 3175 Tunc
3574 3136 3762 3178 vocato
3786 3138 3861 3178 sc-

2299 3210 2500 3264 cretius
2545 3208 2722 3265 Felice
2760 3211 2957 3280 legato,
2989 3211 3367 3267 Cliildebertus
3396 3228 3490 3268 rex
3532 3215 3770 3285 rogavit,
3796 3214 3862 3267 di-

2296 3316 2463 3357 cens:
2494 3302 2759 3370 Deprecor
2778 3302 3051 3356 dominum
3074 3312 3127 3356 et
3152 3313 3359 3372 patrem
3392 3319 3601 3372 meum,
3630 3316 3691 3360 ut
3714 3306 3862 3359 Theo-

2297 3394 2430 3448 doro
2458 3394 2710 3462 episcOpo
2742 3394 2875 3448 nihil
2906 3394 3113 3464 injuriae
3144 3396 3337 3450 inferat
3364 3414 3376 3448 :
3409 3397 3549 3465 quod
3580 3399 3626 3452 si
3663 3398 3858 3457 fecerit,

2297 3487 2577 3541 confestim
2601 3488 2738 3541 inter
2762 3501 2858 3541 nos
2879 3488 3185 3542 scandalum
3209 3489 3548 3559 germinabit,
3574 3491 3861 3559 erimusque

2298 3578 2562 3633 discordia
2591 3578 2909 3648 impediente
2933 3579 3177 3649 disjuncti
3196 3621 3214 3649 ,
3242 3582 3330 3651 qui
3358 3582 3619 3638 debemus
3642 3596 3861 3638 amorem

2300 3674 2495 3727 tuendo
2520 3686 2638 3727 esse
2677 3674 2900 3743 pacifici.
2949 3674 3289 3745 Acceptoque
3330 3684 3385 3731 et
3430 3677 3499 3732 de
3542 3678 3670 3733 aliis
3707 3676 3861 3734 causis

2295 3778 2578 3833 responso,
2608 3766 2816 3834 legatus
2842 3765 3091 3821 discessit
3118 3776 3170 3820 8.

2370 3855 2506 3909 XIV.
2549 3856 2709 3912 Nobis
2755 3859 2935 3926 itaque
2972 3858 3025 3911 in
3071 3858 3337 3914 antedicto
3377 3869 3554 3915 castro
3588 3874 3717 3915 cum
3754 3870 3860 3925 rege

2297 3950 2777 4012 commorantibus,
2815 3950 2941 4003 dum
2977 3951 3045 4005 ad
3078 3951 3378 4006 convivium
3416 3951 3685 4022 principis
3716 3961 3860 4019 usque

2296 4045 2520 4097 obscura
2570 4053 2727 4098 nocte
2768 4041 3145 4109 retiueremur,
3186 4045 3347 4115 epulo
3384 4054 3601 4113 expleto
3651 4055 3861 4099 surrexi-

2297 4148 2439 4199 mus,
2470 4131 2848 4202 venientesque
2877 4134 2944 4187 ad
2974 4134 3190 4188 fluvium
3208 4176 3221 4199 ,
3251 4133 3571 4190 offendimus
3601 4148 3787 4190 navem
3815 4131 3858 4184 in

2297 4224 2478 4278 littore
2500 4263 2516 4287 ,
2547 4239 2665 4293 quae
2691 4224 2845 4279 nobis
2872 4224 3047 4280 fuerat
3078 4236 3404 4295 praeparata;
3434 4224 3859 4283 ascendentibus-

2295 2201 2451 2256 simul
2500 2200 2889 2268 decreveratis,
2934 2200 3118 2257 venire
3165 2200 3461 2257 differrent.
3514 2210 3596 2256 An
3652 2202 3868 2258 forsitan

2294 2292 2418 2346 mali
2465 2290 2711 2347 homines
2739 2292 2967 2361 aliquam
3016 2291 3155 2347 inter
3185 2306 3278 2346 vos
3305 2292 3590 2347 discordia:
3637 2295 3867 2349 radicem

2295 2380 2487 2435 faciant
2517 2381 2806 2450 pullulare?
2835 2381 2985 2436 Tunc
3003 2396 3123 2453 ego,
3154 2397 3281 2452 rege
3309 2392 3539 2446 tacente,
3568 2386 3865 2455 respondi:

2294 2472 2379 2526 Nil
2408 2472 2637 2538 mirum,
2669 2474 2714 2527 si
2756 2474 2960 2527 zizania
3009 2482 3222 2528 seratur
3262 2475 3397 2529 inter
3440 2475 3701 2543 populos;
3753 2492 3866 2532 nam

2295 2564 2433 2619 inter
2458 2564 2558 2619 bos
2584 2580 2688 2632 quo
2718 2563 2949 2619 radicem
2980 2564 3180 2634 obliget
3209 2573 3257 2631 θ,
3290 2565 3524 2632 protinus
3554 2580 3659 2619 non
3694 2576 3866 2635 potest

2294 2656 2549 2721 reperire.
2576 2655 2791 2709 Nullum
2832 2654 2974 2710 enim
3004 2654 3166 2721 latet,
3193 2655 3333 2725 quod
3364 2654 3735 2713 Childebertus
3778 2674 3867 2714 rex

2293 2748 2454 2800 alium
2496 2755 2699 2816 patrem
2746 2749 2846 2802 nisi
2897 2757 3143 2817 patruum
3195 2764 3299 2803 non
3352 2750 3528 2804 habet.
3560 2752 3747 2821 Neque
3788 2754 3866 2807 ille

2294 2836 2459 2893 alium
2506 2840 2668 2893 filium
2728 2841 2832 2894 nisi
2883 2840 3023 2895 hunc
3072 2840 3271 2897 habere
3311 2843 3577 2912 diSponit,
3624 2845 3779 2913 juxta
3821 2846 3865 2899 id

609 3212 753 3266 ricus
796 3211 1151 3266 Treverensis
1197 3213 1481 3281 episcopus
1534 3213 1647 3265 haec
1690 3212 1886 3266 retulit.
1930 3214 2067 3267 Ante
2097 3212 2195 3267 hos

608 3315 779 3355 annos
807 3315 926 3356 cum
952 3301 1017 3355 ad
1051 3303 1385 3370 praesentiam
1428 3303 1757 3357 Childeberti
1805 3304 1945 3373 regis
1974 3303 2048 3357 ita
2094 3303 2194 3357 sub

609 3391 775 3446 ardua
818 3392 1055 3447 custodia
1097 3392 1398 3460 duceretur,
1446 3403 1505 3447 ut
1549 3395 1971 3462 quandocunque
2010 3394 2076 3449 ad
2109 3411 2196 3449 ur-

609 3483 733 3540 bem
787 3484 1025 3554 aliquam
1077 3486 1344 3551 venisset,
1406 3502 1578 3555 neque
1628 3502 1969 3557 episcopum,
2023 3504 2196 3560 neque

610 3591 929 3646 quemquam
979 3577 1047 3632 de
1088 3578 1291 3632 civibus
1339 3577 1519 3631 videre
1569 3579 1987 3647 permitteretur,
2030 3580 2194 3634 adve-

609 3665 793 3721 niente
831 3665 1116 3734 Treveros,
1155 3667 1453 3720 nuntiatum
1494 3676 1577 3721 est
1613 3668 1887 3735 episc0po,
1919 3669 2059 3724 hunc
2082 3668 2195 3739 jam

609 3756 668 3813 in
714 3757 837 3812 navi
871 3759 1097 3827 positum
1142 3759 1277 3813 clam
1310 3758 1530 3825 abduci;
1574 3760 1915 3829 surrexitque
1944 3762 2197 3817 sacerdos

611 3850 803 3916 tristis,
832 3865 895 3905 ac
923 3850 1181 3905 velociter
1209 3859 1539 3920 prosecutus,
1564 3851 1907 3919 reperiteum
1931 3852 1994 3905 ad
2023 3852 2191 3919 littus,
2218 3892 2223 3895 »

609 3952 970 4011 causatusque
991 3957 1110 3996 cum
1139 3941 1469 4008 custodibus,
1492 3956 1589 3996 cur
1612 3951 1755 3998 tanta
1783 3951 1927 3999 esset
1952 3943 2197 4014 impietas

610 4042 671 4087 nt
701 4047 808 4087 non
840 4034 1023 4087 liceret
1052 4034 1200 4087 fratri
1232 4033 1451 4088 fratrem
1482 4035 1725 4103 aspicere
1759 4054 1769 4087 :
1807 4036 2031 4106 visoque
2075 4045 2198 4091 tan-

609 4128 768 4193 dem,
795 4125 1065 4179 osculatus
1105 4140 1265 4189 eum,
1296 4124 1576 4196 indulgens
1615 4127 1813 4198 aliquid
1849 4130 2193 4193 vestimenti,

608 4217 877 4272 discessit.
910 4217 1148 4273 Veniens
1194 4220 1371 4288 itaque
1398 4220 1466 4273 ad
1506 4219 1780 4276 basilicam
1811 4222 1979 4276 sancti
2029 4222 2194 4276 Maxi-

614 4308 744 4363 mini
778 4320 801 4348 ο
842 4310 1197 4379 prosternitur
1241 4314 1511 4381 sepulcro,
1555 4313 1686 4367 illud
1735 4313 1961 4381 apostoli
2012 4313 2195 4370 Jacobi
2294 4329 2401 4385 que
2427 4315 2579 4371 nobis
2609 4318 2761 4371 irruit
2781 4318 2931 4372 turba
2955 4319 3227 4373 hominum
3252 4319 3605 4386 diversorum,
3636 4320 3857 4390 impleta-

611 4401 852 4455 retinens
880 4418 891 4453 :
924 4399 1079 4454 Orate
1102 4418 1196 4470 pro
1221 4402 1431 4456 invicem
1458 4412 1511 4456 ut
1538 4405 1801 4457 salvemim’
1830 4402 1971 4475 (Jac.
1994 4421 2049 4472 v,
2084 4406 2191 4475 I6).
2294 4422 2403 4476 que
2427 4418 2511 4463 est
2537 4408 2690 4463 navis
2713 4420 2819 4463 tam
2853 4410 3158 4465 hominibus
3179 4427 3335 4480 quam
3362 4414 3512 4481 aquis
3539 4429 3555 4468 :
3581 4414 3683 4470 sed
3712 4413 3856 4467 virtus

613 4490 863 4560 Fusaque
893 4493 983 4546 diu
1013 4496 1255 4548 oratione
1285 4509 1405 4548 cum
1453 4495 1724 4565 lacrymis,
1758 4503 1815 4549 ut
1852 4493 2071 4550 fratrem
2113 4497 2197 4550 di-
2222 4491 2274 4553 Ι)
2301 4499 2510 4555 Domini
2541 4501 2730 4568 adfuit,
2762 4518 2868 4558 non
2891 4505 3009 4559 sine
3036 4505 3223 4572 grandi
3251 4505 3529 4569 miraculo,
3557 4514 3614 4561 ut
3641 4521 3758 4563 euut
3779 4516 3853 4557 us-

605 4591 867 4651 .gnaretur
899 4584 1157 4639 Dominus
1204 4586 1480 4657 adjuvare,
1513 4602 1761 4656 egressus
1805 4598 1889 4669 est
1934 4588 2098 4645 foras.
2135 4590 2200 4645 Et
2300 4608 2404 4664 que
2444 4594 2638 4648 Iabium
2678 4597 2895 4663 impleta
2927 4596 3151 4659 fuisset,
3193 4604 3357 4667 mergi
3389 4613 3493 4651 non
3526 4610 3729 4667 posset.
3764 4594 3856 4649 Ha-

607 4689 739 4728 ccce
769 4676 959 4730 mulier
998 4692 1153 4745 quam
1186 4680 1404 4746 spiritus
1431 4679 1634 4733 erroris
1663 4680 1931 4749 agitabat,
1963 4680 2199 4738 clamare
2301 4685 2558 4740 bebamus
2585 4687 2726 4741 enim
2753 4687 3027 4742 nobiscum
3056 4689 3195 4743 beati
3229 4691 3433 4743 Martini
3468 4693 3721 4758 reliquias
3748 4700 3851 4743 cum

609 4765 881 4820 sacerdoti
935 4767 1131 4836 C(Bpil,
1184 4784 1248 4823 ac
1296 4770 1517 4825 dicere:
1548 4771 1593 4825 0
1622 4772 1850 4828 sceleste
1899 4781 1953 4827 et
1993 4774 2196 4830 invete-
2300 4779 2465 4849 386
2493 4778 2717 4834 aliorum
2741 4788 3071 4847 sanctorum,
3101 4797 3323 4851 quorum
3356 4785 3552 4839 virtute
3576 4800 3677 4841 nos
3698 4778 3852 4838 credi-

518 4906 523 4919 ,
610 4867 732 4911 rate
760 4857 1001 4924 dierum,
1040 4861 1129 4928 qui
1163 4875 1255 4929 pro
1295 4861 1512 4917 inimico
1556 4874 1737 4918 nostro
1768 4864 2049 4921 Theodoro
2075 4883 2198 4921 ora-
2301 4887 2418 4927 mus
2473 4873 2638 4927 fuisse
2680 4873 2935 4927 salvatus.
2981 4876 3048 4927 At
3089 4889 3215 4929 vero
3257 4889 3389 4930 nave
3434 4875 3501 4929 ad
3540 4876 3691 4931 littus
3732 4871 3853 4927 unde

608 4953 814 5008 tionem
854 4950 1033 5007 fundis
1060 4953 1127 5008 ad
1156 4952 1462 5009 Dominum.
1492 4957 1629 5012 Ecce
1658 4972 1756 5013 nos
1782 4959 2018 5028 quotidie
2046 4975 2193 5030 quae—
2293 4967 2494 5035 egressi
2525 4967 2721 5020 fuimus
2758 4967 3051 5033 redeunte,
3093 4977 3342 5023 evacuata
3386 4970 3454 5022 ab
3489 4969 3783 5023 hominibus
3810 4973 3856 5019 et

2292 5119 2433 5172 dinis
2462 5118 2812 5174 Benedictini.

2370 5187 2395 5226 ἀ
2426 5188 2650 5244 Celebre
2680 5192 2838 5244 etiam
2884 5206 3025 5245 nunc
3068 5202 3123 5246 et
3164 5193 3456 5247 munitione
3482 5194 3851 5250 validissimum

2291 5263 2392 5333 sub
2444 5260 2660 5333 dioecesi
2715 5272 2786 5333 et,
2816 5262 3021 5317 ditione
3069 5264 3452 5333 archiepiscopi
3506 5262 3847 5322 Trevirensis.

2290 5331 2450 5393 vulgo
2478 5330 2718 5386 Coblentz
2739 5331 2959 5387 dictum.

2365 5410 2388 5438 ⁸
2409 5403 2523 5473 col.
2553 5412 2605 5455 et
2638 5402 2811 5471 Bign.,
2836 5405 2922 5473 qui
2943 5404 3187 5459 radicem.
3216 5403 3329 5459 Col.
3357 5423 3432 5463 m.
3457 5408 3551 5463 alt.
3581 5423 3741 5467 man..
3766 5414 3847 5471 quo

682 5116 715 5145 ι
748 5107 959 5186 Regm.,
989 5109 1097 5165 dua:
1123 5111 1266 5182 quasi
1285 5128 1316 5165 a
1342 5121 1504 5181 parte.
1537 5113 1686 5170 Colb.
1719 5131 1814 5183 m.,
1844 5116 1989 5171 duxit
2009 5118 2187 5186 quasi,

611 5178 751 5233 forte
780 5196 874 5246 pro
901 5185 1028 5237 dux.

688 5250 714 5286 ιι
743 5250 1052 5327 Co_l_itu_t_‘_uti
1086 5262 1301 5327 sanctus
1331 5255 1381 5308 in
1413 5255 1684 5327 Martyrol.
1715 5257 1984 5313 Gallicana
2023 5257 2112 5313 die
2153 5258 2188 5312 2

614 5317 872 5396 Januarii.
907 5322 1035 5378 Vide
1062 5340 1219 5393 supra
1248 5326 1340 5379 lib.
1369 5342 1457 5392 v1,
1491 5317 1609 5396 cap.
1633 5328 1722 5382 ΞΔ.

689 5399 713 5427 ο
754 5389 905 5445 Colb.
937 5410 1009 5447 m.
1035 5405 1089 5447 et
1115 5389 1324 5464 ftegm.,
1356 5389 1593 5451 Martini.
1619 5402 1685 5451 At
1717 5400 1841 5452 licet
1866 5398 2101 5454 Treviris
2120 5400 2190 5455 sit

617 5473 827 5536 quoque
872 5464 1085 5515 basilica
1116 5466 1173 5519 S.
1220 5467 1456 5531 Martini,
1491 5470 1561 5521 ab
1588 5471 1703 5533 ipso
1731 5470 2032 5536 Magncrico
2057 5486 2186 5524 con-

612 5529 726 5606 dita
749 5571 763 5592 ,
796 5543 1060 5606 nunquam
1083 5542 1263 5606 tamen
1310 5539 1379 5590 ibi
1423 5529 1479 5593 S.
1511 5529 1717 5592 Martini
1764 5529 2062 5606 sepulcrum
2093 5557 2187 5595 ex-

616 5600 772 5654 stitit.
798 5597 857 5651 S.
885 5597 1195 5679 Maximinus
1221 5621 1347 5679 vero
1372 5609 1424 5679 in
1447 5610 1668 5663 ecclesia
1695 5597 1995 5663 suburbana
2024 5612 2189 5679 sepul-

616 5680 704 5751 tus
732 5679 812 5727 est
828 5686 987 5751 aqua;
1016 5673 1274 5751 hodieque
1306 5678 1469 5751 ipsius
1500 5692 1692 5751 nomen
1714 5679 1943 5751 retinet,
1972 5673 2182 5751 estque,

616 5742 756 5799 sicut
786 5743 945 5802 etiam
977 5741 1185 5796 basilica
1229 5746 1286 5800 S.
1318 5747 1526 5802 Martini
1545 5787 1560 5815 ,
1591 5749 1823 5804 celebris
1851 5741 2181 5807 abbatia'orl

2289 5472 2675 5548 duos.__Regm.,
2707 5490 2829 5539 quos
2849 5472 3006 5548 radix
3030 5477 3291 5548 obligat...
3319 5480 3555 5548 reperiri.

2366 5541 2384 5580 ί
2428 5544 2559 5596 Vide
2584 5560 2739 5609 supra
2762 5560 2881 5609 cap.
2911 5545 2961 5605 4,
2994 5556 3048 5596 ct
3079 5541 3170 5598 fil}.
3200 5562 3290 5609 VII,
3321 5541 3439 5613 cap.
3473 5551 3563 5603 55.

2361 5622 2389 5660 σ
2433 5616 2557 5687 Post
2589 5618 2702 5667 haec
2726 5614 2843 5668 Vat.
2872 5626 2926 5669 et
2951 5616 3101 5687 Colb.
3131 5619 3432 5682 a.,omissis
3452 5621 3714 5687 capitibus
3728 5626 3843 5685 qua-

2291 5685 2605 5760 tuordeeini,
2635 5693 2916 5760 transeunt
2956 5686 3021 5741 ad
3051 5696 3211 5757 caput
3237 5687 3330 5754 28,
3357 5690 3500 5760 quod
3525 5685 3699 5747 estde
3722 5687 3839 5741 lier-

2289 5754 2590 5825 meuegildo
2615 5765 2668 5812 et
2698 5756 2953 5827 Ingunde.
