3942 6190
600 206 703 263 459

1593 202 1648 257 s.
1691 199 2019 255 cneconn
2042 182 2363 255 'srtscom
2403 202 2431 253 ι
2453 201 2831 257 nnoseusrs

3723 212 3814 261 400

597 327 822 387 valebat,
856 322 1021 376 virtus
1051 319 1179 373 illud
1210 320 1384 372 divina
1427 318 1745 372 destrueret.
1791 316 2155 385 Egressusque
2184 319 2235 374 Α
2273 331 2392 369 cum
2424 319 2707 386 aliquando
2752 334 2780 371 a
2805 318 3119 387 quibusdam
3151 333 3248 387 pro
3300 316 3443 375 furto
3489 334 3816 393 argueretur,

596 428 716 489 post
743 416 1056 479 orationem,
1091 414 1155 463 ad
1186 410 1458 477 operarios
1481 409 1636 471 veni,
1666 407 2159 475 apprehensumque

596 514 796 572 funem,
816 517 871 561 ut
892 505 1060 575 primo
1083 504 1186 556 ictu
1212 501 1421 554 trahere
1440 499 1721 566 coepimus,
1736 499 1977 566 protinus
1998 497 2160 549 simu-

597 604 797 656 lacrum
824 597 929 653 ruit
974 596 1025 649 in
1077 604 1291 656 terram,
1325 587 1759 657 confractumque
1788 605 1907 642 cum
1954 588 2160 642 malleis

594 693 785 749 ferreis
814 692 866 745 in
898 689 1168 758 pulverem
1211 683 1413 754 redegi.
1459 682 1573 752 Ipsa
1603 695 1811 749 quoque
1842 683 1993 746 hora,
2038 696 2157 734 cum

587 788 659 842 ad
679 786 853 839 cibum
868 780 1181 849 capiendum
1195 777 1484 837 venissem,
1516 774 1585 827 ita
1605 789 1762 827 omne
1777 786 1970 842 corpus
1984 788 2156 826 meum

595 892 625 930 a
648 876 847 932 vertice
874 888 1040 943 usque
1070 872 1134 925 ad
1165 869 1398 937 plantam
1429 867 1574 936 pedis
1597 866 1800 932 pusulis
1823 865 1977 919 malis
1998 864 2159 933 reple-

595 982 708 1024 tum
738 976 840 1035 est,
871 974 929 1019 ut
952 966 1097 1021 locus
1123 976 1277 1031 quem
1312 973 1448 1012 unus
1477 958 1674 1027 digitus
1700 966 1928 1027 tegeret,
1960 970 2157 1010 vacuus

595 1061 815 1118 inveniri
859 1074 965 1113 non
996 1064 1173 1126 posset
1222 1071 1233 1106 :
1278 1056 1654 1122 ingressusque
1686 1050 1954 1104 basilicam
1987 1049 2152 1116 solus,

592 1150 851 1208 denudavi
875 1163 959 1202 me
978 1160 1158 1199 coram
1182 1151 1365 1196 sancto
1391 1140 1602 1195 altario.
1631 1138 1896 1194 Habebam
1920 1139 2058 1192 enim
2085 1136 2170 1206 ibi.

593 1244 874 1313 ampullam
904 1254 1023 1295 cum
1054 1237 1172 1289 oleo
1201 1234 1433 1303 plenam,
1460 1246 1615 1301 quam
1645 1231 1714 1285 de
1742 1229 1910 1284 sancti
1939 1228 2154 1282 Martini

591 1335 807 1394 basilica
839 1330 1130 1387 detuleram
1178 1342 1191 1378 :
1232 1341 1296 1380 ex
1320 1339 1422 1395 qua
1450 1320 1677 1393 propriis
1700 1321 1941 1375 manibus
1972 1334 2157 1374 omnes

591 1439 736 1483 artus
762 1423 1002 1496 peruuxi,
1031 1433 1257 1488 moxque
1279 1417 1456 1485 sopori
1488 1416 1689 1468 locatus
1718 1427 1855 1466 sum.
1885 1412 2155 1481 Experge-

592 1522 760 1575 factus
802 1530 931 1571 vero
981 1512 1124 1568 circa
1175 1508 1407 1563 medium
1454 1507 1655 1573 noctis,
1695 1520 1816 1559 cum
1847 1504 1910 1558 ad
1940 1519 2153 1558 cursum

591 1609 918 1668 reddendum
949 1615 973 1642 ἰ
1004 1617 1307 1674 surgerem,
1345 1601 1415 1654 ita
1456 1612 1647 1667 corpus
1688 1608 1855 1652 totum
1888 1596 2154 1652 incolume

2262 409 2336 461 ait
2365 425 2377 460 :
2411 410 2497 461 Ibo
2526 412 2589 462 ad
2639 410 2908 463 basilicam
2959 410 3094 463 luenti
3128 411 3332 465 Martini
3360 453 3375 477 ,
3411 421 3465 466 et
3493 421 3816 474 sacramentis

2263 512 2347 551 me
2411 515 2631 566 exuens,
2689 501 2941 555 innocens
2986 501 3199 557 reddar.
3263 504 3378 570 Quo
3451 505 3812 576 ingrediente,

2262 588 2441 657 elapsa
2468 593 2640 645 securi
2668 593 2736 647 de
2782 609 2939 647 manu
2980 594 3116 664 ejus,
3149 594 3213 649 ad
3266 598 3460 650 ostium
3519 600 3642 665 ruit,
3684 603 3817 670 gravi

2259 683 2436 737 cordis
2464 684 2647 739 dolore
2674 686 2971 751 perculsus,
3007 686 3394 758 confessusque
3425 700 3508 744 est
3532 693 3690 747 mirer
3713 709 3819 747 ver-

2259 773 2340 826 bis
2383 777 2628 840 pr0prtis,
2678 790 2796 843 qua:
2820 790 3038 830 venerat
3073 793 3329 833 excusare
3372 782 3639 848 pcrjuriis.
3676 783 3816 840 Alius

2259 864 2421 918 simili
2454 865 2611 918 modo
2639 881 2758 920 cum
2790 866 2856 921 de
2907 867 3164 921 incendiis
3205 869 3394 923 domus
3424 873 3583 926 vicini
3639 877 3714 929 sui
3741 892 3819 929 ar-

2259 963 2527 1023 gueretur,
2556 955 2631 1009 ait
2671 972 2685 1010 :
2722 956 2918 1010 Vadam
2968 959 3032 1010 ad
3084 961 3336 1027 templum
3389 963 3561 1015 sancti
3604 964 3812 1030 Martini,

2259 1053 2315 1098 et
2344 1045 2440 1097 ﬁde
2492 1046 2613 1099 data
2644 1048 2826 1101 insons
2857 1048 3163 1104 redditurus
3204 1061 3225 1089 ο
3257 1066 3350 1106 ero
3379 1054 3445 1105 ab
3465 1054 3564 1108 hoc
3592 1057 3813 1112 crimine.

2257 1135 2588 1190 Manifesmm
2633 1151 2751 1192 erat
2779 1139 2920 1192 enim
2946 1180 2947 1183 η
2978 1139 3119 1193 hunc
3145 1141 3361 1195 domum
3394 1144 3536 1197 illam
3589 1147 3810 1202 incendic

2261 1241 2652 1281 concremasse.
2698 1229 2899 1282 Abiens
2941 1239 3116 1282 autem
3163 1231 3228 1283 ad
3267 1247 3600 1289 sacramenta
3640 1237 3812 1301 danda,

2261 1333 2548 1372 conversus
2584 1320 2649 1373 ad
2695 1336 2814 1374 eum
2848 1361 2863 1385 ,
2898 1322 3006 1375 dixi
3055 1324 3101 1376 ei
3158 1340 3169 1375 :
3223 1324 3485 1390 Quantum
3538 1329 3815 1383 vicinorum

2262 1418 2470 1464 tuorum
2509 1411 2673 1465 dictat
2724 1415 2950 1468 assertio
2975 1456 2990 1477 ,
3023 1429 3126 1467 non
3166 1416 3275 1469 eris
3317 1417 3573 1473 innocens
3615 1423 3681 1474 ab
3730 1423 3818 1477 hoc

2260 1504 2485 1568 scelere;
2510 1504 2603 1557 sed
2629 1514 2802 1558 tamen
2826 1504 2963 1557 Deus
2988 1506 3179 1572 ubique
3201 1516 3301 1569 est,
3319 1519 3373 1562 et
3399 1510 3561 1564 virtus
3579 1513 3690 1579 ejus
3717 1513 3816 1582 ipsa

2258 1605 2339 1647 est
2372 1594 2687 1659 forinsecus,
2735 1610 2853 1663 qua:
2900 1594 3484 1653 hahe'turintrinsecus.
3536 1603 3727 1659 Tamen
3777 1604 3819 1659 si

589 1702 804 1771 reperi,
838 1712 900 1751 ac
945 1697 990 1749 si
1040 1693 1238 1747 nullum
1276 1704 1435 1757 super
1478 1704 1564 1741 me
1609 1688 1758 1741 ulcus
1794 1684 2146 1755 apparuisset.
2182 1686 2228 1747 Β
2256 1684 2323 1736 ita
2356 1692 2406 1737 te
2438 1699 2567 1737 vana
2618 1684 2806 1739 fiducia
2834 1686 3011 1755 cepit,
3048 1688 3185 1755 quod
3240 1689 3381 1744 Deus
3410 1692 3491 1745 vel
3524 1704 3689 1747 sancti
3714 1694 3820 1762 ejus

590 1791 720 1856 Quae
772 1786 986 1840 vulnera
1028 1796 1132 1835 non
1172 1779 1324 1832 aliter
1371 1776 1473 1830 nisi
1523 1790 1614 1844 per
1668 1772 1919 1829 iuvidiatu
1954 1771 2153 1827 inimici

589 1884 782 1937 emissa
813 1877 1056 1951 cognovi.
1096 1876 1162 1930 Et
1190 1873 1314 1944 quia
1342 1886 1555 1940 semper
1584 1871 1698 1938 ipse
1741 1869 1948 1923 invidus
1992 1867 2152 1922 Deum

586 1972 942 2043 qua-rentibus
962 1983 1155 2024 nocere
1180 1975 1422 2028 conatur,
1442 1960 1843 2017 advenientibus
1865 1959 2148 2029 episcopis,

585 2064 673 2133 qui
705 2080 788 2117 me
819 2063 985 2133 magis
1010 2060 1075 2112 ad
1107 2058 1205 2111 hoc
1232 2054 1505 2110 cohortari
1545 2054 1876 2118 debuerant,
1922 2062 1978 2104 ut
2003 2066 2151 2119 caep-

584 2165 694 2207 tum
746 2168 875 2220 Opus
922 2150 1180 2217 sagaciter
1222 2144 1491 2213 explicare
1538 2143 1786 2197 deberem
1815 2182 1831 2205 ,
1904 2141 2156 2196 dixerunt

585 2246 714 2300 mihi
749 2261 763 2297 :
797 2245 910 2297 Non
938 2253 1021 2296 est
1051 2254 1200 2306 aequa
1233 2238 1346 2290 haec
1370 2236 1449 2289 via
1476 2250 1632 2303 quam
1665 2234 1924 2301 sequeris,
1966 2249 2066 2288 nec
2096 2241 2151 2287 tu

588 2337 834 2407 ignobilis
866 2333 1101 2389 Simeoni
1133 2328 1157 2367 δ
1187 2330 1518 2383 Antiocheno
1543 2371 1558 2394 ,
1604 2327 1692 2395 qui
1718 2328 1976 2379 columna:
2001 2327 2149 2379 inse-

584 2428 692 2491 dit,
737 2425 934 2493 poteris
977 2420 1293 2489 comparari.
1337 2417 1440 2472 Sed
1472 2432 1567 2471 nec
1602 2417 1895 2478 cruciatum
1937 2418 2075 2471 hunc
2099 2426 2151 2471 te

584 2518 848 2571 sustinere
894 2514 1092 2584 patitur
1134 2512 1232 2565 loci
1284 2510 1520 2579 positio;
1563 2507 1827 2562 descende
1860 2509 2051 2575 potius,
2097 2517 2150 2562 et

584 2623 701 2663 cum
735 2605 1011 2669 fratribus,
1044 2616 1177 2672 quos
1218 2599 1513 2671 aggregasti
1547 2609 1742 2663 tecum,
1780 2597 2036 2651 inhabita.
2067 2597 2148 2650 Ad

583 2713 808 2766 quoium
838 2698 998 2750 verba
1020 2735 1035 2759 ,
1082 2694 1205 2761 quia
1246 2690 1552 2746 sacerdotes
1577 2704 1680 2741 non
1704 2688 1955 2741 obaudire
1983 2690 2148 2740 ascri-

584 2793 720 2849 bitur
747 2788 963 2845 crimini
991 2832 1004 2856 ,
1036 2786 1456 2849 descendebant,
1502 2784 1691 2849 fateor,
1723 2793 1775 2836 et
1812 2781 2144 2835 ambulabam

586 2900 704 2940 cum
743 2882 975 2945 eisdem,
1020 2893 1080 2932 ac
1124 2878 1298 2933 cibum
1346 2876 1541 2942 pariter
1575 2873 1868 2941 capiebant.
1910 2872 2144 2937 Quadam

585 2988 711 3028 vero
742 2972 828 3025 die
860 2982 1153 3041 provocans
1183 2982 1266 3019 me
1293 2964 1591 3033 episcopus,
1618 2964 1824 3030 longius
1865 2962 1929 3015 ad
1961 2962 2141 3015 villam

2257 1777 2307 1830 in
2335 1776 2583 1845 periuriis
2624 1792 2726 1830 non
2757 1777 3097 1841 ulciscantur,
3124 1795 3250 1835 ecce
3274 1783 3531 1851 templum
3563 1798 3816 1854 sanctum,

2252 1867 2607 1936 econtrajura
2640 1876 2697 1923 ut
2726 1869 2890 1936 libet;
2936 1871 3098 1941 390
3128 1886 3247 1925 nam
3277 1874 3483 1930 calcare
3533 1877 3690 1933 limen
3735 1893 3821 1933 sa-

2250 1974 2398 2014 crum
2430 1976 2533 2014 non
2570 1962 2912 2029 permitteris.
2942 1968 3010 2017 At
3057 1965 3143 2018 ille
3167 1965 3387 2022 elevatis
3418 1971 3681 2034 manibus,
3709 1972 3777 2025 ait
3803 1989 3816 2022 :

2252 2050 2353 2104 Per
2391 2052 2812 2121 omnipotentem
2864 2052 3026 2107 Deum
3057 2064 3110 2109 et
3158 2057 3406 2111 virtutem
3439 2059 3579 2113 beati
3623 2061 3818 2114 Martini

2250 2141 2500 2194 antistitis
2527 2143 2662 2209 ejus,
2683 2144 2805 2212 quia
2836 2142 2935 2197 hoc
2960 2144 3263 2199 incendium
3291 2163 3395 2201 non
3434 2148 3647 2203 admisi.
3674 2150 3817 2203 Datis

2251 2234 2427 2303 itaque
2455 2236 2801 2290 sacramentis
2825 2279 2840 2305 ,
2874 2236 2999 2290 dum
3055 2238 3374 2305 recederet,
3424 2240 3593 2294 visum
3647 2250 3727 2297 est
3772 2244 3818 2296 ei

2249 2328 2404 2396 quasi
2433 2326 2501 2381 ab
2534 2328 2652 2395 igne
2678 2329 3029 2392 circumdari;
3058 2338 3111 2383 et
3134 2331 3315 2384 statim
3341 2347 3500 2387 ruens
3530 2336 3579 2387 in
3610 2345 3817 2399 terram,

2250 2417 2484 2471 clamare
2512 2420 2676 2487 coepit
2703 2434 2761 2472 se
2781 2433 2810 2471 a
2838 2419 2993 2473 beato
3019 2419 3255 2475 antistite
3285 2424 3627 2479 vehementer
3645 2428 3813 2480 exuri.

2249 2509 2435 2563 Aiebat
2467 2510 2609 2563 enim
2665 2511 2872 2565 miser:
2923 2510 3113 2566 Testor
3166 2512 3352 2580 Deum,
3398 2515 3515 2583 quia
3560 2531 3657 2585 ego
3704 2517 3811 2571 vidi

2248 2601 2422 2668 ignem
2452 2601 2516 2655 de
2547 2603 2687 2657 caelo
2727 2601 2945 2667 cadere,
2978 2604 3069 2672 qui
3126 2619 3211 2658 me
3252 2605 3580 2659 circumdans
3622 2605 3819 2660 validis

2248 2691 2529 2759 vaporibus
2557 2692 2771 2746 conIlat.
2800 2693 2861 2746 Et
2892 2692 3016 2747 dum
3061 2693 3175 2748 haec
3206 2695 3427 2759 diceret,
3451 2697 3687 2764 spiritum
3720 2714 3817 2749 ex-

2249 2780 2464 2834 halavit.
2513 2780 2691 2836 Multis
2750 2784 2863 2837 haec
2892 2799 3051 2838 causa
3098 2784 3472 2840 documentum
3522 2786 3636 2850 fuit,
3666 2804 3731 2842 ne
3762 2789 3812 2843 in

2248 2870 2350 2926 hoc
2380 2871 2496 2927 loco
2525 2873 2783 2928 auderent
2813 2874 3033 2929 ulterius
3062 2875 3319 2944 pejera:e.
3347 2875 3578 2931 Plurima
3604 2879 3814 2949 quidem

2245 2968 2313 3022 de
2340 2969 2421 3023 his
2450 2970 2734 3025 virtutibus
2755 2976 2840 3025 hic
2865 2972 3118 3026 diaconus
3145 2972 3346 3035 retulit,
3386 2989 3505 3039 quae
3527 2975 3673 3044 sequi
3704 2976 3815 3029 lon-

584 3064 759 3119 emisit
790 3060 1059 3128 epeiarios
1102 3073 1219 3111 cum
1250 3056 1412 3109 scutis
1434 3065 1487 3108 et
1517 3054 1717 3107 malleis
1757 3068 1819 3106 ac
1845 3052 2137 3118 securibus,
2170 3048 2215 3111 C
2244 3073 2365 3128 gum
2393 3060 2589 3128 putavi.

586 3167 641 3210 et
668 3154 926 3207 eliserunt
964 3152 1266 3204 columnam
1301 3152 1350 3201 in
1379 3161 1480 3216 qua
1508 3158 1649 3200 stare
1674 3146 1859 3199 solitus
1888 3161 2053 3199 eram.
2086 3146 2139 3199 In

584 3247 817 3300 crastino
856 3252 1029 3295 autem
1062 3241 1278 3294 veniens
1301 3279 1315 3302 ,
1364 3238 1539 3292 inveni
1571 3238 1732 3307 389
1768 3239 1942 3289 omnia
1986 3236 2144 3290 diSsi-

585 3349 735 3406 pata,
768 3336 991 3404 ﬂevique
1031 3332 1406 3397 vehementer;
1437 3330 1528 3385 sed
1553 3334 1756 3397 erigere
1791 3330 1999 3398 nequivi
2024 3346 2140 3396 qua:

581 3430 967 3482 destruxerant.
992 3440 1057 3476 ne
1080 3422 1286 3475 dicerer
1302 3421 1598 3474 contrarius
1620 3419 1940 3485 jussiOnibus
1966 3433 2142 3473 sacer-

580 3522 790 3585 dotum,
815 3526 871 3572 et
899 3532 962 3571 ex
996 3516 1124 3576 hoc,
1156 3518 1293 3568 sicut
1316 3527 1456 3567 nunc
1486 3513 1694 3575 habito,
1728 3526 1847 3566 cum
1890 3511 2138 3565 fratribus

578 3611 815 3664 habitare
842 3617 1118 3662 contentus
1142 3619 1279 3657 sum.

655 3699 786 3756 XVI.
826 3697 921 3751 Cui
953 3710 1075 3750 cum
1100 3697 1166 3748 de
1196 3693 1474 3748 virtutibus
1508 3692 1648 3747 beati
1693 3692 1899 3747 Martini
1927 3706 2055 3763 quas
2083 3692 2133 3746 in

580 3807 645 3847 eo
676 3792 794 3845 loco
814 3797 1059 3856 operatus
1085 3796 1199 3850 est,
1225 3787 1398 3853 aliqua
1430 3794 1486 3838 ut
1529 3786 1823 3839 declararet
1871 3798 2133 3853 exposce-

574 3901 712 3952 retn,
742 3884 855 3937 haec
910 3882 1108 3936 retulit.
1153 3879 1337 3932 Franci
1395 3878 1684 3947 cujusdam,
1716 3888 1770 3932 et
1822 3878 2131 3932 nobilissimi

570 3977 623 4031 in
654 3985 811 4046 gente
844 3987 937 4027 sua
967 3973 1087 4037 viri,
1121 3971 1260 4023 filius
1299 3980 1473 4023 mutus
1501 3970 1796 4035 surduSque
1843 3978 1992 4022 erat:
2024 3968 2132 4021 ad-

574 4067 874 4133 ductosque
903 4078 933 4117 a
957 4061 1258 4131 parentibus
1283 4062 1345 4113 ad
1378 4061 1511 4114 hanc
1537 4061 1824 4125 basilicam,
1852 4061 1983 4128 jussi
2011 4075 2129 4114 eum

568 4175 690 4214 cum
723 4158 945 4211 diacono
969 4169 1089 4209 meo
1115 4165 1166 4207 et
1209 4153 1312 4207 alio
1344 4153 1602 4217 ministro,
1634 4152 1771 4205 intra
1804 4152 1970 4220 ipsum
1994 4161 2129 4205 teut-

568 4251 711 4318 plum
754 4256 992 4302 sanctum
1040 4245 1091 4298 in
1137 4244 1332 4298 lectulo
1373 4245 1741 4313 requiescere;
1792 4253 1843 4297 et
1872 4258 1962 4311 per
1990 4243 2130 4296 diem

568 4340 779 4407 quidem
826 4336 1050 4391 orationi
1101 4335 1359 4389 vaeabat:
1394 4342 1547 4387 nocte
1576 4342 1747 4387 autem
1799 4334 1853 4387 in
1886 4336 2017 4401 ipsa,
2074 4342 2131 4387 ut

2318 3150 2475 3205 XVII.
2531 3153 2663 3207 Cum
2713 3165 2887 3209 autem
2942 3155 3154 3210 inloco
3196 3157 3286 3211 illo
3339 3174 3812 3223 commoraremur,

2243 3240 2471 3294 vidimus
2498 3257 2588 3308 per
2614 3242 2747 3297 duas
2793 3252 2977 3299 noctes
3000 3247 3146 3315 signa
3191 3248 3243 3299 in
3264 3248 3427 3312 CIBIO,
3471 3250 3520 3302 id
3543 3258 3624 3303 est
3644 3251 3815 3305 radios

2242 3345 2270 3384 a
2300 3342 2448 3399 parte
2470 3334 2746 3401 Aquilonis
2771 3344 2875 3387 tam
2909 3338 3054 3390 clare
3100 3338 3429 3406 splendidos,
3464 3351 3520 3393 ut
3570 3342 3715 3409 prius
3738 3356 3812 3397 διο

2242 3422 2549 3490 apparuisse
2594 3437 2698 3477 non
2749 3424 2946 3478 fuerint
2983 3428 3100 3491 visi,
3127 3437 3179 3480 et
3220 3428 3288 3481 ab
3326 3440 3547 3497 utraque
3598 3432 3809 3501 quidem

2244 3522 2411 3578 parte,
2445 3513 2493 3566 id
2522 3522 2605 3567 est
2630 3515 2696 3567 ab
2725 3516 2886 3580 Euro,
2913 3527 2961 3569 et
2993 3516 3259 3588 Zephyro,
3287 3519 3456 3574 nubes
3486 3523 3806 3590 sanguineae;

2243 3602 2395 3655 tertia
2435 3618 2561 3656 vero
2593 3614 2747 3657 nocte
2794 3602 2943 3672 quasi
2996 3608 3137 3658 hora—
3170 3608 3399 3660 secunda
3452 3619 3811 3675 apparuerunt

2242 3692 2296 3748 hi
2316 3696 2466 3747 radii.
2496 3695 2708 3750 Etecce
2736 3696 2859 3748 dum
2894 3697 2991 3751 bos
3038 3698 3352 3751 miraremur
3391 3700 3626 3765 atteniti,
3686 3716 3810 3754 sur-

2238 3799 2491 3839 reseruat
2517 3801 2545 3837 a
2577 3796 2801 3854 quatuor
2824 3786 2990 3855 plagis
3016 3788 3194 3841 mundi
3225 3789 3313 3841 alii
3347 3788 3537 3842 horum
3580 3789 3808 3849 similes.

2237 3876 2570 3944 vidimusque
2594 3886 2755 3929 totum
2798 3878 2990 3931 coelum
3023 3878 3088 3932 ab
3118 3878 3196 3932 his
3232 3880 3449 3947 operiri.
3483 3880 3544 3933 Et
3569 3890 3684 3934 erat
3715 3897 3811 3934 nu-

2237 3965 2331 4019 bes
2364 3970 2411 4019 in
2436 3966 2612 4021 medio
2657 3968 2775 4021 caeli
2820 3970 3117 4034 splendida,
3156 3974 3220 4022 ad
3264 3986 3421 4038 quam
3476 3986 3536 4024 se
3568 3973 3618 4025 hi
3676 3972 3806 4025 radii

2236 4058 2553 4125 colligebant
2599 4058 2649 4111 in
2681 4058 2890 4112 modum
2934 4060 3168 4123 tentorii,
3200 4061 3337 4128 quod
3378 4061 3447 4114 ab
3478 4065 3582 4114 imo
3601 4076 3665 4114 ex
3691 4077 3805 4116 am-

2237 4150 2487 4216 plioribus
2531 4150 2815 4217 inemptum
2858 4152 3035 4205 fasciis
3074 4153 3368 4220 angustatis
3420 4153 3470 4205 in
3521 4153 3715 4217 altum,
3756 4158 3805 4209 in

2237 4240 2641 4293 unmnrcuculli
2698 4253 2852 4309 caput
2901 4258 3043 4310 same
3093 4243 3379 4312 colligitur.
3428 4245 3697 4313 Erantque
3756 4262 3805 4297 ιιι

2237 4328 2409 4381 medio
2433 4329 2700 4384 radiorum
2748 4343 2799 4386 ct
2843 4332 2962 4387 aliae
2994 4334 3162 4388 nubes
3189 4349 3283 4389 ceu
3323 4350 3602 4389 coruscum
3632 4338 3806 4390 valide

569 4429 826 4491 diximus,
869 4425 983 4479 aede
1003 4425 1320 4478 dormiebat.
1351 4422 1677 4491 Quandoque
1710 4422 1990 4477 miserante
2013 4423 2125 4480 Deo
2160 4419 2212 4478 D
2238 4418 2584 4489 fulgurantes.
2624 4423 2771 4489 Quod
2821 4426 3028 4493 signum
3086 4442 3330 4497 magnum
3383 4428 3535 4483 nabis
3581 4430 3805 4498 ingessit

568 4519 812 4587 apparuit
847 4515 975 4570 mihi
1007 4517 1057 4568 in
1108 4516 1311 4568 visione
1344 4514 1526 4568 beatus
1565 4513 1822 4568 Martinus
1854 4554 1868 4576 ,
1900 4514 2118 4571 dicens:

566 4609 713 4676 Εῇίοθ
745 4621 939 4674 agnum
970 4606 1037 4659 de
1065 4604 1301 4669 basilica,
1330 4606 1449 4671 quia
1474 4604 1581 4671 jam
1625 4617 1783 4656 sanus
1826 4603 1992 4656 factus
2019 4613 2119 4659 est.

561 4701 717 4756 Mane
769 4709 944 4751 autem
979 4696 1153 4761 facto,
1189 4695 1451 4763 cogitante
1505 4711 1590 4748 nte
1640 4696 1779 4762 quod
1831 4704 1973 4750 esset
2024 4696 2123 4751 hoc

556 4792 841 4856 somnium,
906 4790 1051 4842 venit
1088 4788 1153 4840 ad
1206 4804 1291 4841 me
1338 4804 1483 4853 puer,
1534 4796 1587 4841 et
1616 4789 1861 4844 emittens
1916 4804 2117 4855 vocem,

554 4883 751 4949 gratias
780 4895 938 4949 agere
970 4878 1079 4932 Deo
1110 4878 1287 4945 etepit,
1322 4893 1717 4947 conversusque
1744 4879 1809 4934 ad
1859 4896 1973 4947 me,
2005 4884 2078 4935 ait
2104 4899 2117 4935 :

558 4977 765 5028 (iratius
793 4990 893 5039 ago
939 4973 1044 5025 Deo
1072 4970 1442 5037 omnipotenti,
1473 4975 1559 5034 qui
1603 4972 1728 5024 mihi
1767 4980 1820 5025 et
1855 4972 2119 5040 eloquium

557 5066 805 5129 reddidit,
833 5073 885 5117 et
906 5062 1159 5116 auditum.
1192 5061 1264 5113 Ex
1301 5059 1399 5112 hoc
1419 5075 1578 5113 sanus
1619 5061 1889 5126 redditus,
1918 5063 1983 5116 ad
2022 5064 2121 5118 do-

551 5171 693 5208 mum
726 5156 899 5208 rediit.
946 5153 1095 5207 Alius
1122 5168 1246 5205 vero
1260 5150 1345 5218 qui
1365 5151 1671 5219 plerumque
1701 5156 1751 5206 in
1777 5154 1927 5209 furtis
1948 5156 2121 5210 diver-

550 5246 729 5314 sisque
769 5245 1062 5300 sceleribus
1107 5245 1419 5298 commistus
1452 5241 1693 5312 pejerare
1734 5257 2115 5317 consueverat,

619 5434 647 5464 α
678 5427 727 5478 ΙίΙ
762 5438 861 5487 est,
911 5428 972 5480 ad
1007 5426 1330 5481 recitandum
1365 5426 1592 5479 officium
1638 5427 1893 5483 divinum.

616 5494 644 5534 δ
683 5496 917 5572 Celebris
938 5508 1171 5572 sanctus
1193 5498 1433 5572 _$i:tieot_i
1478 5498 1715 5572 Stylites,
1767 5500 1835 5553 de
1856 5516 1976 5572 otto
2001 5502 2113 5572 ipso

542 5566 826 5629 Gregorius
859 5568 905 5616 in
938 5566 1071 5618 libro
1094 5568 1157 5619 de
1183 5567 1359 5618 Gloria
1392 5568 1465 5617 (io
1489 5566 1657 5631 ifess.,
1693 5583 1811 5634 cap.
1843 5570 1932 5625 9.6.

616 5647 637 5677 ι
687 5640 774 5692 5.0
802 5638 943 5690 Uolb.
976 5652 1046 5689 tu.
1080 5646 1131 5691 et
1159 5637 1312 5705 Bad.;
1341 5636 1429 5691 alii
1455 5652 1600 5703 vero,
1631 5640 1905 5695 rediturus.

2228 4522 2428 4565 metum
2476 4513 2572 4584 (γ.
2605 4531 2759 4583 supra
2782 4534 2896 4585 cap.
2932 4518 3045 4585 224).
3098 4519 3517 4588 Opperiebamur
3536 4522 3680 4573 enim
3714 4541 3803 4575 su-

2229 4619 2323 4673 per
2361 4621 2456 4656 nos
2486 4605 2714 4674 aliquam
2743 4608 2945 4675 plagam
2977 4610 3042 4661 de
3072 4610 3203 4662 ctelo
3249 4610 3555 4664 transmitti.

2300 4696 2481 4750 XVIII.
2514 4696 2884 4752 Cbildehertus
2916 4714 3043 4753 vero
3072 4716 3165 4754 rex
3193 4704 3640 4770 compellentibns
3670 4708 3791 4760 mis-

2229 4786 2303 4840 sis
2328 4789 2705 4857 imperialibus,
2738 4788 2825 4858 qui
2849 4806 3032 4843 aurum
3061 4791 3200 4860 quod
3232 4807 3371 4845 anno
3406 4796 3684 4860 superiore
3710 4799 3785 4851 da-

2232 4890 2341 4933 tum
2374 4880 2565 4947 fuerat,
2600 4882 2919 4949 requirebat,
2952 4883 3245 4936 exercitum
3275 4885 3326 4936 in
3356 4884 3558 4938 Italiam
3594 4886 3781 4960 dirigit

2232 4972 2403 5027 Sonus
2431 4975 2572 5025 enim
2593 4987 2703 5026 erat
2731 4989 2966 5028 sororem
3015 4991 3163 5029 suam
3187 4975 3476 5045 Ingundem
3518 4994 3627 5047 jam
3660 4981 3778 5037 Con

2228 5064 2630 5130 stantinopolim
2685 5061 2849 5118 fuisse
2927 5067 3259 5119 translatam.
3310 5066 3414 5122 Sed
3462 5084 3583 5122 cum
3633 5070 3805 5125 duce

2230 5157 2367 5210 inter
2392 5171 2450 5209 se
2480 5159 2882 5221 altercarentur,
2916 5163 3141 5219 regressi
3164 5169 3288 5214 sunt
3334 5162 3451 5216 sine
3482 5163 3643 5217 ullius
3663 5165 3802 5223 lucri

2227 5249 2609 5319 conquisitione
2663 5246 2733 5313 d;
2789 5266 2908 5303 nam
2948 5250 3181 5305 Wintrio
3236 5254 3339 5306 dux
3396 5270 3427 5306 a
3479 5257 3805 5323 pagensibus

2290 5430 2316 5466 d
2354 5429 2480 5483 Vide
2509 5428 2660 5482 Paul.
2714 5428 2859 5481 Diac.
2892 5427 2981 5482 lib.
3014 5443 3066 5482 ιιι
3095 5428 3229 5482 llist.
3262 5428 3524 5499 Langob.,
3552 5444 3675 5495 cap.
3704 5430 3799 5495 22,

2218 5511 2273 5555 et
2300 5500 2615 5554 Chronicum
2644 5499 2797 5551 Joan.
2834 5500 3021 5551 Iliclar.
3049 5502 3115 5553 de
3140 5499 3435 5553 Wiutrione
3457 5501 3590 5555 infra
3621 5502 3717 5556 lib.
3742 5519 3799 5567 ς,

2219 5587 2336 5637 cap.
2393 5569 2446 5621 5.
2506 5571 2557 5621 Ιιι
2616 5569 2918 5639 Fretlegarii
2964 5570 3247 5639 Chronic".
3289 5586 3405 5639 cap.
3461 5572 3548 5634 ιι,
3600 5573 3801 5627 dicitur

2223 5610 2457 5707 Ennio
2491 5641 2595 5692 dux
2638 5612 2947 5711 cruminam.
2996 5637 3044 5693 Is
3073 5655 3135 5695 ex
3166 5610 3564 5697 Glidiiarﬁlialil
3610 5642 3799 5700 habuit
