3942 6190
532 269 635 326 465

1488 258 1546 314 s.
1586 255 1912 314 casconu
1951 224 2253 310 spissum
2294 239 2720 304 ruannsnsrs

3700 222 3803 282 £61

532 393 666 453 quas
694 378 745 433 in
772 374 959 431 exsilio
986 371 1188 445 positus
1233 369 1472 439 scalpsit,
1503 385 1683 424 coram
1724 372 1987 440 episcopis
2018 382 2104 422 re-
2130 395 2144 428 Α

2245 396 2319 449 [σε
2339 388 2464 435 sunt
2487 379 2535 432 ei
2572 375 2821 442 deinceps
2847 384 3034 425 omnes
3055 383 3164 434 res,
3193 381 3322 437 quas
3344 366 3409 421 in
3443 364 3710 420 Arverno
3738 361 3802 419 de

533 468 737 527 citavit.
764 466 893 534 Quae
942 464 1254 536 quibusdam
1307 461 1519 532 quidem
1551 462 1877 530 placuerant,
1918 474 1950 514 a
1988 459 2106 529 qui-

532 560 757 619 busdam
786 572 917 613 vero
945 598 960 623 ,
1008 556 1131 626 quia
1171 563 1341 610 artem
1380 563 1595 610 secutus
1648 555 1867 609 minime
1910 552 2104 619 fuerat,

534 648 1083 721 reprehendebantur.
1109 646 1291 716 Stylus
1318 654 1494 699 tamen
1523 660 1615 712 per
1645 644 1761 700 loca
1780 642 2111 699 ecclesiasti-

540 756 635 799 cus
686 750 741 796 et
765 736 1092 795 rationabilis
1134 744 1269 791 erat.
1314 736 1502 791 (Sardes
1529 746 1705 789 autem
1747 749 1934 804 magna
1988 744 2113 788 tunc

544 834 687 890 inter
709 832 937 887 famulos
957 829 1124 884 Prisci
1167 837 1195 867 ι
1220 829 1457 898 episcopi
1511 837 1566 882 et
1611 826 1932 895 Leudegisili
1961 825 2112 881 ducis

546 926 663 981 fuit.
691 925 900 978 Priscus
923 932 1099 977 tamen
1131 921 1415 990 episcopus
1462 920 1526 974 ad
1556 920 1901 975 coemendum
1925 934 2113 989 pacem

548 1018 773 1073 multum
807 1015 1046 1082 pecunie
1094 1014 1303 1069 obtulit.
1356 1014 1445 1068 llis
1494 1012 1650 1067 etiam
1704 1012 1893 1067 diebus
1944 1011 2116 1067 Gunt-

547 1114 835 1163 chramnus
865 1124 958 1163 rex
986 1108 1219 1178 graviter
1242 1106 1543 1175 aegrotavit,
1589 1105 1659 1159 ita
1690 1112 1749 1159 ut
1791 1112 2067 1174 putaretur
2087 1119 2117 1159 a

545 1196 855 1267 quibusdam
889 1212 992 1252 non
1032 1211 1189 1266 posse
1234 1210 1453 1264 prorsus
1489 1194 1715 1250 evadere
1745 1211 1760 1248 :
1792 1195 1930 1264 quod
1959 1194 2120 1252 credo

544 1286 877 1356 providentia
932 1286 1029 1341 Dei
1079 1285 1269 1340 fuisset
1318 1283 1413 1356 [Ιι.
1444 1282 1587 1355 fuit].
1644 1283 1923 1356 Cogitabat
1976 1287 2119 1341 enim

547 1377 743 1433 multos
785 1379 1155 1445 episcoporum
1202 1376 1395 1432 exsilio
1451 1376 1756 1431 detrudere.
1812 1376 2125 1433 Theodorus

548 1467 728 1535 itaque
752 1470 1067 1539 episcopus,
1099 1468 1163 1523 ad
1203 1469 1389 1525 urbem
1421 1484 1570 1524 suam
1592 1483 1888 1541 regressus,
1914 1468 2126 1527 favente
2163 1464 2166 1468 ’

557 1561 703 1614 omni
734 1560 933 1628 populo
958 1576 1078 1614 eum
1109 1560 1262 1615 laude
1287 1569 1564 1629 susceptus
1594 1570 1696 1617 est.

2210 471 2325 529 fisci
2377 481 2600 525 munere
2649 469 3037 535 promeruerat.
3092 459 3194 513 Sed
3232 470 3283 514 et
3309 457 3676 512 diversorum
3724 469 3806 512 res

2210 579 2341 633 quas
2370 560 2508 614 male
2532 561 2859 623 pervaserat,
2890 567 3011 608 cum
3033 547 3346 605 confusione
3376 546 3645 617 reliquit.

2284 650 2449 705 XXII.
2521 647 2699 702 Lahan
2758 643 3062 698 llelosensis
3126 640 3418 709 episcopus
3455 646 3483 675 ο
3520 639 3631 690 hoc
3673 650 3806 689 anno

2213 741 2367 796 obiit.
2415 739 2508 793 Cui
2556 736 2861 792 Desiderius
2891 749 2956 787 ex
2998 732 3132 786 laico
3161 729 3447 785 successit.
3496 726 3641 783 Cum
3670 727 3806 797 jure-

2213 837 2438 908 jurando
2464 836 2606 891 enim
2640 849 2732 887 rex
2776 829 3042 900 pollicitus
3073 827 3285 893 fuerat,
3336 840 3402 881 se
3438 838 3726 892 nunquam
3747 836 3809 876 ex

2217 929 2368 983 laicis
2417 929 2728 997 episcOpum
2782 922 3175 976 ordinaturum.
3233 917 3337 974 Sed
3398 915 3544 986 quid
3602 924 3807 985 pectora

2219 1023 2449 1078 humana
2480 1021 2639 1093 395
2666 1033 2768 1073 non
2816 1026 2969 1086 cogat
3023 1014 3137 1069 auri
3192 1028 3341 1068 sacra
3390 1010 3621 1067 fames?
3668 1009 3807 1065 Bert-

2219 1117 2507 1172 chramnus
2540 1129 2664 1168 vero
2694 1124 2969 1183 regressus
2996 1125 3061 1163 ex
3091 1105 3327 1178 synodo,
3368 1120 3402 1160 a
3452 1102 3619 1158 febre
3647 1100 3805 1157 corri-

2221 1209 2391 1279 pitur;
2443 1205 2804 1274 art-essitoque
2833 1201 3099 1258 Waldone
3121 1200 3365 1261 diacono,
3404 1197 3506 1267 qui
3538 1205 3598 1251 et
3625 1195 3735 1263 ipse
3759 1193 3806 1249 in

2222 1302 2487 1371 baptismo
2528 1298 2944 1352 Bertchramuus
2989 1293 3253 1347 vocitatus
3292 1299 3400 1355 est,
3456 1302 3729 1343 summam
3761 1286 3805 1343 ei

2223 1388 2509 1449 sacerdotii
2538 1388 2776 1457 deputat,
2809 1398 3102 1454 omnesque
3120 1382 3489 1444 conditiones,
3519 1388 3631 1433 tam
3658 1387 3807 1432 testa-

2226 1481 2393 1539 menti
2433 1495 2594 1552 quam
2644 1478 3091 1534 benemeritorum
3136 1488 3390 1536 suorum,
3426 1471 3534 1541 ipsi
3579 1469 3807 1525 commit-

2223 1576 2312 1631 tit.
2357 1572 2474 1641 Quo
2511 1570 2843 1638 discedente,
2892 1569 2978 1622 hic
3032 1565 3275 1634 Spiritum
3331 1558 3689 1617 exhalavit'.
3718 1559 3807 1615 Re—

625 1650 763 1705 ΧΧῙ·
817 1651 995 1719 Itaque
1023 1666 1144 1707 cum
1177 1652 1291 1707 haec
1328 1651 1565 1722 SYMdl's
1595 1661 1865 1721 θεετθιυτ.
1907 1652 2126 1709 οιιῖιδθ²
2153 1734 2186 1736 _
2226 1678 2443 1736 gressus
2466 1662 2723 1717 diaconus
2743 1674 2864 1715 cum
2889 1656 3197 1712 muneribus
3224 1664 3278 1710 et
3302 1668 3590 1709 consensu
3620 1651 3804 1707 civium

551 1743 736 1799 bertus
762 1761 857 1800 rex
886 1746 1022 1815 apud
1054 1746 1439 1801 Belsbnancum
1469 1746 1645 1801 villam
1678 1753 1704 1785 υ
1727 1787 1744 1813 ,
1784 1762 1903 1817 quze
1931 1748 1982 1801 in
2010 1761 2125 1803 me-
2151 1734 2201 1795 Β
2227 1734 2292 1813 ad
2320 1771 2498 1826 regem
2524 1759 2797 1822 properat,
2814 1748 2907 1805 sed
2925 1747 3061 1802 nihil
3086 1746 3338 1802 obtinuit.
3362 1743 3526 1798 Tunc
3550 1756 3669 1807 rex,
3696 1740 3806 1794 data

555 1835 646 1891 dio
687 1836 1085 1891 Ardoennensis
1110 1838 1259 1891 silvae
1288 1839 1386 1892 sita
1416 1847 1520 1904 est,
1560 1853 1680 1892 cum
1710 1839 1820 1893 suis
1849 1838 2127 1909 conjungi-

554 1936 665 1984 tur.
708 1928 887 1985 lbioue
932 1929 1286 1984 Brunichildis
1329 1932 1511 2001 regina
1561 1945 1657 1998 pro
1710 1930 1945 2001 lngunde
1997 1930 2127 1996 ﬁlia,

556 2036 676 2092 qua:
706 2022 881 2077 adhuc
906 2023 959 2076 in
992 2024 1168 2077 Africa
1191 2024 1492 2088 tenebatur,
1519 2022 1684 2094 395
1711 2023 1957 2078 omnibus
1987 2023 2132 2092 prio-

555 2114 705 2170 ribus
730 2125 917 2182 questa
945 2124 1025 2168 est
1060 2131 1074 2167 :
1107 2116 1199 2170 sed
1235 2130 1419 2184 parum
1451 2115 1834 2169 consolationis
1878 2114 2126 2169 emeruit.

558 2204 708 2261 Tunc
736 2216 920 2260 contra
959 2206 1222 2261 Bosonem
1262 2206 1723 2261 Gnntchramnum
1753 2222 1914 2261 causa
1942 2206 2130 2262 exori-

559 2305 668 2350 tur.
711 2300 850 2351 Ante
876 2311 1069 2364 paucos
1093 2306 1269 2350 autem
1297 2296 1415 2350 dies
1439 2305 1646 2351 mortua
1677 2297 1975 2367 prepinqua
2003 2312 2136 2351 uxo-

560 2384 639 2441 ris
667 2384 784 2455 ejus
808 2387 926 2440 sine
952 2385 1091 2451 ﬁliis,
1123 2386 1179 2440 in
1202 2387 1417 2443 basilica
1450 2389 1598 2442 urbis
1627 2389 1902 2443 Mettensis
1927 2389 2133 2458 sepulta

561 2484 647 2533 est
670 2490 790 2531 cum
818 2475 1108 2546 grandibus
1122 2478 1452 2532 ornamentis
1474 2489 1528 2534 et
1556 2480 1727 2534 multo
1747 2495 1899 2534 auro.
1918 2480 2134 2534 Factum

562 2576 650 2624 est
714 2578 913 2634 autem,
950 2575 1010 2623 ut
1050 2580 1166 2638 post
1202 2570 1318 2625 dies
1362 2584 1562 2640 paucos
1604 2572 1821 2627 adesset
1872 2572 2137 2628 festivitas

567 2658 707 2715 beati
733 2657 958 2729 Remigii
995 2669 1017 2699 ο
1044 2699 1059 2725 ,
1091 2675 1209 2731 quae
1237 2662 1289 2715 in
1318 2662 1471 2716 initio
1501 2662 1699 2719 mensis
1722 2662 1969 2719 Octobris
1996 2662 2141 2720 cele-

566 2749 770 2805 bratur.
815 2751 1221 2807 Discedentibus
1245 2751 1271 2789 ά
1295 2766 1472 2808 autem
1516 2754 1697 2809 multis
1723 2770 1754 2809 e
1781 2754 1993 2810 civitate
2018 2770 2138 2810 cum

566 2842 839 2913 episcopo,
881 2851 937 2899 et
966 2846 1263 2914 praesertim
1309 2846 1609 2901 senioribus
1652 2845 1796 2901 urbis
1825 2861 1943 2900 cum
1982 2846 2136 2913 duce,

568 2944 835 2990 venerunt
859 2936 1007 3004 pueri
1058 2937 1283 2992 Bosonis
1314 2937 1697 2993 Guntchramni
1740 2937 1804 2992 ad
1842 2938 2138 3004 basilicam,

568 3031 623 3086 in
652 3048 754 3101 qua
783 3032 980 3087 mulier
1008 3044 1122 3087 erat
1152 3035 1380 3103 sepulta.
1409 3034 1661 3104 ingressi,
1684 3033 1951 3088 conclusis
1979 3048 2142 3103 super

2229 1847 2613 1921 praeceptione,
2632 1842 2797 1913 jussit
2822 1838 3225 1910 Gundegisilum
3252 1836 3618 1895 Santonicum
3649 1830 3809 1887 comi-

2230 1951 2361 2008 tem,
2419 1941 2777 2006 cognomento
2825 1930 3124 1995 Dodonem,
3164 1929 3483 1999 episcopum
3535 1922 3802 1981 ordinari:

2228 2041 2546 2101 gestumque
2582 2036 2665 2081 est
2693 2025 2788 2079 ita.
2830 2024 2897 2078 Et
2920 2023 3043 2093 quia
3082 2021 3233 2077 multi
3276 2020 3605 2076 clericorum
3632 2015 3807 2072 Santo-

2233 2125 2477 2179 nicorum
2519 2130 2644 2175 ante
2683 2118 2945 2191 synodum
2985 2116 3387 2171 consentientes
3438 2111 3805 2168 Bertchramno

2230 2217 2507 2285 episcopo,
2539 2214 2594 2267 in
2630 2210 2927 2265 Palladium
2959 2206 3293 2263 sacerdmem
3324 2220 3489 2261 suum
3520 2203 3698 2272 aliqua
3723 2198 3806 2252 ad-

2232 2321 2389 2361 versa
2422 2303 2875 2372 conscripserant,
2933 2315 3053 2370 quae
3100 2298 3149 2353 ei
3198 2298 3557 2351 humilitatem
3608 2294 3802 2362 iugere-

2236 2404 2375 2461 rent,
2408 2403 2531 2465 post
2561 2393 2677 2463 ejus
2706 2392 2913 2447 obitum
2941 2387 3266 2458 apprehensi
3293 2403 3323 2441 a
3355 2385 3661 2448 sacerdote,
3692 2395 3805 2451 gra-

2235 2487 2375 2541 viter
2423 2484 2549 2541 caesi
2577 2492 2738 2554 atque
2787 2481 3066 2551 exspoliati
3112 2490 3255 2535 sunt.
3310 2479 3428 2533 Hoc
3475 2486 3705 2543 tempore
3753 2478 3800 2525 et

2236 2577 2621 2642 Wandelinus,
2666 2575 2896 2630 nutritor
2943 2570 3277 2628 Childeberti
3333 2569 3500 2639 regis,
3526 2565 3684 2628 obiit;
3710 2560 3802 2615 sed

2240 2670 2295 2724 in
2325 2671 2498 2725 locum
2526 2668 2643 2738 ejus
2671 2667 2847 2722 nullus
2876 2673 2961 2721 est
2990 2664 3338 2733 subrogatus,
3373 2677 3442 2717 eo
3468 2656 3601 2731 quod
3630 2653 3799 2723 regina

2241 2768 2411 2816 mater
2447 2775 2632 2815 curam
2670 2759 2799 2814 velit
2836 2758 3109 2828 propriam
3146 2755 3350 2810 habere
3395 2753 3466 2808 de
3504 2751 3627 2805 lilio.
3661 2746 3799 2813 Qua-

2240 2867 2452 2924 cunque
2494 2852 2564 2906 de
2617 2852 2746 2906 fisco
2797 2849 3012 2912 meruit,
3060 2847 3175 2902 ﬁsci
3212 2846 3428 2915 juribus
3474 2850 3593 2898 sunt
3632 2838 3794 2893 relata.

2242 2945 2385 3001 Obiit
2408 2945 2487 2997 bis
2507 2941 2693 2997 diebus
2724 2940 3052 3010 Bodegisilus
3077 2947 3102 2985 ε
3123 2937 3227 2991 dux
3252 2936 3447 3006 plenus
3469 2934 3688 2992 dierum,
3713 2924 3793 2980 sed

2248 3036 2383 3091 nihil
2409 3036 2476 3090 de
2504 3033 2760 3089 facultate
2800 3032 2916 3101 ejus
2949 3030 3074 3084 filiis
3104 3028 3367 3083 minutum
3416 3035 3518 3081 est.
3550 3024 3605 3077 ln
3644 3021 3793 3073 locum

571 3138 665 3177 eos
684 3124 857 3188 ostiis,
902 3126 1224 3181 detexerunt
1250 3128 1577 3195 sepulcrum,
1626 3128 1877 3183 tollentes
1906 3136 1961 3182 et
1989 3127 2142 3182 aufe-
2171 3104 2218 3167 (ἶ
2252 3132 2428 3187 Fausti
2479 3128 2767 3185 Auscensis
2820 3123 3079 3194 episcopi,
3135 3121 3333 3177 Fabius
3361 3118 3393 3159 ιι
3418 3120 3686 3190 episc0pus
3725 3116 3793 3165 δι

572 3224 752 3272 rentes
782 3218 959 3272 omnia
985 3228 1297 3274 ornamenta
1344 3222 1584 3290 corporis
1626 3216 1887 3288 defuncti,
1917 3237 2035 3291 qua:
2064 3236 2146 3276 re-

571 3306 752 3376 perire
804 3317 1111 3374 potuerunt.
1158 3310 1463 3366 Sentientes
1516 3323 1692 3366 autem
1744 3312 1856 3366 haec
1899 3310 2145 3366 monachi

574 3398 812 3454 basilica:
840 3399 1004 3464 illius,
1034 3413 1299 3457 venerunt
1325 3403 1390 3455 ad
1418 3404 1647 3469 ostium;
1689 3404 1782 3459 sed
1812 3403 2013 3473 ingredi
2044 3418 2147 3457 non

575 3498 701 3545 sunt
743 3492 1014 3561 permissi.
1071 3493 1222 3559 Quod
1271 3494 1537 3559 videntes,
1600 3498 1978 3551 nuntiaverunt
2035 3498 2151 3551 hu-c

576 3586 827 3654 episcopo
849 3599 947 3639 suo
974 3600 1039 3640 ac
1070 3584 1213 3640 duci.
1262 3587 1468 3642 Interea
1500 3588 1670 3657 pueri,
1704 3589 1940 3657 acceptis
1968 3590 2149 3655 rebus,

578 3680 923 3750 ascensisque
966 3681 1141 3750 equis,
1182 3680 1365 3753 fugere
1395 3692 1705 3751 ceperunt;
1758 3682 1853 3738 sed
1902 3684 2154 3739 timentes

578 3788 649 3829 ne
678 3774 998 3843 apprehensi
1040 3775 1093 3828 in
1137 3776 1219 3827 via
1271 3776 1501 3829 diversis
1539 3775 1912 3839 subigerentur
1950 3777 2153 3843 poenis,

578 3866 811 3935 regressi
834 3874 958 3918 sunt
986 3865 1053 3919 ad
1086 3865 1379 3921 basilicam.
1410 3867 1812 3937 Posueruntqne
1835 3867 2046 3938 quidem
2071 3882 2156 3922 res

579 3974 741 4029 super
768 3958 1040 4025 altarium,
1079 3959 1172 4013 sed
1200 3958 1341 4012 foras
1369 3958 1553 4027 egredi
1594 3974 1701 4013 non
1730 3971 1851 4013 sunt
1881 3958 2020 4027 ausi,
2050 3959 2159 4012 cla-

580 4061 792 4105 mantes
819 4058 981 4120 atque
1005 4050 1263 4112 dicentes,
1310 4050 1431 4118 quia
1459 4066 1488 4103 a
1520 4049 1921 4105 Guntchramno
1951 4049 2159 4104 Bosone

580 4142 882 4196 transmissi
933 4157 1140 4196 sumus.
1196 4141 1301 4196 Sed
1338 4156 1459 4194 cum
1506 4142 1571 4195 ad
1616 4142 1863 4210 placitum
1895 4139 1949 4194 in
1981 4140 2157 4194 villam

583 4248 740 4289 uuam
788 4234 1039 4292 diximus.
1092 4234 1467 4289 Childebertus
1520 4249 1638 4286 cum
1697 4233 2007 4298 proceribus
2051 4239 2162 4290 suis

584 4329 944 4391 convenisset,
998 4336 1052 4380 et
1096 4325 1533 4380 Guntchramnns
1579 4327 1645 4380 de
1685 4326 1768 4379 his
1798 4327 2163 4394 mterpellatus

589 4417 792 4472 nullum
837 4433 1151 4489 responsum
1182 4418 1440 4485 dedisset,
1483 4420 1619 4473 clam
1664 4416 1867 4489 aufugit
1899 4434 1914 4472 :
1945 4419 2163 4473 ablata:-

2248 3224 2584 3289 subrOgatns.
2614 3219 2744 3273 Post
2765 3217 2969 3271 obitum
3000 3214 3168 3270 sancti
3194 3213 3383 3280 Salvii,
3420 3212 3524 3267 hoc
3547 3220 3678 3263 anno
3701 3203 3792 3256 De-

2249 3314 2515 3369 sideratus
2537 3308 2913 3382 Albigensibus
2934 3308 3216 3377 episcopus
3236 3304 3397 3359 datus
3418 3312 3501 3358 est
3525 3298 3566 3353 ί.

2320 3404 2511 3460 XXI“.
2537 3402 2738 3474 Magnas
2764 3412 2865 3456 hoc
2887 3416 3029 3453 anno
3056 3397 3248 3466 pluviae
3272 3394 3513 3457 fuerunt,
3536 3393 3791 3449 amnesque

2252 3500 2304 3555 in
2331 3507 2533 3552 tantum
2555 3495 2963 3558 convaluerunt,
2989 3500 3045 3546 ut
3069 3490 3384 3560 plerumque
3412 3481 3669 3551 naufragia
3690 3486 3790 3530 eve-

2254 3596 2451 3649 nirent.
2484 3592 2696 3662 Ipsique
2727 3591 2907 3645 littora
2944 3581 3293 3649 excedentes,
3324 3581 3645 3653 propinquas
3669 3579 3793 3636 5089'

2256 3698 2336 3742 tes
2364 3700 2427 3741 ac
2458 3695 2605 3754 prata
2636 3683 2963 3752 operientes,
2995 3679 3231 3750 graviter
3252 3674 3545 3732 eliserunt:
3589 3663 3789 3719 lucrm!"

2254 3794 2360 3847 que
2390 3777 2634 3832 vernales
2659 3773 2936 3841 aestivique
2962 3784 3177 3826 menses
3203 3778 3307 3822 tam
3334 3763 3541 3835 irrigui,
3564 3766 3616 3813 ut
3636 3754 3791 3823 ιιγεωε

2256 3870 2424 3941 magis
2447 3876 2720 3937 putaretur
2745 3879 2866 3920 esse
2895 3877 3053 3933 quam
3085 3870 3262 3915 aestas.
3615 3939 3622 3941 Α
3728 3929 3739 3941 _

2329 3939 2520 4015 xxw.
2554 3958 2682 4013 Duae
2712 3957 2812 4010 hoc
2838 3969 2980 4009 anno
3010 3952 3195 4007 insulse
3220 3951 3272 4004 in
3299 3949 3435 4004 mari
3467 3939 3703 4000 divinitus
3727 3939 3791 3983 tn-

2259 4053 2450 4109 cendio
2480 4060 2834 4105 concremata:
2864 4055 2988 4099 sunt
3016 4060 3030 4097 :
3056 4058 3172 4111 quae
3214 4057 3311 4112 per
3337 4041 3455 4095 dies
3486 4040 3669 4103 septem
3690 4029 3788 4075 cum

2262 4144 2570 4200 hominibus
2596 4140 2979 4211 pecoribusque
3004 4144 3335 4204 consumptae
3364 4121 3787 4211 subvertebantuh

2268 4238 2400 4294 Nam
2429 4236 2519 4304 qui
2556 4206 2610 4289 iu
2642 4248 2789 4287 mare
2830 4206 3213 4298 confugerant,
3242 4236 3296 4281 et
3331 4240 3394 4281 se
3426 4226 3475 4278 in
3519 4206 3787 4304 profuxtdlllll

2266 4290 2682 4401 praecipitabant,
2727 4326 2780 4380 in
2813 4324 2925 4393 ipsa
2951 4290 3055 4393 qua
3088 4290 3466 4390 mergebantur
3502 4322 3625 4379 aqua
3661 4290 3791 4370 396

2267 4400 2742 4483 consumebantur,
2787 4415 3124 4484 graviorique
3152 4411 3439 4482 supplicio,
3464 4405 3547 4475 qui
3574 4410 3666 4454 non
3686 4400 3790 4444 cou-

662 4590 688 4617 ι
715 4579 763 4633 Is
784 4587 899 4633 erat
938 4577 1220 4647 episcopus
1272 4576 1660 4647 Lugdunensis,
1695 4577 1781 4641 qui
1829 4575 2054 4643 primum
2086 4576 2165 4631 los
2198 4580 2252 4640 D
2279 4576 2703 4645 vemp0pulanize
2733 4571 3235 4647 metropoliserat,
3285 4584 3390 4647 qua
3420 4560 3588 4647 excf?

592 4666 712 4707 cum
745 4650 797 4703 in
822 4648 1027 4717 synodo
1055 4649 1345 4701 obtinebat.
1394 4648 1468 4702 De
1497 4648 1597 4701 hoc
1624 4662 1786 4717 supra
1822 4648 1911 4700 lib.
1947 4662 2018 4713 tv,
2044 4662 2161 4717 cap.

590 4724 681 4785 36,
705 4731 757 4776 et
789 4721 839 4771 in
876 4719 1007 4773 Vitis
1036 4719 1270 4782 Patrum,
1302 4734 1417 4785 cap.
1443 4718 1495 4773 8.

666 4793 693 4831 ιι
716 4790 1027 4859 Suspicatur
1046 4789 1277 4843 Ortelius
1307 4789 1391 4843 hic
1419 4788 1685 4859 designari
1707 4788 1955 4856 oppidum
1984 4788 2164 4844 Basto-

595 4858 997 4932 nacum.7quod
1038 4860 1224 4932 incohe
1257 4860 1413 4923 vulgo
1452 4858 1723 4932 Bastoigne
1765 4859 2059 4932 appellant.
2105 4860 2169 4914 Et

594 4940 808 5007 quidem
839 4929 999 4990 Gesta
1030 4931 1399 5007 episcoporum
1433 4929 1994 5007 Arttissiodoreusium,
2051 4931 2169 5007 ipso

597 5000 814 5066 \I'alesio
838 5015 1083 5063 testante.
1124 5001 1417 5056 Bostoniam
1445 5000 1619 5053 villam
1646 5003 1798 5053 sitam
1828 5002 1879 5053 in
1909 5005 2045 5054 saltu
2073 5002 2169 5053 Ar-

600 5082 815 5135 duenna:
854 5084 1185 5137 memorant,
1218 5090 1333 5141 quat
1380 5072 1541 5125 hodie
1569 5071 1706 5124 haud
1738 5074 1916 5137 procul
1944 5072 2012 5125 ab
2043 5071 2172 5127 Urta

599 5154 762 5205 ﬂuvio
782 5163 836 5203 et
867 5149 1150 5204 Arduenna
1178 5148 1306 5198 silva
1333 5145 1501 5214 posita
1520 5151 1622 5207 est,
1653 5146 1702 5196 in
1728 5141 1919 5195 dtu-atu
1947 5142 2175 5198 Luxem-

602 5221 869 5285 burgensi.

695 5284 883 5345 (Coll).
914 5308 986 5346 nt.
1016 5300 1067 5344 et
1090 5289 1299 5358 Βρεμι..
1337 5284 1580 5340 Remedii.

699 5361 873 5415 ‘Editi
915 5372 969 5415 et
1013 5354 1194 5421 Bec.,'
1216 5359 1664 5411 Descendentibus.
1714 5354 1779 5407 Et
1817 5354 2027 5423 quidem
2072 5355 2181 5408 for-

610 5441 752 5485 tasse
782 5430 1211 5484 descendendum
1255 5438 1370 5481 erat
1406 5428 1654 5481 adeundo
1687 5425 1953 5479 basilicam
1995 5436 2179 5479 extra-

615 5515 910 5559 muranatn.
942 5502 994 5554 in
1026 5516 1125 5568 qua
1171 5499 1337 5552 sancti
1373 5499 1593 5567 Iletnigii
1636 5494 1900 5568 festivitas
1938 5497 2180 5549 celebra-

612 5573 783 5628 batur.
817 5568 948 5624 Nam
977 5580 1031 5623 et
1046 5565 1279 5621 ecclesia
1308 5565 1629 5621 cathedralis
1663 5565 1821 5621 etiam
1854 5581 1995 5619 nunc
2020 5579 2179 5635 supra

607 5656 841 5700 montem
874 5642 967 5693 sita
1000 5650 1099 5693 est.

685 5722 710 5752 ο
739 5713 796 5768 Μ
823 5723 904 5769 cst
944 5711 1225 5767 Elusantts.
1261 5706 1440 5772 Elusa,
1486 5706 1640 5774 vulgo
1668 5704 1860 5763 Eause.
1905 5709 2029 5763 oliui
2072 5706 2177 5759 No-

2273 4649 2940 4729 8".”39.'".,A1'Sc"?!‘3°.{“
2977 4643 3176 4729 arb?!"
3197 4726 3207 4729 Α
3225 4635 3737 4729 ετθηὲὲὶιθξεξεοιεςη,
3761 4691 3790 4729 ιι

2272 4695 2846 4788 ἕιῖιὶὲῖεἲερξῑιῖἐῖὴὸῖἰῗ
2865 4695 3162 4788 βίης-μγ,
3332 4707 3457 4773 575,
3484 4707 3537 4755 ει
3564 4695 3737 4750 Matisc-

2274 4805 2369 4869 ρει·
2396 4782 2548 4869 suum
2582 4790 2829 4869 missum,
2858 4782 3099 4869 an..‘58_5.
3163 4853 3175 4869 ἱ
3258 4851 3319 4869 Α
3374 4835 3587 4869 “MM:
3644 4828 3781 4869 “mw

2348 4836 2367 4896 ξ
2397 4836 2904 4951 s;;1';.;1?15i'b}iiu?
2919 4836 3591 4951 ιξιὶίάεεξιξιειιεέδηξεὶῗξξίἓ
3604 4836 3767 4951 vim

2273 4945 2390 4983 rum
2401 4903 2618 4992 vino-re,-
2645 4903 3223 4997 laudes—prosequitur
3274 4903 3583 4976 Fortunatus
3621 4903 3699 4955 lib.
3723 4903 3788 4949 ιιιν

2274 5016 2431 5065 capp.
2460 5001 2530 5054 20
2558 5011 2609 5055 et
2634 4999 2724 5052 21.

2349 5043 2928 5135 ίνίὶιῖὶῖιζέιίέοιηίυιη
2984 5066 3196 5136 scripsit
3252 5061 3523 5118 Fortunat.
3568 5043 3649 5100 lib.

2280 5141 2593 5227 “WB-ila.
2797 5209 3026 5227 -..μμ
3383 5201 3479 5227 οη,
3565 5168 3787 5227 sambu-

2481 5183 2633 5267 ἴση).
2655 5228 2757 5289 _m.
2786 5220 2836 5263 et
2868 5209 3077 5289 “egw:
3113 5206 3364 5289 βρέξαι...
3383 5183 3696 5289 Bcf-3.3“:

2289 5261 2631 5354 subsequitur:
2654 5261 2879 5336 Faustus
2910 5261 3153 5333 itiierfuit
3186 5276 3386 5331 Concil.
3428 5267 3615 5324 Matisc.
3644 5261 3691 5309 ll!

2290 5352 2414 5409 585.
2446 5352 2458 5354 ⁷
3500 5404 3517 5410 -
3542 5399 3552 5410 .
3573 5395 3584 5410 .
3606 5401 3662 5410 __.
3721 5365 3790 5410 ηιιὶ

2372 5382 2557 5477 ἷἸιιιει·
2598 5433 2890 5503 utrumque
2923 5419 3085 5488 aliqui
3134 5418 3328 5497 locant_
3354 5382 3793 5503 'l‘llicui:i:i}""::;0

2291 5469 2434 5583 forte:
2778 5469 2891 5545 "sed
2900 5469 2991 5543 ent
3003 5469 3375 5583 ioc-cupaveri
3600 5469 3771 5583 ῗξῗτξ

2291 5544 2910 5621 Sitilvii—inortetn"anno
2960 5544 3279 5631 praecedenti
3330 5545 3583 5613 consignat
3610 5544 3689 5583 nu.
3721 5544 3791 5573 ηιο

2288 5652 2404 5706 cap.
2434 5637 2484 5689 1.

3697 5040 3757 5081 VII
3774 5060 3788 5087 ν
