3942 6190
177 291 276 349 685

1065 285 1381 345 HISTORIA
1420 279 1855 341 FRANCORUM.
1903 280 2096 338 LIBER
2134 284 2469 345 OCTAVUS.

3317 298 3427 356 466

179 408 345 466 festini
368 404 696 463 emittebant
741 403 1012 475 Spiritum.
1055 404 1369 459 urebantur.
1409 399 2095 469 RedactisqueAmatrem
2149 406 2294 474 ejus,
2352 407 2602 463 velociter
2645 408 2964 475 interimite,
3018 418 3072 465 et
3124 425 3244 467 cum
3299 426 3424 481 rege

184 498 417 556 omnibus
443 498 498 553 in
522 497 783 563 favillam,
828 505 1019 551 cuncta
1050 510 1199 552 mare
1224 494 1454 564 operuit.
1487 493 1753 549 Ferebant

190 594 339 650 etiam
370 590 526 645 multi
558 588 729 658 signa,
777 602 895 655 qua:
924 587 1170 657 superius
1199 601 1297 641 nos
1325 586 1524 641 vidisse
1561 596 1753 640 octavo

185 699 358 742 mense
398 696 734 737 narravimus
766 680 918 749 (Cap.
945 679 979 734 8
1004 688 1051 733 et
1084 678 1191 749 I7),
1224 677 1375 747 quasi
1403 676 1614 732 arderet
1639 690 1752 732 caa-

181 774 306 838 lum,
333 788 397 827 ex
427 771 586 841 hujus
608 769 838 825 incendii
861 768 1146 839 splendore
1171 767 1353 823 fuisse.

246 862 419 918 XXV.
460 859 520 914 In
546 862 649 915 alia
679 875 807 915 vero
836 858 1043 923 insula,
1088 873 1207 926 qua:
1234 867 1314 913 est
1344 856 1584 927 proxima
1627 854 1754 911 civi-

174 957 267 1010 tati
302 956 609 1018 Veneticae,
649 962 765 1009 erat
816 962 1064 1022 stagnum
1114 951 1367 1018 validum,
1416 949 1753 1019 piscibusque

172 1049 456 1111 refertum,
500 1045 640 1116 quod
680 1046 733 1100 in
773 1046 929 1099 unius
980 1045 1116 1099 ulna!
1155 1042 1484 1098 altitudinem
1532 1056 1753 1096 conver-

169 1156 294 1195 sum
324 1149 410 1195 est
435 1140 489 1193 in
520 1154 766 1193 cruorem
798 1156 810 1191 :
841 1139 913 1193 ita
942 1152 1037 1208 per
1065 1137 1180 1190 dies
1208 1137 1405 1189 multos
1432 1142 1751 1205 congregata

170 1246 370 1286 canum
414 1240 576 1300 atque
618 1231 794 1284 avium
841 1227 1232 1284 intestimabilis
1272 1225 1572 1288 multitudo,
1624 1239 1752 1279 san-

164 1324 391 1393 guinem
426 1324 566 1377 hunc
588 1321 847 1387 lambens,
878 1320 1067 1375 satiata
1097 1318 1305 1373 redibat
1329 1316 1379 1370 in
1404 1312 1714 1385 vesperum.

247 1414 441 1470 XXVI.
490 1413 769 1472 Turonicis
820 1427 951 1468 vero
992 1422 1152 1479 atque
1194 1408 1424 1464 Pictavis
1482 1406 1753 1460 Ennodius

169 1506 285 1561 dux
312 1508 472 1560 datus
518 1517 617 1559 est.
660 1504 906 1558 Berulfus
939 1511 965 1539 ⁸
994 1515 1171 1555 autem
1203 1501 1290 1566 qui
1333 1500 1416 1553 his
1454 1497 1754 1554 civitatibus

170 1606 301 1650 ante
344 1595 661 1664 przefuerat,
708 1609 803 1661 pro
847 1592 1122 1646 thesauris
1165 1590 1415 1658 Sigiberti
1453 1587 1592 1658 regis
1621 1602 1755 1656 quos

170 1692 313 1745 clam
347 1689 664 1750 abstulerat,
692 1702 813 1743 cum
844 1686 1147 1757 Arnegisilo
1175 1684 1323 1740 socio
1351 1694 1629 1752 suspectus
1660 1684 1755 1738 ha-

169 1780 422 1836 bebatur.
464 1765 563 1848 Qui
602 1793 723 1833 cum
766 1778 909 1832 hunc
938 1777 1188 1832 ducatum
1223 1776 1273 1829 in
1324 1774 1642 1842 supradictis
1664 1789 1755 1828 nr-
1786 1760 1833 1822 Β

171 1872 331 1929 bibus
371 1882 667 1941 expeteret,
724 1886 754 1925 a
807 1869 1119 1939 Rauchingo
1143 1866 1170 1905 ι’
1201 1869 1338 1923 duce
1374 1867 1517 1922 facto
1545 1866 1755 1937 ingenio

172 1984 297 2024 cum
345 1971 581 2024 satellite
626 1968 894 2038 alligatur.
951 1965 1059 2021 Nec
1088 1980 1259 2029 mora,
1297 1964 1447 2019 missi
1472 1964 1539 2019 ad
1568 1964 1758 2020 domos

176 2078 370 2118 eorum
404 2063 554 2132 pueri
586 2061 821 2130 expilant
849 2060 1028 2114 omnia
1053 2098 1069 2121 ,
1112 2058 1277 2112 multa
1321 2056 1391 2111 ibi
1422 2056 1491 2111 de
1514 2055 1756 2126 proprio,

170 2156 434 2211 nonnulla
465 2155 534 2209 de
560 2152 846 2209 antedictis
874 2152 1141 2207 thesauris
1183 2159 1310 2206 sunt
1346 2157 1561 2220 reperta
1594 2165 1610 2204 :
1637 2163 1757 2217 quas

176 2249 357 2302 omnia
387 2247 451 2301 ad
486 2244 887 2301 Childebertum
920 2258 1102 2313 regem
1133 2243 1310 2298 delata
1340 2250 1483 2297 sunt.
1516 2241 1758 2311 Cumque

178 2339 231 2393 in
257 2340 357 2394 hoc
388 2354 473 2392 res
500 2346 751 2407 ageretur
773 2379 785 2398 .
828 2344 879 2390 ut
912 2336 1124 2408 gladius
1154 2336 1416 2391 cervicem
1462 2334 1754 2403 decideret,

182 2429 479 2484 interventu
498 2429 870 2496 episcoporum
889 2427 1107 2483 obtenta
1130 2429 1234 2481 vita
1255 2428 1417 2480 laxati
1433 2435 1555 2481 sunt
1584 2443 1599 2480 :
1626 2425 1756 2480 nihil

188 2528 357 2576 tamen
403 2521 475 2577 de
530 2520 611 2574 bis
649 2535 769 2589 quae
813 2521 893 2574 eis
921 2519 1094 2573 ablata
1154 2519 1368 2574 fuerant
1418 2520 1754 2582 recipientes.

251 2611 464 2667 XXVII.
499 2610 804 2665 Desiderius
828 2625 956 2665 vero
982 2610 1090 2664 dux
1111 2625 1231 2665 cum
1255 2610 1519 2679 aliquibus
1550 2611 1760 2680 episco-

188 2704 288 2773 pis,
326 2714 382 2759 et
412 2703 611 2759 Aredio
652 2702 845 2758 abbate
867 2703 956 2758 vel
982 2705 1248 2767 Antestio,
1278 2704 1345 2758 ad
1378 2719 1553 2775 regem
1586 2702 1757 2759 Gunt-

188 2797 499 2852 chramnum
530 2796 856 2866 praperavit.
904 2795 1009 2851 Sed
1038 2812 1160 2851 cum
1190 2810 1309 2849 eum
1340 2810 1434 2850 rex
1472 2809 1613 2865 aegre
1650 2793 1761 2850 vel-

189 2886 260 2944 let
285 2890 558 2958 accipere,
592 2888 761 2942 victus
791 2888 1041 2956 precibus
1072 2887 1408 2943 sacerdotum
1452 2888 1502 2940 in
1531 2886 1755 2956 gratiam

187 2994 336 3035 suam
385 2980 612 3049 recepit.
655 2980 805 3034 Tunc
852 2981 926 3035 ibi
960 2980 1212 3047 .Eulalius
1254 2979 1424 3034 adfuit
1467 2981 1617 3044 quasi
1662 2994 1760 3048 pro

191 3074 449 3145 conjuge,
503 3088 623 3142 qua:
670 3088 791 3127 eum
846 3083 1159 3142 spreverat,
1209 3082 1263 3129 et
1306 3074 1371 3127 ad
1423 3072 1756 3129 Desiderium

192 3168 491 3231 transierat,
512 3178 832 3221 causaturus
864 3184 877 3222 :
911 3177 937 3206 ο
960 3166 1133 3223 sedin
1161 3166 1439 3222 ridiculum
1470 3176 1522 3221 et
1544 3165 1758 3221 humili-

195 3265 353 3313 tatem
380 3258 655 3320 redactus,
700 3257 867 3313 siluit.
899 3257 1207 3313 Desiderius
1233 3273 1359 3313 vero
1387 3271 1762 3315 remuneratus

196 3362 223 3401 a
242 3362 380 3418 rege,
412 3364 533 3403 cum
555 3349 725 3418 gratia
749 3357 831 3403 est
857 3362 1128 3405 reversus.

261 3439 495 3495 XXVllI.
542 3440 723 3511 Igitur,
770 3448 827 3494 ut
864 3441 1109 3509 superius
1147 3440 1405 3508 diximus,
1448 3439 1702 3510 Ingundis
1731 3457 1761 3495 a

199 3530 304 3585 viro
332 3546 453 3585 cum
488 3530 825 3599 imperatoris
853 3530 1090 3603 exercitu
1118 3530 1396 3598 derelicta,
1435 3531 1564 3586 dum
1596 3532 1662 3587 ad
1686 3533 1764 3602 ip-

198 3636 305 3676 sum
334 3623 499 3694 397
522 3623 815 3692 principem
842 3638 961 3678 cum
986 3624 1097 3679 [ilio
1128 3625 1347 3694 parvulo
1376 3625 1684 3691 duceretur,
1708 3627 1764 3681 in

196 3715 366 3771 Africa
404 3716 656 3771 defuncta
698 3726 782 3771 est
829 3726 881 3773 et
928 3718 1159 3786 sepulta.
1214 3718 1587 3776 Leuvichildus
1633 3735 1764 3776 vero

195 3805 658 3878 Hermenegildum
691 3808 857 3862 [ilium
885 3823 1060 3875 suum,
1094 3825 1250 3878 quem
1281 3812 1548 3867 antedicta
1575 3814 1766 3869 mulier

197 3896 393 3964 habuit,
425 3901 583 3952 morti
616 3898 833 3954 tradidit
858 3899 908 3953 ἀ.
938 3901 1140 3968 Quibus
1167 3902 1233 3956 de
1260 3904 1439 3958 causis
1467 3914 1765 3961 commotus

196 3987 618 4046 Guntchramnus
648 4006 765 4057 rex,
790 3993 1080 4048 exercitum
1105 3993 1167 4048 in‘
1202 3994 1481 4064 Hispanias
1509 3998 1764 4066 destinat,

195 4080 410 4149 scilicet,
439 4090 498 4135 ut
526 4082 672 4151 prius
697 4083 1099 4151 Septimaniam,
1131 4101 1251 4155 quae
1271 4087 1444 4143 adhuc
1468 4088 1603 4143 infra
1634 4090 1763 4145 Gal-

196 4168 376 4226 liarum
428 4172 715 4227 terminum
746 4173 999 4239 habetur,
1032 4176 1148 4244 ejus
1177 4176 1528 4235 dominationi
1568 4180 1764 4236 subde-

198 4274 341 4330 rent,
380 4274 439 4319 et
487 4265 566 4318 sic
612 4265 822 4321 iuantea
874 4270 1360 4334 proficiscerentur.
1410 4273 1542 4329 Dum
1584 4283 1763 4330 autem

198 4353 278 4410 hic
326 4357 601 4411 exercitus
645 4369 969 4426 moveretur,
1010 4362 1302 4419 iudiculum
1350 4380 1470 4420 cum
1526 4371 1706 4423 nescio
1740 4379 1763 4407 ⁸

1855 496 2256 553 Guntchramno
2303 515 2485 567 pacem
2532 500 2697 568 inite,
2752 516 2909 567 quam
2959 503 3191 571 praemiis
3240 504 3421 560 multis

1854 590 2102 646 coemite.
2146 592 2215 647 Et
2257 592 2302 647 si
2348 594 2502 647 vobis
2540 595 2715 650 minus
2756 605 2838 651 est
2884 596 3128 653 fortassis
3158 600 3417 668 pecuniae,

1854 696 1952 737 nos
1972 683 2107 737 clam
2133 684 2421 748 mittimus;
2460 693 2662 741 tantum
2687 696 2743 741 ut
2765 687 2904 756 quod
2932 689 3160 758 petimus
3189 690 3419 760 implea-

1855 775 1944 830 tis.
1978 776 2107 832 Cum
2154 786 2329 833 autem
2379 778 2446 832 de
2491 778 2718 833 inimicis
2755 782 2955 834 nostris
2995 780 3088 834 ulti
3141 781 3417 847 fuerimus,

1853 877 1980 924 tunc
2020 871 2230 925 Amelio
2256 871 2508 939 episcopo
2542 887 2606 926 ac
2644 870 2836 927 Leubte
2866 881 3125 927 matronte
3152 872 3289 926 bona
3318 873 3417 927 tri-

1852 961 2077 1033 buites,
2108 977 2201 1030 per
2249 977 2381 1030 quos
2421 963 2601 1019 missis
2646 964 2842 1018 nostris
2878 964 2944 1018 ad
2992 978 3087 1020 vos
3132 964 3420 1020 accedendi

1854 1054 2030 1109 aditus
2077 1064 2364 1111 reseratur.
2412 1056 2589 1111 Lcuba
2621 1057 2764 1111 enim
2807 1063 2891 1111 est
2933 1069 3122 1111 socrus
3162 1055 3424 1113 Bladasds

1852 1146 2021 1201 ducis.

1925 1239 2114 1293 XXIX.
2146 1239 2211 1293 Et
2234 1239 2358 1294 licet
2382 1240 2497 1295 haec
2524 1240 2588 1295 ad
2617 1240 3077 1298 Guntchramnum
3103 1256 3281 1313 regem
3309 1256 3425 1311 per-

1852 1329 1982 1395 lata,
2007 1340 2061 1386 et
2088 1331 2265 1400 nepoti
2297 1332 2413 1401 ejus
2440 1331 2780 1388 Childeberto
2803 1333 2855 1388 in
2886 1333 3125 1389 notitiam
3155 1333 3276 1388 data
3300 1333 3426 1388 fuis-

1853 1435 2005 1491 sent,
2038 1432 2213 1481 tamen
2257 1425 2620 1496 Fredegundis
2648 1425 2783 1480 duos
2817 1426 3018 1481 cultros
3059 1424 3261 1481 ferreos
3309 1425 3426 1480 fieri

1854 1517 2110 1587 praecepit
2154 1535 2169 1572 :
2215 1532 2350 1587 quos
2390 1518 2551 1573 etiam
2582 1518 2861 1573 charaxari
2889 1517 3223 1587 profundius,
3253 1526 3308 1573 et
3334 1532 3426 1573 ve-

1854 1623 1995 1663 neno
2025 1609 2163 1663 infici
2189 1609 2445 1675 jusserat,
2466 1608 2673 1662 scilicet
2697 1609 2740 1663 si
2775 1608 3011 1663 mortalis
3041 1608 3270 1663 assultus
3290 1608 3425 1661 vita-

1860 1701 1939 1755 les
1988 1715 2093 1755 non
2137 1700 2453 1754 dissolveret
2498 1700 2680 1764 libras,
2708 1699 2793 1753 vel
2836 1700 2949 1768 ipsa
2980 1699 3171 1755 veneni
3210 1697 3430 1753 iniectio

1860 1793 2020 1847 vitam
2051 1800 2234 1861 posset
2261 1790 2497 1845 velocius
2526 1797 2869 1860 extorquere.
2896 1790 3041 1857 Quos
3068 1789 3267 1844 cultros
3297 1788 3435 1844 duo-

1858 1886 1958 1940 bus
1981 1885 2191 1940 clericis
2216 1900 2336 1939 cum
2366 1883 2449 1940 his
2474 1883 2737 1938 mandatis
2768 1882 3006 1949 tradidit,
3029 1883 3213 1937 dicens
3234 1896 3254 1917 '
3277 1882 3430 1937 Acci-

1858 1980 1970 2048 pite
1998 1979 2097 2033 hos
2122 1977 2346 2047 gladios,
2370 1987 2425 2031 et
2451 1977 2765 2046 quantocius
2793 1975 2994 2045 pergite
3022 1974 3089 2030 ad
3117 1972 3429 2029 Childeber-

1859 2080 1969 2127 tum
1992 2086 2193 2141 regem,
2212 2070 2582 2126 assimulantes
2603 2084 2701 2125 vos
2725 2083 2845 2126 esse
2871 2067 3167 2123 mendicos.
3187 2067 3436 2134 Cumque

1858 2164 2083 2233 pedibus
2107 2164 2223 2231 ejus
2247 2163 2453 2218 fueritis
2478 2162 2651 2227 strati,
2672 2161 2821 2232 quasi
2850 2160 3043 2230 stipem
3074 2158 3427 2228 postulantes,

1859 2256 2028 2310 latera
2048 2253 2165 2323 ejus
2191 2262 2414 2321 utraque
2436 2250 2714 2321 perfodite,
2732 2259 2791 2304 ut
2815 2250 3026 2305 tandem
3051 2245 3434 2313 Brunicbildis,

1861 2361 1981 2415 quae
2012 2347 2079 2399 ab
2110 2346 2205 2400 illo
2231 2344 2588 2414 arrogantiam
2620 2345 2814 2409 sumit,
2836 2357 2901 2399 eo
2929 2342 3152 2398 cadente
3179 2348 3428 2405 corruat,

1861 2439 2098 2509 mihique
2129 2438 2408 2493 subdatur.
2432 2435 2583 2505 Quod
2617 2436 2660 2491 si
2692 2445 2836 2490 tanta
2877 2442 2962 2490 est
3004 2431 3244 2488 custodia
3286 2431 3431 2486 circa

1863 2545 2107 2602 puerum,
2137 2543 2196 2583 ut
2224 2528 2480 2583 accedere
2508 2526 2807 2598 nequeatis,
2828 2523 2915 2580 vel
2945 2525 3115 2593 ipsam
3146 2520 3432 2577 interimite

1862 2623 2154 2678 inimicam.
2184 2620 2347 2691 398
2386 2618 2591 2673 Merces
2632 2629 2845 2687 quoque
2884 2613 3062 2683 operis
3101 2611 3263 2668 vestri
3316 2608 3432 2665 haec

1862 2715 1993 2779 erit,
2016 2721 2076 2769 ut
2104 2712 2147 2767 si
2177 2711 2370 2766 mortui
2421 2710 2472 2763 in
2520 2709 2621 2764 hoc
2661 2721 2825 2777 opere
2863 2705 3091 2770 fueritis,
3121 2703 3430 2772 parentibus

1863 2808 2055 2864 vestris
2104 2809 2241 2862 bona
2283 2804 2542 2866 tribuam,
2571 2804 2821 2871 ipsosque
2865 2798 3178 2854 muneribus
3223 2798 3431 2861 ditans,

1864 2904 2067 2972 primos
2096 2901 2150 2953 in
2180 2912 2349 2967 regno
2385 2910 2507 2950 meo
2531 2894 2875 2950 constituam.
2903 2890 3120 2946 Interim
3146 2904 3240 2944 vos
3270 2888 3433 2942 timo-

1863 3012 1978 3051 rem
2022 3008 2234 3048 omnem
2283 2991 2534 3054 omittite,
2565 3003 2664 3044 nec
2705 2987 2774 3043 sit
2816 2985 3097 3057 trepidatio
3142 2985 3328 3038 mortis
3378 2984 3431 3039 in

1868 3096 2104 3156 pectore.
2129 3085 2390 3141 Noveritis
2415 3083 2556 3139 enim
2578 3125 2593 3149 ,
2623 3081 2761 3152 quod
2791 3088 3015 3136 cunctos
3043 3077 3289 3135 homines
3317 3075 3439 3131 haec

1865 3195 2024 3235 Causa
2051 3177 2304 3232 continet.
2330 3177 2547 3231 Armate
2574 3173 2822 3229 virilitate
2847 3174 3076 3238 animos,
3101 3179 3156 3226 et
3179 3168 3428 3225 conside-

1862 3281 1975 3327 rate
1996 3269 2191 3338 smpius
2222 3268 2386 3323 fortes
2405 3267 2550 3321 viros
2578 3266 2630 3320 in
2661 3265 2802 3320 bello
2830 3277 3101 3320 corruere.
3118 3260 3270 3318 Unde
3293 3273 3433 3315 nunc

1864 3372 2112 3432 parentes
2134 3376 2317 3417 eorum
2342 3358 2548 3414 nobiles
2570 3357 2765 3417 eil'ecti.
2782 3355 2977 3426 opibus
3002 3352 3282 3409 immensis
3304 3366 3435 3406 cuu-

1860 3455 1964 3510 ctis
2010 3454 2429 3522 Supereminent,
2457 3458 2783 3519 cunctosque
2825 3446 3151 3518 praecellunt.
3195 3443 3434 3515 Cumque

1866 3547 1983 3603 haec
2025 3546 2218 3601 mulier
2259 3547 2581 3614 loqueretur,
2614 3540 2797 3596 clerici
2844 3549 3077 3595 tremere
3121 3543 3431 3605 coeperunt,

1864 3640 2084 3696 difﬁcile
2113 3646 2360 3710 putantes
2389 3638 2502 3691 haec
2524 3634 2671 3704 jussa
2700 3646 2857 3703 posse
2897 3630 3188 3698 complere.
3230 3628 3297 3680 At
3345 3626 3435 3680 illa

1865 3735 2057 3789 dubios
2082 3747 2341 3798 cernens,
2374 3730 2705 3786 mediticatos
2734 3726 2950 3796 potione
2977 3724 3173 3779 direxit
3213 3736 3320 3791 quo
3357 3720 3437 3775 ire

1869 3825 2151 3898 praecepit;
2181 3824 2468 3891 statimque
2497 3821 2659 3876 robur
2686 3819 2987 3873 animorum
3014 3814 3283 3877 accrevit,
3309 3826 3437 3881 pro-

1867 3919 2236 3979 miseruntque
2273 3929 2331 3968 se
2370 3912 2549 3967 omnia
2592 3925 2709 3980 qua:
2751 3916 3076 3978 praeceperat
3102 3904 3434 3973 impleturos.

1867 4007 2222 4065 Nihilominus
2262 4004 2533 4059 vasculum
2583 4003 2681 4056 hac
2726 4001 2941 4069 potione
2980 3997 3262 4066 repletum,
3290 3996 3436 4064 ipsos

1871 4101 2049 4155 levare
2072 4097 2246 4167 jubet,
2275 4098 2459 4150 dicens
2492 4112 2505 4147 :
2538 4094 2592 4149 ln
2623 4093 2711 4147 die
2738 4092 2826 4146 illa
2856 4106 2976 4145 cum
3006 4088 3119 4143 lucc
3146 4102 3266 4157 quae
3293 4101 3438 4156 pra:-

1869 4191 2010 4259 cipio
2038 4188 2230 4251 facitis,
2258 4201 2412 4241 mane
2439 4186 2744 4254 priusquam
2775 4196 2908 4252 opus
2938 4178 3223 4249 incipiatis,
3249 4177 3390 4233 hunc
3414 4173 3440 4215 ¹ι

1869 4291 2052 4355 potum
2082 4280 2275 4336 sumite
2308 4298 2319 4332 :
2352 4279 2455 4333 erit
2481 4277 2635 4333 vobis
2662 4291 2852 4346 magna
2882 4272 3176 4329 constantia
3213 4272 3283 4326 ad
3329 4273 3443 4327 haec

1871 4372 2196 4447 peragenda.
2228 4373 2322 4428 His
2368 4374 2442 4426 ita
2487 4372 2779 4435 instructis,
2804 4368 3008 4423 dimisit
3032 4380 3148 4422 eos.
3179 4365 3285 4434 Qui
3318 4380 3444 4433 per-

197 4448 507 4563 quibus'dam
541 4450 844 4563 horninibus
872 4454 1086 4563 rustici.-
1116 4470 1191 4510 est
1221 4466 1510 4524 repertum.
1534 4458 1686 4527 Quod
1711 4470 1763 4517 et
1796 4503 1851 4563 Β
1874 4478 2060 4539 gentes
2088 4476 2140 4521 et
2167 4467 2231 4520 ad
2265 4466 2448 4520 urbem
2480 4463 2796 4520 Suessiones
2825 4461 3138 4516 accedentes
3157 4501 3173 4527 ,
3218 4476 3248 4513 a
3296 4459 3447 4514 Rana

200 4539 597 4596 Guntchramno
636 4543 748 4611 regi
799 4545 1081 4615 legendum
1125 4549 1403 4617 miserunt,
1457 4552 1558 4606 hoc
1608 4555 1767 4607 modo

199 4633 337 4699 quasi
382 4632 758 4688 Leuvichildus
808 4638 872 4689 ad
925 4636 1325 4708 Fredegundem
1381 4644 1659 4709 scriberet,
1713 4656 1770 4700 ut

200 4738 509 4792 quocunque
558 4723 773 4795 ingenio
809 4728 1107 4784 exercitum
1154 4729 1284 4785 illud
1320 4734 1629 4800 prohiberet
1668 4738 1765 4805 ire,

201 4812 373 4868 dicens
404 4831 417 4865 :
450 4812 698 4869 Inimicos
734 4824 977 4883 nostros,
1020 4819 1072 4874 id
1117 4830 1200 4875 est
1237 4822 1636 4881 Cliildehertum
1671 4826 1691 4866 ί
1717 4838 1773 4883 et

252 4936 291 5006 If
315 4925 718 5008 Supra_dicilur
744 4927 1052 5008 Eberulfus,
1083 4934 1223 4989 sicut
1258 4943 1314 4989 et
1340 4935 1440 4992 Ch.
1475 4940 1545 4993 al.
1581 4940 1688 5006 hic,
1719 4952 1768 4998 et

203 4997 281 5049 alii
312 4997 363 5051 in
394 4998 552 5051 titulo
584 4999 737 5064 hujus
764 4997 974 5066 capitis,

209 5135 221 5146 .
266 5066 291 5105 δ
323 5068 502 5134 Aliqui
542 5068 1015 5146 elliti,_Rocltingo
1038 5114 1053 5137 ,
1104 5084 1158 5128 et
1193 5091 1290 5144 pro
1332 5078 1539 5146 ingenio
1576 5080 1776 5137 habent

205 5138 558 5217 instrumento,
583 5138 746 5217 quasi
758 5138 1077 5217 nescio'qua
1111 5138 1352 5202 machina
1377 5138 1491 5204 a'rte
1519 5151 1773 5207 fabricata

207 5204 385 5291 luisset
413 5224 539 5291 cum
567 5204 1111 5291 alionalligatnsfsed
1139 5217 1295 5271 lectio
1324 5231 1525 5282 nostra,
1552 5204 1778 5291 quaeest

216 5292 306 5359 ius.
346 5279 531 5342 Colb.,
580 5280 769 5359 melior
798 5279 1211 5359 est._lngenium
1252 5292 1391 5343 enim
1433 5279 1778 5359 appellabant

215 5350 612 5432 teclmatn,_qtt:i
642 5352 874 5432 ali-quem
906 5350 1118 5432 incaute
1143 5371 1389 5429 agentem
1421 5350 1774 5432 decipiebant.

270 5420 540 5500 fiidede
567 5437 626 5500 ea
654 5423 784 5500 infra
813 5440 930 5491 cap.
954 5426 1042 5492 45,
1077 5439 1124 5482 el
1158 5420 1248 5483 ιῖι).
1281 5448 1331 5494 x,
1362 5448 1481 5500 cap.
1512 5420 1562 5487 8'.

274 5486 424 5577 {Die
456 5492 784 5577 IS'A-prilis,
817 5486 921 5577 quo
966 5486 1153 5577 festum
1192 5486 1697 5577 ejus'uti'marlyris
1729 5508 1781 5562 in

208 5556 431 5684 ἕξειὲξει
458 5556 784 5619 celebratur.
818 5556 890 5622 De
917 5582 982 5623 eo
1013 5569 1132 5625 vide
1162 5556 1319 5643 su'pra
1354 5556 1777 5647 ιὼζῇέέρῗὖᾷ

280 5650 306 5684 u
402 5650 449 5684 s.

280 5644 449 5687 notas.

270 5711 293 5739 ⁸
321 5704 483 5790 Ed'iti,
504 5707 735 5790 anuescio
755 5709 1077 5790 quibusdam.
1105 5713 1251 5773 Bac,
1276 5732 1387 5771 cum
1414 5720 1582 5773 nescio
1603 5721 1783 5790 quibus

213 5772 310 5829 Ιωιιι
332 5778 498 5830 uibus.
530 5777 694 5833 Iiccm
727 5818 741 5843 ,
769 5772 1086 5836 Βνευέιίιίιιηι
1120 5802 1169 5849 α,
1197 5798 1300 5841 ςὀ.

1874 4559 2062 4615 chinco
2090 4558 2224 4613 duce
2254 4557 2421 4625 capti,
2445 4556 2776 4623 discussique
2803 4554 2982 4608 omnia
3010 4561 3274 4618 reserant,
3292 4562 3345 4607 et
3366 4552 3445 4606 sic

1876 4654 1929 4708 in
1959 4666 2229 4707 carcerem
2259 4650 2465 4720 religati
2494 4658 2635 4704 sunt.
2657 4648 2783 4702 Post
2803 4646 2919 4702 dies
2943 4662 3068 4700 vero
3099 4661 3298 4715 paucos
3320 4644 3447 4699 Fre-

1872 4743 2165 4812 degundis,
2200 4742 2400 4798 incerta
2435 4739 2543 4812 [ΑΙ.
2574 4736 2740 4809 certa]
2766 4738 2877 4807 jam
2909 4737 3049 4808 quod
3080 4736 3308 4794 fuissent
3350 4737 3447 4789 im-

1874 4836 2015 4905 pleta
2047 4850 2166 4904 qua:
2196 4836 2409 4888 fuerant
2437 4833 2711 4899 imperata,
2732 4831 2877 4887 misit
2905 4846 3126 4902 puerum
3153 4830 3447 4900 inquirere,

1954 4944 1973 4984 ί
2007 4945 2211 4999 Bellum
2243 4953 2417 5000 tamen
2461 4945 2725 5001 indixerat
2750 4946 3113 5001 Guntramnus
3144 4962 3156 4996 :
3187 4944 3279 4996 sed
3313 4941 3449 4997 forte

1880 5017 2227 5077 existimabat,
2259 5017 2600 5087 Leuvigildus
2625 5061 2639 5078 .
2679 5016 2730 5070 id
2778 5016 3065 5087 instigante
3096 5013 3451 5087 thldehﬁerto

1881 5088 2130 5157 lngundis
2158 5087 2339 5147 fratre.
2364 5085 2456 5139 aut
2484 5103 2668 5141 eorum
2699 5096 2867 5139 matre
2898 5085 3257 5157 Brnnicliilde,
3276 5086 3359 5157 ab
3387 5100 3471 5139 eo.

1883 5155 2187 5226 SUSceplllm
2217 5158 2412 5221 fuisse;
2447 5168 2540 5211 aut
2568 5167 2713 5211 Certe
2742 5158 2901 5208 etiam
2936 5155 3453 5226 ipse_Childebertus

1882 5230 1935 5283 in
1967 5224 2269 5297 Hispaniam
2302 5238 2573 5297 moverat,
2607 5234 2665 5279 ut
2695 5233 2929 5297 testatur
2951 5224 3147 5279 Paulus
3176 5224 3323 5280 Diac.
3355 5225 3451 5281 lib.

1881 5316 1939 5356 ιιι
1971 5295 2103 5353 Hist.
2134 5299 2324 5368 Laug.,
2348 5312 2466 5364 cap.
2494 5296 2586 5360 21,
2610 5297 2700 5350 ubi
2728 5295 2886 5368 habet
2918 5296 3177 5362 Hispanos
3205 5312 3266 5350 ea
3298 5312 3455 5351 occa-

1883 5374 2035 5425 sione
2064 5388 2091 5423 a
2122 5366 2463 5425 Childeberto
2490 5376 2768 5435 superatos
2796 5366 2980 5421 fuisse.
3005 5369 3134 5432 Quae
3163 5379 3339 5423 autem
3370 5369 3455 5424 hic

1818 5452 1821 5453 '
1886 5442 2173 5511 Gregorius
2196 5441 2354 5493 variis
2374 5440 2852 5511 copitiliusAnarrat,
2876 5438 3029 5493 .loan.
3058 5439 3373 5495 Biclarensis
3404 5442 3476 5509 ιιι.

1886 5508 2046 5567 unum
2077 5512 2328 5584 congerit
2343 5513 2406 5563 ad
2434 5525 2520 5562 an.
2550 5508 2673 5562 586.

1958 5595 1984 5633 s
2014 5585 2163 5639 Colh.
2189 5581 2260 5638 in.
2286 5583 2379 5635 alt.
2409 5597 2590 5646 manu,
2616 5581 2899 5635 retribuite.
2930 5584 3167 5638 Amelius
3196 5592 3311 5639 erat
3339 5583 3457 5649 epi-

1886 5671 2079 5724 scopus
2112 5655 2505 5727 Bigorritanus,
2531 5652 2618 5727 qui
2649 5654 2855 5723 synodo
2887 5654 3093 5710 Matisc.
3126 5670 3164 5710 ιι
3198 5653 3456 5712 interfuit.

1957 5727 1987 5766 ιι
2019 5726 2495 5799 ιαίάίιὶίὲηεὶρὶαιιιν,
2522 5726 2637 5781 hinc
2664 5735 2837 5794 potum
2866 5729 3065 5783 sumite.

2364 5842 2391 5865 /
