3942 6190
603 296 703 352 ‘07

1585 293 1639 346 ς.
1681 290 2006 349 GBEGORII
2046 288 2342 346 EPISCOPI
2374 288 2794 345 TURONENSIS
3703 296 3781 351 κθ

603 412 730 479 quid
760 418 847 463 aut
879 423 1062 464 rumor
1091 408 1269 479 p0puli
1300 408 1489 476 ferret,
1517 418 1609 463 aut
1635 410 1679 463 si
1708 411 1936 477 aliquem
1969 406 2171 462 inveni-
2198 408 2247 462 A
2274 415 2467 457 nocere
2493 410 2757 470 potentes,
2782 402 2847 456 ad
2875 402 3006 457 alias
3031 401 3187 457 urbes
3216 404 3476 473 progressi
3502 413 3633 463 sunt.
3657 406 3782 461 Erant

606 513 685 557 ret
730 502 1045 557 indicantem
1088 502 1178 570 qui
1218 502 1421 557 diceret
1455 500 1852 565 Citildebertum
1890 500 2000 569 jam
2038 499 2175 554 inte-

604 602 867 664 remptum
898 594 1079 649 fuisse.
1103 593 1363 663 Egressus
1391 590 1549 662 igitur
1577 608 1706 661 puer
1728 592 1795 645 ab
1819 605 1903 657 ea,
1928 588 2174 645 Suessio-

606 700 702 739 nas
731 686 913 739 urbem
943 685 1107 739 venit.
1137 683 1373 739 Audiens
1403 682 1633 751 denique
1674 681 1771 735 bos
1809 679 1865 733 iu
1904 693 2170 736 carcerem

604 779 849 844 retineri,
874 778 941 832 ad
969 779 1162 832 ostium
1194 775 1614 844 appropinquat;
1644 772 1736 828 sed
1765 788 1884 828 cum
1916 771 2059 841 loqui
2088 785 2175 829 sa-

605 871 861 927 tellitibus
886 870 1157 945 cmpissct,
1182 878 1236 923 et
1261 869 1374 937 ipse
1403 877 1587 936 captus
1614 864 1868 921 custodiae
1899 864 2171 932 mancipa-

607 974 714 1018 tur.
736 963 886 1019 Tnnc
914 976 1098 1016 omnes
1123 961 1278 1015 simul
1308 960 1373 1014 ad
1404 958 1803 1014 Childebertum
1830 972 2005 1027 regem
2031 956 2173 1011 dire-

607 1058 679 1109 cti
723 1064 877 1121 sunt,
907 1053 1235 1120 discussique
1261 1052 1536 1106 veritatem
1575 1050 1847 1118 aperiunt,
1879 1046 2172 1102 indicantes

606 1160 669 1201 se
714 1161 743 1199 a
782 1145 1129 1214 Fredegunde
1157 1145 1350 1198 missos
1377 1143 1441 1197 ad
1471 1157 1592 1196 eum
1623 1140 2060 1204 interimendum,
2092 1138 2172 1192 di-

604 1245 789 1291 centes
818 1253 834 1289 :
863 1236 1014 1292 Jussa
1047 1236 1247 1306 reginre
1275 1234 1626 1301 suscepimus,
1654 1241 1711 1285 ut
1735 1245 1831 1285 nos
1859 1245 2054 1300 egenos
2082 1244 2170 1283 as-

606 1326 1016 1391 simularemus;
1044 1339 1274 1393 cumque
1300 1323 1524 1392 pedibus
1553 1323 1655 1375 tuis
1683 1320 1947 1389 provoluti
1973 1317 2171 1388 aliquid

605 1416 853 1485 stipendii
891 1431 1283 1487 qumreremus,
1313 1414 1380 1468 ab
1423 1413 1504 1467 his
1537 1424 1587 1468 te
1615 1411 1803 1482 gladiis
1835 1410 2170 1465 translodere

576 1509 893 1565 ’voluimus.
927 1508 1077 1576 Quod
1124 1509 1170 1562 si
1214 1507 1413 1561 assultu
1465 1506 1710 1575 segniore
1756 1504 1917 1576 399
1965 1503 2171 1573 gladius

605 1601 815 1656 deﬁxus
844 1609 1003 1664 esset,
1033 1600 1203 1669 ipsom
1234 1613 1517 1663 venenum,
1540 1612 1645 1667 quo
1672 1597 1869 1650 ferrum
1900 1606 2011 1649 erat
2036 1592 2171 1649 infe-

603 1703 770 1758 ctum,
799 1692 1027 1747 animam
1060 1693 1315 1748 velociter
1345 1695 1662 1759 penetraret.
1688 1689 1811 1743 llaec
1841 1688 1923 1744 his
1948 1688 2170 1743 dicenti-

2274 498 2415 553 enim
2438 496 2593 551 valde
2621 497 2927 566 munitaget
2950 496 3019 552 de
3042 495 3174 552 cibis
3196 511 3259 552 ac
3283 497 3495 566 reliquis
3520 502 3783 553 necessariis

2273 589 2496 659 adplene
2522 588 2757 656 refertae,
2798 597 2854 644 et
2881 589 3066 645 horum
3094 591 3295 643 urbana
3322 589 3699 658 depopulantes,
3720 606 3785 645 ur.

2273 679 2368 733 bes
2395 680 2572 734 minus
2596 680 2892 748 irrumpere
2912 681 3211 735 valuerunt.
3225 680 3372 735 Tunc
3397 689 3453 735 et
3470 680 3687 735 Nicetius
3704 682 3783 734 dux

2272 783 2395 825 cum
2426 771 2681 833 Arvernis
2709 772 2761 824 in
2794 770 2893 825 hac
2923 771 3259 840 expeditione
3284 781 3704 837 commotus,cum
3724 788 3786 826 re-

2272 861 2431 929 liquis
2460 861 2621 917 urbes
2651 861 2868 916 assedit.
2891 858 2995 916 Sed
3026 876 3145 916 cum
3178 862 3350 916 minus
3377 864 3597 927 valeret,
3627 862 3683 915 ad
3720 878 3785 916 cae

2274 958 2445 1005 atrum
2472 951 2735 1019 quoddam
2763 952 3019 1024 pervenit,
3043 952 3268 1021 dataque
3293 950 3414 1018 ﬁde,
3433 963 3612 1020 sponte
3637 952 3784 1007 inclusi

2271 1050 2576 1097 reserantes
2606 1053 2803 1111 portas,
2825 1058 2921 1098 eos
2944 1042 3144 1098 creduli
3170 1051 3415 1112 tanquam
3444 1044 3673 1111 paciﬁcos
3697 1058 3786 1096 sus-

2272 1148 2550 1206 ceperunt.
2585 1136 2666 1191 illi
2696 1152 2825 1192 vero
2853 1138 3079 1207 ingressi
3100 1177 3116 1204 ,
3150 1147 3440 1207 postposito
3470 1146 3782 1201 sacramento,

2272 1226 2519 1297 praesidia
2542 1236 2729 1281 cuncta
2750 1227 3024 1297 diripiunt,
3039 1229 3243 1282 animas
3266 1230 3315 1281 in
3339 1229 3672 1297 captivitatem
3691 1229 3785 1281 sub-

2271 1317 2483 1373 dentes.
2500 1317 2650 1383 Tunc
2669 1328 2887 1389 accepto
2906 1317 3128 1373 consilio
3152 1322 3509 1389 unusquisque
3531 1318 3592 1372 ad
3614 1317 3785 1388 propria

2272 1422 2353 1465 est
2385 1427 2679 1483 regressus.
2702 1412 2975 1482 Tantaque
3003 1429 3095 1483 per
3116 1414 3252 1468 viam
3283 1414 3503 1480 scelera,
3526 1413 3782 1480 homicidia,

2271 1508 2501 1578 prazdas,
2530 1508 2858 1577 direptiones
2900 1523 2995 1578 per
3031 1509 3303 1580 regionem
3345 1509 3603 1577 propriam
3637 1521 3784 1577 gesse-

2272 1606 2417 1665 runt,
2448 1607 2507 1652 ut
2549 1614 2612 1655 ea
2654 1612 3030 1668 usquequaque
3075 1599 3354 1654 memorari
3397 1601 3684 1670 perlongum
3716 1599 3783 1653 sit.

2272 1688 2650 1744 Verumtamen
2677 1691 2798 1757 quia
2836 1699 3048 1757 segetes
3080 1690 3371 1744 Provinciae
3399 1690 3502 1760 igni
3528 1690 3590 1744 ab
3618 1688 3785 1743 hisdem

603 1782 721 1847 bus,
749 1782 975 1838 diversis
1002 1783 1274 1853 suppliciis
1299 1781 1495 1849 allecti,
1522 1781 1774 1835 truncatis
1804 1779 2046 1835 manibus
2073 1794 2165 1835 au-
2191 1766 2241 1827 Β
2268 1794 2552 1836 succensas
2578 1780 2830 1845 dicimus,
2858 1780 2994 1835 fame
3020 1790 3175 1850 atque
3203 1781 3375 1836 inedia
3404 1790 3693 1851 pereuntes,
3714 1794 3786 1849 per

603 1874 858 1940 ribusque
881 1885 934 1930 et
956 1875 1188 1941 naribus,
1213 1874 1372 1929 variis
1401 1884 1524 1928 sunt
1553 1873 1813 1928 mortibus
1840 1872 2161 1941 interempti.

675 1965 843 2020 XXX.
874 1965 1035 2034 igitur
1064 1967 1491 2022 Guntchramnus
1520 1980 1611 2020 rex
1645 1964 1969 2020 commoveri
1998 1978 2163 2018 exer-

603 2058 764 2110 citum
796 2057 848 2111 in
877 2058 1159 2128 Hispanias
1190 2059 1440 2127 praecepit
1466 2066 1514 2123 ι,
1546 2056 1729 2111 dicens
1760 2074 1772 2109 :
1807 2056 1960 2110 Prius
1987 2054 2165 2125 Septi—

608 2152 837 2204 maniam
887 2150 1209 2218 proxinciam
1257 2150 1445 2205 ditioni
1502 2158 1697 2204 nostra:
1754 2148 2003 2213 subdite,
2048 2164 2167 2220 quae

602 2240 791 2294 Galliis
820 2249 898 2294 est
926 2242 1237 2309 pr0pinqua.
1270 2240 1542 2309 indignum
1572 2250 1672 2301 est,
1698 2250 1752 2294 ut
1778 2240 2165 2295 horrendorum

601 2328 918 2385 Gouhorum
950 2328 1204 2383 terminus
1236 2314 1400 2398 usque
1447 2328 1500 2383 in
1543 2327 1739 2383 Gallias
1782 2331 1852 2383 sit
1892 2339 2162 2384 extensus.

601 2422 753 2476 Tunc
781 2432 1048 2476 commoto
1078 2422 1223 2475 omni
1254 2421 1486 2475 exercitu
1518 2421 1665 2487 regni
1696 2421 1796 2484 sui,
1815 2420 1940 2475 illuc
1966 2420 2161 2489 dirigit.

604 2509 801 2566 Gentes
830 2526 956 2566 vero
983 2527 1100 2582 qua:
1126 2512 1263 2566 ultra
1288 2511 1520 2578 Ararim,
1544 2510 1966 2579 Rhodanumque
1990 2522 2043 2566 et
2069 2510 2168 2569 Se-

603 2616 831 2671 quanam
858 2600 883 2638 b
915 2603 1353 2665 commanebant,
1385 2615 1505 2655 cum
1548 2599 2013 2670 Burgundionibus
2038 2600 2165 2671 jun-

601 2699 719 2756 ctze,
738 2690 957 2745 Ararica
982 2691 1434 2763 thodaniticaqtte
1461 2691 1636 2746 littora
1666 2702 1769 2745 tam
1795 2692 1861 2747 de
1884 2690 2161 2755 fruetibus,

601 2797 757 2850 quam
805 2781 872 2837 de
919 2784 1199 2852 pecoribus
1247 2784 1400 2840 valde
1446 2783 1777 2855 depopulatae
1818 2792 1962 2839 sunt.
2005 2785 2166 2839 Multa

574 2874 921 2941 thomicidia,
949 2876 1217 2942 incendia,
1250 2876 1560 2946 prtcdasque
1600 2875 1653 2929 in
1693 2876 1912 2947 regione
1954 2876 2164 2945 propria

600 2965 877 3031 iacientes,
901 2967 991 3020 sed
1025 2976 1078 3020 et
1103 2967 1358 3022 ecclesias
1386 2966 1740 3033 denudantes,
1769 2966 1992 3021 clericos
2023 2968 2167 3034 ipsos

599 3072 720 3112 cum
749 3057 1111 3112 sacerdotibus
1138 3072 1199 3111 ac
1223 3058 1426 3125 reliquo
1455 3057 1649 3126 populo
1674 3059 1739 3110 ad
1766 3057 1908 3124 ipsas
1932 3066 2165 3111 sacratas

2273 1874 2415 1928 viam
2452 1872 2891 1942 relinquebantur
2915 1874 3215 1943 exanimes;
3248 1874 3481 1928 nonnulli
3516 1873 3564 1928 in
3590 1872 3783 1926 ﬂumini-

2270 1967 2372 2022 bus
2392 1966 2646 2031 demersi,
2663 1966 2899 2036 plerique
2922 1966 2972 2020 in
2999 1966 3346 2021 seditionibus
3372 1968 3648 2033 interempti
3666 1974 3783 2019 sunt.

2267 2055 2535 2111 Ferebant
2561 2056 2702 2110 enim
2733 2054 2963 2124 amplius
2992 2070 3147 2124 quam
3180 2055 3413 2124 quinque
3449 2054 3601 2109 millia
3636 2054 3681 2106 in
3718 2052 3784 2105 his

2265 2148 2533 2217 stragibus
2571 2145 2738 2200 fuisse
2767 2158 3090 2216 peremptos.
3120 2146 3225 2202 Sed
3256 2161 3361 2201 non
3393 2161 3483 2202 eos
3504 2146 3587 2216 qui
3610 2158 3784 2199 reman-

2264 2248 2467 2303 serant,
2498 2237 2779 2292 coercebat
2803 2238 3026 2291 aliorunt
3064 2238 3332 2292 interitus.
3363 2238 3508 2292 Tunc
3540 2245 3590 2290 et
3625 2238 3783 2289 Arver-

2266 2345 2349 2385 nae
2388 2330 2623 2399 regionis
2663 2328 2926 2394 ecclesiae,
2957 2343 3075 2395 qua;
3112 2328 3214 2382 viae
3257 2328 3482 2397 publicae
3520 2327 3782 2396 propinquae

2266 2428 2438 2483 erant,
2459 2434 2486 2470 a
2512 2417 2820 2472 ministeriis
2844 2418 3124 2472 denudatre
3152 2426 3294 2472 sunt.
3315 2416 3426 2472 Nec
3452 2417 3538 2470 fuit
3564 2414 3783 2469 terminus

2265 2509 2404 2565 male
2434 2508 2694 2577 faciendi,
2724 2509 2825 2563 nisi
2851 2524 2971 2563 cum
3002 2508 3068 2563 ad
3102 2509 3313 2576 propria
3345 2507 3530 2579 singuli
3565 2517 3783 2574 pervene-

2266 2610 2411 2658 runt.
2438 2603 2640 2668 Quibus
2669 2603 2921 2667 reversis,
2950 2617 3138 2672 magna
3166 2602 3599 2657 Guntchramnum
3626 2610 3781 2664 regem

2266 2694 2564 2748 amaritudo
2587 2694 2763 2748 cordis
2783 2695 3009 2749 obsedit.
3035 2694 3201 2749 Duces
3222 2710 3349 2748 vero
3377 2692 3635 2763 supradicti
3654 2704 3781 2743 exer-

2265 2787 2403 2841 citus
2425 2785 2488 2839 ad
2514 2785 2780 2841 basilicam
2803 2787 2971 2840 sancti
2997 2786 3373 2856 Sympboriani
3400 2784 3626 2854 martyris
3644 2793 3780 2847 expe-

2268 2877 2488 2932 tierunt.
2513 2877 2769 2933 Veniente
2810 2878 2984 2946 itaque
3012 2893 3136 2946 rege
3162 2879 3227 2931 ad
3257 2878 3379 2947 ejus
3406 2875 3779 2937 solemnitatem,

2267 2970 2633 3037 repraesentati
2667 2978 2790 3023 sunt
2819 2968 2916 3022 sub
2943 2970 3244 3023 conditione
3271 2971 3546 3026 audientite
3579 2969 3626 3021 in
3665 2972 3781 3035 posta

2271 3063 2486 3117 tnodum
2516 3064 2727 3120 futurae.
2756 3066 2943 3120 Postea
2975 3081 3102 3120 vero
3128 3074 3358 3136 quatuor
3387 3067 3667 3123 conmeatis
3689 3062 3781 3132 epi-

599 3150 712 3205 Deo
756 3164 875 3203 aras
917 3151 1313 3215 interimentes,
1340 3164 1507 3221 usque
1534 3152 1599 3204 ad
1632 3153 1815 3205 urbem
1846 3150 2161 3205 Nemausum
2192 3139 2241 3202 C
2268 3152 2443 3219 scopis
2476 3163 2524 3217 ο,
2552 3169 2756 3208 necnon
2797 3164 2851 3210 et
2888 3155 3177 3226 majoribus
3203 3169 3325 3212 natu
3361 3159 3628 3221 iaicorum,
3654 3156 3783 3211 duces

598 3253 994 3315 processerunt.
1037 3240 1293 3295 Similiter
1338 3252 1390 3295 et
1440 3242 1691 3307 Biturici,
1726 3242 1998 3297 Santonici
2048 3256 2167 3295 cum

602 3334 988 3404 Petragoricis,
1015 3336 1463 3403 Egoiismensibus
1484 3380 1499 3404 ,
1528 3346 1581 3390 et
1607 3335 1927 3404 reliquarum
1960 3336 2167 3391 urbium

604 3429 820 3498 populo,
841 3432 931 3497 qui
958 3439 1078 3482 tunc
1102 3428 1167 3482 ad
1194 3430 1442 3485 antedicti
1473 3431 1611 3499 regis
1634 3430 1914 3498 imperium
1937 3432 2169 3500 pertine-

607 3519 766 3584 bant,
796 3533 965 3588 usque
992 3519 1056 3572 ad
1086 3519 1465 3574 Carcassonam
1498 3522 1680 3576 urbem
1712 3521 1948 3588 devecti,
1975 3523 2165 3576 similia

606 3611 745 3664 mala
774 3623 1070 3680 gesserunt.
1099 3611 1201 3666 Sed
1229 3626 1350 3665 cum
1383 3612 1448 3666 ad
1473 3612 1657 3667 urbem
1689 3614 2057 3681 accessissent,
2085 3631 2167 3668 re-

604 3702 801 3757 seratis
816 3713 1005 3771 sponte
1024 3703 1486 3772 abiitabitatoribus
1509 3704 1694 3773 portis,
1721 3705 1863 3758 nullo
1886 3706 2168 3761 resistente

604 3794 860 3863 ingressi,
890 3795 1071 3849 nescio
1099 3809 1205 3865 quo
1233 3811 1352 3850 cum
1382 3796 1892 3853 Carcassoneusibus
1920 3798 2169 3853 seandalo

602 3887 886 3952 commoti,
913 3887 1095 3942 urbem
1126 3888 1325 3957 egressi
1354 3897 1497 3944 sunt.
1525 3889 1674 3944 Tunc
1700 3889 2059 3958 Terentiolus,
2081 3908 2169 3947 co-

601 3994 714 4034 mes
735 3980 997 4049 quondam
1027 3981 1172 4035 urbis
1197 3981 1564 4050 Lemovicinaa,
1582 3983 1757 4051 lapide
1777 3984 1845 4039 de
1870 4000 2020 4040 muro
2046 4000 2168 4054 pro-

600 4074 742 4141 jccto
769 4087 1069 4141 percussus,
1092 4074 1340 4128 occubuit
1364 4091 1378 4127 :
1401 4075 1553 4142 cujus
1581 4086 1738 4145 caput
1768 4085 2065 4130 truncatum
2086 4086 2169 4131 est

602 4164 668 4216 ad
699 4164 980 4219 vindictam
1011 4165 1455 4235 adversariorum,
1475 4176 1529 4221 et
1557 4167 1671 4223 urbi
1702 4168 1933 4223 delatum
1963 4178 2064 4224 est.
2090 4170 2166 4223 Ex

604 4254 704 4307 hoc
734 4256 907 4309 omnis
935 4256 1158 4325 populus
1187 4257 1377 4315 timore
1410 4258 1735 4325 perterritus,
1759 4259 1821 4311 ad
1846 4261 2053 4327 propria
2084 4276 2167 4315 re-

601 4347 750 4416 gredi
781 4348 1054 4402 destinans
1073 4388 1087 4412 ,
1110 4350 1352 4403 universa
1384 4350 1623 4418 reliquit,
1647 4366 1764 4418 ante
1791 4352 1868 4406 vel
1902 4367 1993 4418 per
2023 4353 2164 4406 viam

599 4445 834 4503 ceperat,
852 4438 933 4491 vel
958 4454 1075 4505 qua:
1102 4454 1282 4494 secum
1316 4440 1623 4494 adduxerat.
1646 4439 1750 4495 Sed
1781 4450 1833 4494 et
1862 4440 2040 4494 Gotthi
2073 4457 2165 4509 per

2272 3241 2539 3297 discutere
2566 3245 2762 3315 cwpit,
2788 3245 2970 3301 dicens
3007 3266 3019 3300 :
3051 3247 3290 3315 Qualiter
3316 3266 3417 3305 nos
3456 3251 3549 3305 hoc
3585 3258 3783 3316 tempore

2270 3334 2546 3389 victoriam
2578 3337 2822 3392 obtinere
2850 3353 3148 3407 possumus,
3178 3340 3268 3407 qui
3295 3355 3359 3395 ea
3391 3356 3504 3411 qua!
3530 3351 3684 3409 patres
3708 3349 3783 3390 no-

2268 3427 2361 3478 stri
2389 3429 2659 3482 consecuti
2689 3438 2829 3494 sunt,
2859 3445 2960 3483 non
2990 3431 3355 3485 custodimus?
3409 3432 3566 3504 5,01
3595 3432 3659 3485 illi
3682 3441 3782 3482 vero

2268 3517 2523 3574 ecclesias
2549 3518 2898 3587 aediﬁcantes,
2930 3522 2981 3575 in
3013 3522 3176 3577 Deum
3207 3539 3358 3592 spem
3392 3540 3591 3580 onmem
3622 3533 3781 3591 ponen-

2273 3618 2372 3674 tes,
2425 3620 2684 3680 martyres
2735 3611 3087 3676 ltonorantes,
3132 3616 3440 3672 sacerdotes
3484 3622 3783 3675 venerantes,

2269 3702 2518 3756 victorias
2566 3703 2938 3771 obtinuerunt,
2987 3715 3276 3776 gentesque
3322 3711 3599 3775 adversas,
3639 3706 3783 3760 divino

2270 3795 2562 3861 opitulante
2586 3796 2875 3863 adiutorio,
2903 3798 2953 3851 in
2983 3812 3110 3853 ense
3139 3809 3191 3852 et
3223 3814 3405 3868 parma
3434 3802 3615 3870 smpius
3639 3794 3783 3851 subdi-

2271 3883 2480 3939 derunt.
2513 3885 2618 3939 Nos
2648 3902 2775 3941 vero
2810 3903 2913 3941 non
2952 3889 3119 3943 solum
3162 3889 3327 3945 Deum
3370 3908 3474 3946 non
3515 3891 3783 3949 metuimus,

2272 3991 2453 4030 verum
2483 3978 2642 4031 etiam
2671 3993 2820 4033 sacra
2850 3980 2963 4049 ejus
2994 3991 3289 4049 vastamus,
3322 3985 3589 4038 ministros
3614 3978 3780 4035 interﬁ-

2271 4069 2474 4134 cimus,
2508 4070 2618 4138 ipsa
2664 4086 2874 4140 quoque
2912 4085 3208 4126 sarrctnrum
3250 4075 3470 4145 pignera
3509 4076 3558 4128 in
3601 4068 3783 4125 ridiculo

2270 4164 2615 4233 discerpimus
2645 4181 2706 4220 ac
2739 4178 3022 4221 vastamus.
3054 4168 3166 4220 Non
3210 4170 3352 4222 enim
3395 4177 3562 4238 potest
3597 4158 3784 4219 obtineri

2270 4255 2522 4320 victoria,
2551 4256 2640 4311 ubi
2687 4256 2807 4310 talia
2849 4266 3235 4325 perpetrantur.
3270 4258 3396 4314 Ideo
3424 4272 3600 4313 manus
3625 4260 3786 4309 nostra:

2270 4355 2393 4399 sunt
2415 4345 2673 4409 invalidae,
2698 4347 2840 4401 ensis
2867 4348 3107 4416 tepescit,
3132 4364 3228 4404 nec
3256 4349 3475 4420 clypeus
3499 4363 3608 4411 nos,
3628 4355 3674 4399 ut
3695 4346 3785 4397 erat

2269 4437 2486 4504 solitus,
2510 4437 2747 4492 defendit
2773 4454 2834 4493 ac
2862 4440 3105 4508 protegit.
3133 4441 3269 4510 Ergo
3297 4442 3342 4495 si
3378 4443 3476 4496 hoc
3502 4453 3623 4493 mete
3646 4434 3786 4501 culpa

598 4526 836 4580 occultas
868 4528 1089 4582 insidias
1119 4530 1314 4584 multos
1354 4530 1423 4583 de
1459 4530 1539 4583 his
1572 4529 1824 4596 spoliatos
1868 4530 2161 4585 intereme-
2192 4515 2245 4575 D
2270 4529 2571 4597 ascribitur,
2596 4529 2704 4597 jam
2746 4530 2797 4584 id
2839 4531 2975 4585 Deus
3020 4532 3178 4599 capiti
3225 4547 3344 4587 meo
3384 4532 3632 4587 restituat.
3657 4525 3785 4580 Certe

598 4625 723 4671 runt
753 4631 768 4676 :
799 4617 992 4671 exinde
1021 4619 1073 4671 in
1097 4618 1482 4673 Tolosanorum
1511 4634 1697 4671 manus
1725 4618 2033 4683 incidentes,
2054 4622 2171 4688 qui-

604 4710 703 4762 bus
727 4705 853 4760 dunt
884 4717 1181 4775 pergerent,
1200 4710 1359 4761 multa
1394 4710 1673 4763 intulerant
1699 4712 1855 4773 mala,
1876 4712 2081 4776 spoliati
2107 4727 2169 4764 ac

604 4798 729 4854 czesi
760 4798 849 4851 vix
886 4801 1095 4865 prOpria
1135 4802 1444 4870 contingere
1484 4810 1787 4867 potuerunt.
1816 4803 1877 4856 Hi
1920 4819 2048 4856 vero
2078 4806 2166 4872 qui

602 4900 921 4954 Nemausum
952 4894 1115 4966 400
1143 4897 1371 4964 aggressi
1401 4896 1643 4961 fuerant,
1675 4896 2009 4951 devastantes
2049 4899 2168 4952 uni-

602 5007 755 5047 versa
779 4991 1030 5062 regionis,
1049 4989 1320 5045 succensis
1341 4988 1603 5052 domibus,
1620 4990 1850 5045 incensis
1871 4992 2159 5059 segetibus,

598 5087 834 5141 discissis
878 5085 1116 5152 olivetis,
1150 5070 1443 5151 vinetisque
1484 5082 1733 5149 succisis,
1770 5084 1900 5139 nihil
1943 5084 2161 5140 inclusis

691 5254 871 5307 'lianc
920 5253 1311 5320 expeditionem
1363 5264 1502 5302 anno
1551 5246 1683 5320 58:3,
1730 5260 1852 5302 ante
1899 5249 2157 5316 synodum

600 5323 889 5377 Matiscone
919 5318 1148 5375 habitam
1169 5365 1183 5388 ,
1222 5321 1516 5374 conlectam
1548 5318 1710 5373 fuisse
1742 5330 1886 5385 putat
1921 5320 2158 5373 Valesius

600 5393 687 5446 lib.
714 5409 802 5445 xm
829 5409 930 5445 rer.
955 5395 1174 5454 Franc.;
1207 5392 1299 5444 sed
1322 5407 1440 5444 cum
1467 5390 1745 5444 occasione
1773 5392 1914 5442 necis
1940 5391 2154 5441 Herme-

597 5466 782 5528 negildi
816 5476 1053 5528 suscepta
1088 5463 1289 5514 dicatur
1313 5476 1469 5529 supra
1499 5475 1614 5527 cap.
1640 5462 1726 5525 9.8,
1754 5462 2151 5526 consentiatque

594 5534 745 5585 ,loan.
771 5533 958 5584 Biclar.
988 5538 1035 5585 in
1058 5534 1341 5594 Chronico,
1364 5532 1556 5598 potius,
1574 5542 1623 5580 ut
1648 5532 1859 5596 quidem
1885 5532 2151 5588 existimo,

596 5618 735 5666 anno
764 5618 898 5667 sum,
938 5604 983 5652 id
1015 5614 1093 5653 est
1126 5602 1247 5661 586,
1281 5600 1636 5667 consignanda
1670 5611 1769 5662 est,
1802 5616 1905 5662 quo
1945 5614 2153 5651 sanctus

596 5673 1031 5742 ﬁlertnenvgildus
1064 5672 1224 5732 paris
1251 5673 1400 5735 jussu
1424 5668 1627 5742 occisus
1652 5668 1765 5742 fuit.
1790 5668 1980 5720 Valesii
2006 5686 2153 5720 «θετον

597 5738 714 5817 ίέὶὲέῗ
751 5746 1016 5817 ἓδῗυίῖυκίίν
1040 5744 1172 5813 ίὶηθά
1200 5738 1488 5809 ιειηῖὲἰίάὶ
1514 5751 1704 5790 allli‘ift:
1736 5738 1792 5789 i7
1818 5755 1970 5807 quem
1998 5740 2150 5793 J0m-

2268 4621 2312 4675 si
2346 4636 2436 4675 vos
2464 4621 2656 4691 regalia
2688 4621 2832 4691 juSsa
2863 4624 3233 4689 contemnitis,
3261 4635 3313 4678 et
3340 4640 3403 4678 ea
3434 4634 3550 4693 qua:
3578 4611 3785 4690 ριέεοίβῖο

2265 4714 2491 4781 implere
2516 4712 2760 4779 differtis,
2780 4712 2891 4784 jam
2917 4714 3077 4769 debet
3099 4716 3298 4770 securis
3322 4715 3483 4786 capiti
3511 4723 3667 4765 vestro
3685 4703 3786 4760 sub-

2265 4806 2449 4871 tnergi.
2475 4804 2590 4859 Erit
2618 4805 2757 4859 enim
2787 4805 3159 4861 documentum
3198 4806 3341 4860 omni
3386 4800 3663 4861 exercitui.
3685 4806 3783 4851 cum

2265 4915 2402 4952 unus
2426 4900 2491 4952 de
2516 4884 2780 4967 prioribus
2806 4901 2956 4955 fuerit
2985 4902 3307 4956 interiectus.
3324 4902 3677 4953 Verumtamen
3695 4891 3783 4957 iam

2269 4991 2494 5059 experiri
2526 4992 2778 5047 debemus
2806 4994 2929 5061 quid
2959 4995 3039 5063 agi
3069 4994 3399 5063 oporteat.Si
3426 4993 3541 5062 quis
3564 4983 3783 5057 juSIilialll

2267 5085 2415 5155 sequi
2445 5084 2697 5152 destinat,
2717 5087 2827 5155 jam
2856 5098 3138 5157 sequatur;
3169 5090 3212 5142 si
3243 5089 3359 5158 quis
3388 5076 3786 5145 contemnit,jam

2267 5266 2363 5304 nes
2392 5248 2584 5303 Biclar.
2611 5248 2842 5302 Mauricii
2877 5250 3089 5302 tertium
3120 5248 3347 5315 appellat
3367 5259 3493 5315 ,an.
3518 5235 3784 5315 583$_i_l_liga-

2268 5322 2422 5382 verit,
2452 5335 2571 5373 cum
2613 5331 2787 5373 tamen
2830 5320 2874 5372 is
2916 5319 3030 5387 ipse
3067 5304 3509 5378 stt'émms'sso,
3532 5327 3593 5365 ex
3622 5304 3782 5360 Biclar-

2262 5392 2484 5445 calculo.

2333 5462 2357 5496 ὴ
2389 5460 2542 5519 Colb.
2570 5474 2644 5521 θ..
2673 5459 2949 5530 Segonnm.
3106 5528 3112 5530 Α
3308 5525 3334 5530 _
3381 5525 3409 5530 __
3575 5518 3608 5530 η
3669 5525 3679 5530 ,
3715 5511 3745 5530 ,ρ

2335 5540 2356 5567 ε
2389 5511 2482 5583 Sic
2511 5511 2768 5593 iiccﬁjciun
2798 5511 2954 5581 editis
2988 5528 3274 5593 plerisque.
3298 5525 3447 5579 Coll).
3470 5536 3540 5583 a.,
3567 5511 3785 5570 Postdfﬂ

2253 5617 2373 5653 vero
2404 5611 2621 5669 quatuor
2645 5604 2947 5669 conj-unctis.
2975 5600 3125 5650 (Iulli.
3158 5616 3254 5656 ιιι..
3288 5597 3406 5648 Post
3437 5604 3531 5645 (res
3564 5603 3665 5640 utro

2262 5687 2393 5727 tuor,
2415 5662 2515 5723 etc.
2541 5662 2751 5733 “egon:
2774 5669 2896 5721 Post
2923 5684 3016 5721 tres
3042 5686 3153 5721 vero
3181 5669 3285 5719 dies
3304 5678 3514 5735 quatuor
3541 5662 3779 5724 malum”

2267 5742 2415 5807 Ball,
2440 5740 2557 5795 Post
2589 5756 2698 5795 vac-
2733 5753 2826 5793 (ηδ
2861 5742 2931 5793 te!
2955 5752 3165 5810 qaatuur
3200 5747 3302 5794 titus
3332 5736 3727 5805 t‘onjititt‘itt,€lco
