3942 6190
142 287 237 342 469

1028 284 1350 342 HISTORIA
1393 283 1837 341 FRANCUlllJM.
1880 284 2081 340 LIBER
2120 286 2452 343 OCTAVUS.

3273 286 3373 336 ὁτι)

141 403 254 457 ultio
291 399 502 470 publica
543 399 738 454 cervici
766 400 882 469 ejus
914 400 1205 456 immineat.
1236 400 1414 456 Satius
1442 410 1525 456 est
1550 401 1693 455 enim
1725 402 1775 457 A
1804 400 1963 453 tantia
1988 443 2002 465 ,
2034 415 2135 469 qua
2167 416 2378 470 semper
2405 398 2615 465 ferves,
2661 398 3044 454 abstrahereris
3084 413 3098 452 :
3130 408 3187 452 ut
3219 410 3271 453 et
3319 410 3372 454 tn

140 503 189 547 ut
226 495 372 561 pauci
418 500 763 546 contumaces
810 502 1052 559 pereant,
1082 508 1240 562 quam
1289 494 1365 547 ira
1410 493 1503 547 Dei
1545 507 1704 560 super

142 602 335 642 omnem
378 587 651 658 regionem
682 586 948 655 dependat
980 586 1270 641 innoxiam.
1300 586 1427 641 Haec
1465 600 1587 653 rege
1624 584 1705 637 di-

141 690 308 744 cente,
338 678 737 747 responderunt
763 678 928 732 duces
961 696 973 731 :
1007 678 1267 731 Bonitatis
1298 686 1400 730 tua:
1433 674 1703 743 magnani-

142 774 299 836 mitas,
327 786 420 825 rex
455 770 679 837 Optime,
703 768 939 823 enarrari
970 768 1125 823 facile
1157 784 1260 821 non
1290 776 1495 836 potest;
1525 766 1611 835 qui
1640 764 1705 817 ti-

141 879 243 917 mor
268 864 357 916 tibi
391 864 444 915 in
482 862 644 915 Deum
673 862 769 924 sit.
795 861 883 928 qui
916 875 1065 912 amor
1092 860 1144 913 in
1174 859 1451 921 ecclesias,
1474 870 1592 926 qua:
1622 871 1705 909 re-

141 954 353 1008 verentia
383 954 435 1005 in
466 957 933 1019 sacerdotes,qu:e
957 950 1124 1014 pietas
1150 951 1201 1004 in
1226 964 1503 1018 pauperes,
1521 962 1704 1014 quaeve

139 1046 449 1114 dispensatio
499 1045 552 1099 in
595 1059 815 1115 egenos.
847 1045 949 1098 Sed
992 1042 1112 1112 quia
1159 1042 1334 1096 omnia
1376 1056 1495 1109 qua:
1536 1041 1702 1109 gloria

140 1146 292 1190 vestra
323 1136 565 1204 profert,
600 1148 743 1190 recta
778 1150 1013 1204 veraque
1058 1150 1179 1189 esse
1224 1142 1545 1196 censentur;
1578 1133 1702 1200 quid

144 1228 370 1281 faciemus
392 1228 540 1297 quod
573 1229 799 1297 populus
830 1228 1005 1282 omnis
1032 1228 1084 1282 in
1114 1228 1298 1282 vitium
1332 1237 1412 1281 est
1439 1227 1699 1295 dilapsus,

142 1333 439 1387 omnemque
466 1318 743 1372 hominem
770 1333 928 1387 agere
950 1334 1068 1387 quae
1091 1326 1216 1372 sunt
1241 1318 1420 1387 iniqua
1443 1319 1703 1373 delectat?

144 1408 307 1465 Nullus
334 1426 519 1479 regem
556 1412 773 1476 metnit,
800 1410 975 1464 nullus
1008 1410 1227 1475 ducem,
1258 1409 1429 1463 nullus
1456 1414 1700 1464 comitem

144 1513 391 1558 reveretur
418 1519 435 1557 :
472 1513 528 1557 et
558 1504 603 1558 si
637 1504 880 1557 fortassis
911 1503 1069 1556 alicui
1104 1503 1203 1557 ista
1231 1501 1534 1572 displicent,
1562 1514 1615 1558 et
1641 1518 1701 1556 ea

146 1610 225 1660 pro
253 1595 589 1665 longaevitate
620 1594 741 1648 vitae
771 1603 966 1648 vestra:
994 1594 1284 1649 emendare
1317 1605 1562 1659 conatur,
1590 1604 1699 1648 sta-

144 1686 222 1738 tim
265 1686 453 1740 seditio
487 1687 542 1739 in
584 1684 817 1754 populo,
851 1684 1027 1738 statim
1076 1687 1330 1739 tumultus
1361 1686 1619 1751 exoritur,
1649 1694 1706 1740 et

1805 490 1965 544 vitam
1996 491 2371 560 adipiscereris
2399 500 2651 545 aeternam
2671 528 2686 552 ,
2715 499 2767 543 et
2794 490 3065 558 parvulum
3097 504 3252 559 quem
3282 505 3373 559 ge—

1805 582 1965 635 nuisti
2010 582 2276 636 adducere
2303 581 2370 634 ad
2411 581 2699 650 legitimam
2739 598 2927 652 posses
2967 592 3199 638 aetatem.
3251 582 3378 637 llmc

1804 670 2026 737 effatus,
2059 686 2180 726 eum
2212 672 2370 727 verba
2403 672 2544 725 illius
2588 674 2775 727 mulier
2818 674 3048 744 graviter
3074 674 3371 745 acciperet,

1804 776 1865 816 se
1901 777 1930 815 a
1975 773 2266 831 conspectu
2324 763 2438 832 ejus
2468 762 2591 819 felle
2628 764 2838 819 fervens
2881 766 3153 820 abstraxit.
3206 767 3377 821 Adve-

1808 853 1984 907 niente
2028 866 2207 907 autem
2262 854 2549 909 Dominica:
2592 855 3016 911 llesurrectionis
3044 858 3130 911 die
3159 855 3209 922 ἀ,
3256 873 3373 911 cum

1806 947 2058 1001 sacerdos
2097 945 2260 1017 403
2309 948 2372 1000 ad
2404 947 2670 1017 implenda
2698 949 3056 1004 ecclesiastica
3088 949 3265 1004 officia
3308 950 3374 1004 ad

1806 1038 2084 1095 ecclesiam
2131 1044 2388 1094 maturius
2434 1049 2801 1109 properasset,
2868 1041 3183 1108 antipltonas
3227 1042 3379 1111 juxta

1806 1134 2244 1188 consuetudinem
2279 1135 2516 1201 incipere
2546 1150 2639 1203 per
2665 1134 2906 1190 ordinem
2936 1138 3125 1205 cmpit:
3152 1151 3383 1205 cumque

1811 1227 1951 1281 inter
1978 1227 2306 1295 psallendqu
2339 1226 2583 1282 formulae
2610 1226 2977 1289 decumberet,
3023 1227 3251 1279 crudelis
3290 1227 3382 1279 ad-

1809 1318 1907 1371 fuit
1937 1319 2198 1372 homicida
2217 1362 2231 1385 ,
2264 1320 2353 1389 qui
2382 1318 2689 1387 episcopum
2720 1334 2877 1387 super
2903 1318 3181 1373 formulam
3206 1321 3383 1387 quies-

1807 1418 2050 1470 centem,
2093 1418 2336 1463 extracto
2392 1410 2550 1463 baltei
2599 1410 2804 1475 cultro,
2834 1409 2932 1462 sub
2971 1409 3164 1464 ascella
3196 1424 3384 1477 percu-

1806 1504 1888 1553 tit.
1925 1500 2014 1553 llle
2044 1516 2169 1554 vero
2200 1514 2383 1554 vocent
2425 1502 2671 1554 etnittens
2691 1542 2705 1562 ,
2739 1510 2795 1554 ut
2823 1500 3003 1554 clerici
3031 1501 3118 1565 qui
3161 1501 3383 1554 aderant
3456 1550 3461 1557 .

1806 1592 2152 1661 adjuvat‘ent,
2183 1592 2377 1645 nullius
2404 1592 2603 1645 auxilio
2630 1593 2696 1644 de
2739 1592 2897 1643 tantis
2936 1590 3271 1643 adstantibus
3302 1600 3383 1643 est

1808 1683 2037 1753 adjutus.
2069 1682 2137 1737 At
2176 1683 2265 1736 ille
2308 1683 2490 1751 plenas
2530 1682 2790 1749 sanguine
2830 1696 3018 1735 manus
3046 1696 3205 1747 super
3241 1681 3376 1732 alta-

144 1780 376 1832 intantum
410 1780 778 1848 unusquisque
813 1786 997 1833 contra
1038 1778 1201 1849 402
1239 1778 1514 1833 Seniorem
1559 1792 1699 1832 szeva
1732 1779 1778 1837 B
1806 1784 1941 1831 rium
1985 1775 2279 1831 extendens
2309 1784 2359 1839 ο,
2394 1776 2687 1828 otationetn
2737 1773 2992 1835 fundens,
3025 1782 3078 1826 et
3122 1772 3230 1825 Deo
3259 1785 3378 1838 gra-

146 1872 410 1926 intentione
432 1880 736 1941 grassatur,
762 1879 819 1924 ut
843 1869 927 1923 vix
957 1884 1016 1924 se
1043 1871 1227 1924 credat
1254 1870 1501 1935 evadere,
1524 1870 1569 1923 si
1597 1878 1705 1923 tan-

146 1963 246 2017 dem
286 1963 443 2025 silere
487 1962 815 2032 nequiverit.
844 1964 923 2016 Att
966 1962 1080 2016 lucc
1109 1977 1201 2016 rex
1231 1961 1305 2015 ait
1334 1978 1347 2015 :
1381 1961 1437 2016 Si
1466 1963 1585 2029 quis
1613 1975 1701 2015 se-

144 2062 296 2125 quitur
314 2058 622 2127 justitiam,
659 2059 831 2122 vivat;
864 2059 908 2110 si
939 2056 1058 2125 quis
1091 2056 1261 2125 legem
1291 2053 1703 2123 mandatumque

146 2160 350 2206 nostrum
379 2152 612 2219 reSpnit,
632 2150 742 2220 jam
771 2158 975 2219 pereat,
995 2164 1063 2204 ne
1089 2163 1187 2203 nos
1214 2147 1411 2202 diutius
1439 2146 1537 2201 hoc
1564 2146 1704 2201 blas-

146 2244 384 2311 pbemium
432 2245 677 2314 (Gallice
715 2241 919 2311 blame)
966 2248 1337 2311 prosequatur.
1371 2240 1495 2294 Haec
1523 2254 1589 2296 eo
1617 2240 1701 2294 di-

148 2347 307 2402 cente,
335 2336 564 2390 advenit
611 2335 858 2396 nuntius,
886 2333 1071 2401 dicens
1120 2348 1136 2387 :
1186 2331 1515 2386 Rieharedus
1564 2330 1703 2386 filius

147 2425 441 2483 Leuriehildi
489 2427 566 2481 de
619 2425 887 2496 Hispaniis
935 2439 1210 2493 egressus,
1240 2423 1411 2491 Caput
1453 2424 1701 2477 Arietise

148 2530 290 2573 castra
318 2519 579 2581 obtinuit,
608 2528 662 2573 et
693 2534 757 2572 ex
790 2531 925 2585 pago
955 2516 1221 2571 Tolosano
1251 2516 1539 2569 maximam
1572 2530 1700 2584 par»-

149 2620 232 2662 tetn
257 2610 614 2680 depOpulatns
659 2619 773 2673 est,
809 2610 1161 2677 hominesque
1193 2607 1432 2662 captivos
1460 2607 1697 2661 abduxit.

153 2696 390 2762 Ugeruum
422 2699 451 2738 δ
486 2698 811 2753 Arelatense
839 2707 1071 2752 castrum
1104 2698 1323 2766 irrupit,
1354 2712 1546 2767 resque
1573 2712 1702 2751 cun-

149 2798 241 2843 ctas
282 2805 395 2845 cum
441 2789 757 2843 hominibus
802 2788 1049 2851 abstulit;
1080 2798 1133 2842 et
1162 2789 1239 2841 sic
1270 2802 1329 2842 se
1360 2788 1490 2841 infra
1519 2802 1699 2842 muros

149 2875 495 2936 Nemausensis
525 2879 677 2933 urbis
702 2878 935 2932 inclusit.
966 2878 1090 2936 llaec
1113 2879 1335 2933 audiens
1361 2894 1473 2943 rex.
1497 2878 1701 2935 Lentie-

149 2966 323 3035 gisilum
347 2970 398 3023 in
425 2970 609 3025 locum
631 2967 974 3034 Calumniosi,
991 2978 1345 3037 cognomento
1366 2968 1625 3039 Aigilanis
1649 2980 1698 3035 ο,

152 3057 310 3115 ducem
337 3061 620 3132 deligens,
650 3076 861 3115 omnem
893 3062 939 3113 ei
968 3057 1303 3115 Provinciam
1331 3060 1695 3115 Arelatensem

1808 1869 1907 1921 tias
1936 1882 2127 1935 agens,
2159 1867 2209 1919 in
2249 1864 2551 1919 cubiculum
2584 1878 2736 1917 suum
2765 1863 2903 1916 inter
2936 1877 3125 1915 manus
3151 1861 3381 1915 fidelium

1804 1960 2112 2029 deportatus
2131 1998 2147 2023 ,
2179 1968 2233 2013 et
2262 1959 2313 2010 in
2342 1973 2495 2010 suum
2526 1957 2775 2010 lectulum
2813 1956 3105 2009 collocatus
3133 1964 3233 2008 est.
3263 1955 3382 2008 Sta-

1806 2052 2006 2119 timque
2031 2048 2393 2117 Fredegundis
2422 2063 2542 2102 cum
2568 2046 2866 2115 Beppoleno
2889 2047 3022 2100 duce
3046 2056 3099 2100 et
3121 2046 3382 2100 Ansoual-

1804 2145 1873 2197 do
1924 2142 2122 2206 adfuit,
2168 2140 2395 2195 dicens:
2440 2139 2553 2193 Non
2602 2147 2910 2207 oportuerat
2957 2138 3072 2193 [me
3116 2140 3269 2191 nobis
3317 2152 3379 2191 ac

1804 2234 2022 2304 reliquae
2049 2233 2190 2301 plebi
2242 2242 2377 2297 tum,
2408 2246 2441 2286 ο
2482 2241 2664 2287 sancte
2700 2230 2981 2297 sacerdos,
3032 2239 3089 2285 ut
3140 2231 3238 2285 ista
3289 2241 3378 2284 tuo

1804 2326 1971 2383 cultui
2011 2325 2305 2380 evenirent.
2350 2323 2457 2378 Sed
2503 2323 2698 2377 utinam
2748 2322 3068 2376 indicaretur
3110 2322 3201 2389 qui
3251 2322 3373 2376 talia

1804 2434 1965 2475 ausus
2003 2428 2085 2474 est
2115 2429 2421 2487 perpetrare
2440 2457 2455 2481 ,
2506 2426 2564 2470 ut
2585 2416 2741 2485 digna
2771 2431 2865 2484 pro
2896 2414 2996 2469 hoc
3024 2413 3228 2469 scelere
3253 2428 3379 2484 sup-

1805 2512 1963 2580 plicia
1986 2510 2294 2565 sustineret.
2316 2510 2500 2565 Sciens
2526 2518 2702 2562 autem
2725 2522 2842 2563 eam
2864 2506 3114 2561 sacerdos
3144 2516 3258 2561 tneo
3282 2509 3380 2561 do-

1804 2603 1918 2657 lose
1946 2601 2216 2671 proferre,
2241 2602 2316 2654 ait
2350 2618 2362 2650 τ
2396 2600 2463 2653 Ει
2501 2600 2619 2668 quis
2649 2599 2761 2652 haec
2790 2598 2943 2665 fecit,
2978 2598 3075 2651 nisi
3109 2599 3151 2651 is
3178 2598 3268 2667 qui
3296 2612 3381 2653 re-

1794 2709 1895 2764 ges
1921 2692 2222 2758 interemit,
2251 2693 2338 2761 qui
2369 2691 2564 2759 szepius
2584 2688 2897 2760 sanguinem
2930 2690 3267 2743 innocentem
3300 2689 3377 2743 ef,

1802 2788 1968 2851 fudit,
1992 2788 2079 2856 qni
2107 2786 2314 2841 diversa
2343 2784 2395 2838 in
2421 2783 2521 2838 hoc
2551 2798 2716 2852 regno
2746 2782 2883 2836 mala
2909 2781 3208 2835 commisit?
3240 2781 3377 2834 lies-

1804 2879 1987 2948 pendit
2017 2879 2211 2932 mulier
2248 2896 2261 2931 :
2301 2879 2436 2932 Sunt
2464 2877 2600 2945 apud
2650 2892 2745 2930 nos
2810 2875 3109 2942 peritissimi
3153 2873 3375 2943 medici,

1802 2970 1890 3041 qui
1919 2969 2042 3024 huic
2089 2969 2298 3023 vulneri
2335 2967 2534 3023 mederi
2571 2976 2817 3036 possunt.
2856 2966 3111 3020 Permitte
3144 2972 3201 3020 ut
3223 2979 3380 3021 acce-

1803 3060 1930 3114 dant
1969 3058 2035 3113 ad
2066 3068 2139 3113 te.
2169 3058 2238 3112 Et
2266 3057 2357 3112 ille
2383 3076 2396 3111 :
2427 3057 2542 3112 Jam
2566 3098 2579 3118 ,
2612 3057 2809 3127 inquit,
2852 3071 2937 3110 me
2966 3054 3104 3110 Deus
3142 3057 3382 3125 praecipit

152 3151 400 3215 commisit,
431 3150 794 3219 custodesque
841 3165 936 3219 per
978 3150 1234 3205 terminos
1274 3165 1438 3220 super
1473 3162 1701 3221 quatuor
1729 3159 1774 3221 α
1804 3151 1872 3206 de
1902 3150 2003 3207 hoc
2047 3151 2245 3205 mundo
2289 3152 2488 3205 vocari.
2541 3149 2671 3202 Nam
2713 3159 2769 3202 tu
2808 3163 2927 3233 qua:
2968 3148 3049 3201 his
3089 3147 3379 3203 sceleribus

153 3239 351 3295 virorum
384 3243 562 3297 millia
593 3241 900 3295 collocavit.
943 3240 1047 3296 Sed
1078 3249 1133 3295 et
1162 3240 1395 3296 Nicetius
1433 3244 1700 3299 Arverno-

154 3346 247 3385 rum
274 3334 370 3389 dux
400 3335 659 3388 similiter
687 3349 807 3389 cum
836 3333 1149 3389 custodibus
1179 3334 1444 3404 perrexit,
1474 3344 1527 3391 et
1558 3336 1701 3401 fines

155 3422 347 3491 regionis
373 3423 625 3479 ambivit.

208 3514 380 3578 XXXI.
422 3518 565 3571 Dum
594 3514 709 3570 haec
731 3523 1034 3585 agerentur,
1062 3525 1117 3570 et
1159 3516 1525 3588 Fredegundis
1562 3520 1701 3589 apud

157 3592 611 3680 Bothomagensem
659 3610 841 3661 urbem
881 3617 1321 3675 commoraretur,
1362 3609 1520 3665 verba
1559 3625 1703 3664 ama-

158 3695 365 3754 ritudinis
412 3715 542 3755 cum
598 3698 921 3753 Prtetextato
967 3699 1216 3767 pontifice
1259 3699 1469 3761 habuit.
1522 3698 1702 3755 dicens

158 3800 396 3846 venturum
430 3808 564 3849 esse
596 3803 836 3859 tempus,
870 3791 1083 3860 quando
1106 3792 1288 3846 exsilia
1319 3792 1370 3846 in
1399 3792 1588 3861 quibus
1611 3793 1704 3849 de-

158 3888 302 3937 tautus
339 3882 547 3949 fuerat,
582 3884 862 3939 reviseret.
920 3884 984 3938 Et
1014 3885 1103 3938 ille
1134 3901 1147 3936 :
1184 3884 1292 3953 Ego
1334 3900 1545 3954 semper
1566 3898 1620 3941 et
1649 3888 1702 3941 in

160 3974 344 4041 exsilio,
392 3988 445 4032 et
476 3988 634 4031 extra
680 3976 927 4029 exsilium
965 3978 1250 4045 episcOpus
1298 3978 1402 4044 fui,
1452 3994 1606 4043 sum,
1652 3993 1706 4034 et

161 4077 256 4129 tro;
284 4082 397 4124 nam
426 4077 481 4121 tu
515 4082 628 4120 non
655 4081 867 4135 semper
910 4067 1074 4136 regali
1124 4068 1358 4135 potentia
1391 4069 1700 4136 perfrueris.

161 4153 241 4210 Nos
262 4160 323 4217 ab
360 4163 555 4215 exsilio
599 4160 963 4228 provehimur,
1010 4161 1274 4215 tribuente
1307 4162 1453 4228 Deo,
1492 4163 1545 4218 itt
1585 4180 1704 4234 reg-

161 4260 259 4301 num
290 4268 302 4303 :
328 4259 379 4305 tu
406 4266 543 4305 vero
565 4250 633 4303 ab
660 4249 762 4304 hoc
792 4266 957 4320 regno
987 4250 1313 4321 demergeris
1337 4268 1389 4306 tn
1430 4255 1700 4321 abyssum.

162 4335 346 4397 Rectius
374 4344 521 4398 enim
556 4352 672 4396 erat
702 4343 793 4396 tibi
812 4383 829 4408 ,
861 4353 919 4396 ut
949 4343 1129 4397 relicta
1159 4344 1379 4398 stultitia
1409 4355 1568 4417 atque
1597 4364 1708 4402 ma-

163 4428 274 4496 litia,
314 4433 419 4502 jam
452 4444 505 4490 te
532 4434 599 4487 ad
631 4433 846 4488 meliora
884 4445 1255 4499 converteres,
1299 4445 1354 4491 et
1382 4436 1451 4491 ab
1476 4437 1576 4493 hac
1594 4438 1706 4509 jac-

1806 3245 2051 3313 priuceps
2100 3244 2307 3297 inventa
2352 3256 2440 3305 es,
2489 3243 2595 3296 eris
2641 3242 2918 3295 maledicta
2966 3240 3019 3294 in
3051 3240 3279 3305 Steculo.
3327 3248 3383 3295 et

1804 3338 1905 3391 erit
1935 3336 2076 3392 Deus
2104 3337 2242 3391 ultor
2268 3337 2541 3405 sanguinis
2569 3334 2671 3391 mei
2699 3335 2765 3389 de
2793 3336 2966 3403 capite
2998 3343 3108 3391 tuo.
3137 3334 3379 3403 Curaque

1805 3428 1891 3483 illa
1934 3428 2266 3495 discederet,
2312 3428 2546 3496 pontifex
2595 3427 2833 3481 ordinata
2866 3426 3023 3480 domo
3050 3441 3174 3490 sua,
3218 3426 3377 3494 spiri-

1806 3532 1916 3576 tum
1947 3521 2235 3577 exhalavit.
2282 3520 2362 3574 Ad
2391 3535 2549 3589 quem
2596 3518 2958 3588 sepeliendum
3003 3517 3384 3571 llomacharius

1804 3613 2169 3672 Constantina:
2222 3614 2369 3667 urbis
2401 3612 2961 3681 episcopustadvenit.
3008 3611 3229 3680 Magnus
3259 3620 3384 3664 tunc

1805 3723 1993 3764 omnes
2022 3709 2480 3780 Rothomagenses
2508 3710 2680 3773 cives,
2725 3718 2780 3762 et
2808 3708 3103 3776 prmsertim
3144 3707 3385 3761 seniores

1808 3801 1910 3855 luci
1942 3801 2086 3856 illius
2115 3804 2375 3865 Francos,
2420 3814 2618 3855 mceror
2643 3800 2871 3855 obsedit.
2919 3799 2997 3853 Ex
3026 3798 3219 3868 quibus
3251 3812 3387 3850 unus

1806 3893 1989 3948 senior
2016 3893 2081 3946 ad
2128 3892 2533 3962 Fredegnndem
2580 3894 2829 3954 veniens,
2880 3890 2999 3943 ait:
3044 3889 3203 3942 Multa
3244 3888 3386 3943 enim

1808 3986 1945 4040 mala
1975 3987 2025 4039 in
2055 3986 2154 4039 hoc
2183 3986 2378 4040 szecnlo
2408 3985 2753 4053 perpetrasti,
2786 3982 2878 4037 sed
2906 3982 3081 4035 adhuc
3106 3982 3255 4051 pejus
3279 3996 3379 4036 non

1808 4078 2047 4143 feceras,
2082 4092 2240 4146 quam
2271 4086 2326 4129 ut
2372 4077 2702 4130 sacerdotem
2739 4074 2830 4127 Dei
2869 4073 3083 4141 juberes
3130 4073 3381 4126 interfici.

1807 4171 1884 4226 Sit
1916 4170 2059 4225 Deus
2090 4170 2229 4223 ultor
2272 4171 2545 4238 sanguinis
2584 4165 2882 4223 innocentis
2911 4165 3196 4232 velociter;
3227 4165 3389 4236 404

1809 4277 1933 4317 nam
1960 4272 2013 4316 et
2038 4275 2226 4316 omnes
2253 4262 2454 4315 erimus
2477 4260 2819 4328 inquisitores
2849 4258 2971 4311 mali
2996 4256 3185 4326 hujus,
3218 4268 3274 4310 ut
3294 4257 3386 4312 tibi

1809 4353 2007 4407 diutius
2034 4368 2137 4427 non
2161 4353 2316 4406 liceat
2345 4360 2451 4405 tam
2475 4350 2711 4405 crudelia
2740 4363 3025 4403 exercere.
3056 4347 3189 4402 Cum
3212 4356 3388 4402 autem

1811 4444 1924 4499 haec
1952 4442 2132 4499 dicens
2161 4443 2460 4497 discederet
2498 4456 2526 4494 a
2559 4451 2849 4509 conspectu
2876 4439 3100 4509 reginae,
3134 4440 3275 4494 misit
3298 4438 3390 4492 illa

218 4574 240 4602 ι
262 4567 417 4639 Vulgo
455 4566 1249 4644 dicitur_Cabarnt._Al£eserrae
1282 4578 1375 4644 est
1390 4569 1700 4644 ACastelnau-
1735 4578 1784 4638 D
1810 4576 2041 4638 obiisse,
2072 4591 2177 4644 quo
2214 4575 2299 4629 die
2345 4574 2396 4626 in
2428 4572 2702 4641 Martyrol.
2738 4572 2979 4644 Romano
3031 4582 3379 4636 memoratur,

164 4635 311 4709 deny,
338 4635 475 4709 quod
505 4642 585 4694 ait
609 4656 637 4692 a
662 4638 818 4709 Petro
843 4638 1004 4693 Vallis
1030 4640 1241 4693 Cernaii
1281 4641 1331 4694 in
1363 4642 1587 4695 llistoria
1610 4645 1702 4697 AI-

167 4704 423 4783 higensitim
467 4711 733 4783 appellari
770 4708 1015 4783 Castrum
1063 4726 1255 4764 novum
1284 4712 1415 4777 Arii,
1472 4714 1527 4766 in
1575 4727 1703 4783 agro

169 4774 470 4849 Lauraceusi,
506 4774 557 4834 Ie
580 4782 919 4849 Lauraguais.

223 4847 475 4906 hCelebre
514 4861 601 4905 est
636 4847 773 4921 apud
812 4861 1020 4905 veteres
1057 4862 1302 4906 auctores
1347 4852 1504 4914 huius
1542 4858 1703 4910 castri

170 4929 352 4986 nomen,
392 4925 503 4986 ubi,
554 4931 781 4975 testante
824 4922 1065 4979 Sidonio.
1094 4923 1285 4975 Avitus
1330 4925 1586 4977 salutatus
1623 4937 1706 4980 est

171 4984 439 5056 imperator.
473 4984 644 5046 l’lodie
676 5002 849 5045 tamen
894 5002 1095 5045 mutato
1124 4994 1367 5051 nomine.
1396 4996 1529 5045 haud
1558 5008 1708 5051 certo

172 5066 538 5133 constatan‘sit
564 5063 767 5116 Bellum
809 5062 1101 5133 Quadrurn,
1135 5063 1293 5128 vulgo
1315 5061 1612 5127 Beaucat‘re,
1639 5083 1708 5123 an

174 5130 215 5204 ξι]
247 5130 398 5185 insula
426 5131 916 5204 Guernieatvulgo
946 5136 999 5184 la
1028 5132 1246 5204 Vergne,
1287 5149 1404 5201 quae
1448 5150 1548 5188 \‘ux
1577 5140 1709 5192 satis

177 5193 666 5274 Ugerno_competit.
703 5193 950 5271 'Uterque
1000 5193 1340 5266 vero'loeué,
1393 5204 1709 5274 interposito

177 5271 647 5343 tamenrlihodano,
698 5274 1022 5340 prepinquns
1080 5284 1162 5328 est
1189 5274 1496 5338 Tarasconi,
1535 5271 1572 5327 'a
1603 5295 1709 5343 quo

177 5346 303 5409 vetus
330 5340 588 5409 Ugcrnum
620 5359 803 5409 parum
832 5343 1088 5399 distitisse
1116 5356 1319 5398 certum
1346 5355 1449 5409 est,
1492 5340 1632 5399 sicut
1657 5357 1710 5400 et

179 5404 442 5485 1:l'IArelate
485 5429 547 5467 ex
590 5404 709 5468 Vita
756 5415 813 5470 S.
842 5414 1080 5469 Cmsarii.
1114 5404 1445 5468 Hodiernum
1480 5418 1709 5485 appellat

183 5471 340 5534 Biclar.
370 5485 417 5535 in
438 5485 721 5539 Chronico.

239 5558 258 5625 ξ
281 5548 420 5625 βριι).
452 5573 548 5617 ιιι..
572 5555 758 5624 Regni.
787 5567 841 5610 et
868 5556 1066 5611 Chcsn.
1100 5556 1194 5617 al.,
1220 5556 1469 5625 Agitania.

208 5614 259 5695 ηδ
287 5619 334 5672 Id
356 5636 454 5689 est,
484 5614 568 5679 die
591 5614 857 5679 ῡιῖιιιίιιὶρει
888 5628 1024 5695 (qum
1052 5629 1102 5679 in
1124 5614 1385 5693 sequioris
1404 5627 1501 5679 :evi
1524 5638 1706 5682 aucto-

185 5684 306 5741 ribus
330 5684 514 5757 passim
555 5698 665 5749 dies
694 5684 1099 5750 resurrectionis
1139 5684 1432 5751 ltomittica}
1464 5699 1702 5763 dicitur).

186 5768 223 5815 ιι
255 5774 417 5821 Verum
454 5768 522 5829 sit
560 5767 933 5824 Przetcxtattttn
983 5784 1031 5823 Vl
1078 5767 1194 5824 Kal.
1225 5768 1436 5825 Martias
1490 5785 1577 5827 an.
1600 5768 1703 5829 586

1808 4646 1897 4701 die
1921 4662 2046 4701 vero
2074 4643 2313 4716 sequenti
2361 4647 2414 4699 in
2442 4645 2745 4713 apographo
2770 4643 2993 4698 Usnardt
3019 4646 3264 4699 ecclesias
3287 4645 3391 4699 Bo-

1812 4715 2176 4785 thomagensis
2206 4726 2450 4769 recenter
2480 4715 2699 4783 scripto.
2733 4716 2881 4768 llunc
2912 4724 3089 4769 tamen
3120 4716 3292 4769 locum
3324 4718 3393 4769 de

1812 4788 2052 4842 Paschali
2085 4786 2372 4841 festivitate
2402 4786 2645 4853 intelligit
2670 4787 3037 4839 llenschenins
3064 4786 3129 4839 ad
3158 4787 3297 4839 diem
3324 4787 3394 4837 24

1814 4857 1973 4911 Febr.
2002 4857 2266 4920 Bolland.,
2294 4858 2380 4910 cui
2414 4858 2891 4925 favetAnonymns
2939 4856 3081 4911 infra
3122 4858 3388 4907 laudatus.

1816 4929 2047 4992 Ideoque
2113 4926 2415 4981 Praetextati
2484 4939 2705 4981 mortem
2748 4926 2815 4980 14
2860 4928 3058 4993 Aprilis
3103 4926 3395 4992 contigisse

1812 4998 2018 5065 scribit,
2046 5013 2149 5063 quo
2179 4998 2264 5052 die
2292 5013 2380 5049 an.
2409 4996 2512 5051 586
2539 4998 2734 5052 Pascha
2768 4998 3093 5051 celebratum
3126 5005 3224 5047 est.
3256 4998 3372 5048 Sub

1814 5068 2029 5134 scripsit
2059 5068 2413 5122 Praetextatus
2442 5070 2645 5121 (loncil.
2681 5069 2850 5121 Paris.
2893 5082 2979 5129 ιιι,
3012 5067 3209 5118 Turon.
3255 5081 3313 5127 ιι,
3342 5078 3395 5119 et

1814 5140 2028 5193 demum
2069 5138 2271 5191 Matise.
2303 5153 2363 5200 ll,
2410 5152 2496 5190 an.
2526 5140 2652 5201 585,
2696 5138 2839 5191 unde
2869 5144 3012 5203 patet
3039 5138 3155 5202 ejus
3207 5151 3395 5191 necent

1814 5210 1877 5264 ad
1907 5226 1995 5262 an.
2025 5210 2149 5274 5.86,
2181 5210 2317 5261 sicut
2344 5219 2394 5260 et
2422 5222 2485 5260 ea
2516 5223 2635 5276 qua:
2660 5210 2739 5260 his
2762 5206 3023 5274 capitibus
3054 5216 3234 5261 narrat
3262 5206 3396 5262 Gre-

1816 5279 2013 5351 gorius,
2054 5293 2177 5332 esse
2206 5279 2562 5351 referendam.

1888 5361 1912 5387 ι·
1945 5355 2257 5419 Anonymus
2294 5348 2382 5411 qui
2422 5348 2619 5419 smcnlo
2648 5346 2932 5419 undecimo
2964 5346 3095 5401 Acta
3133 5346 3395 5416 archiepi-

1813 5415 2637 5487 scoporum'Rothnmagensium
2686 5415 2931 5485 scripsit,
2975 5420 3116 5471 edita
3172 5415 3390 5473 tum."

1816 5492 2054 5545 Analcet.
2110 5490 2404 5556 MabillOn.,
2460 5489 2537 5542 sic
2582 5488 2775 5541 habet:
2813 5488 2910 5555 Qui
2961 5505 3079 5542 mox
3104 5498 3156 5541 ut
3186 5491 3396 5543 rnluem

1810 5564 1991 5627 sensit,
2021 5563 2089 5614 ad
2118 5565 2278 5614 altare
2304 5560 2560 5619 cucurrit,
2595 5571 2643 5612 et
2666 5560 2794 5611 illud
2826 5561 3179 5626 amplexatus,
3212 5562 3392 5613 viatico

1811 5632 2065 5756 υιᾶηιὶἇιίεἱ
2094 5633 2318 5701 corporis
2342 5640 2387 5686 et
2410 5630 2672 5703 sanguinis
2694 5646 2747 5683 se
2768 5632 3019 5698 muniens,
3046 5634 3267 5687 animum
3290 5630 3401 5693 Deo

1811 5719 1863 5755 te
1902 5706 1953 5756 di
1992 5704 2051 5756 il.
2530 5704 2535 5709 ”

1810 5704 2051 5760 reddidit.
2530 5704 2535 5709 ”
