  <div class='ocr_page' id='page_1' title='image "/cluster/home/n/w/nwhite01/storage/ocr_20150623/71/uva.x000827083/243.png"; bbox 0 0 3942 6190; ppageno 0'>
   <div class='ocr_carea' id='block_1_1' title="bbox 540 271 640 325">
    <p class='ocr_par' dir='ltr' id='par_1_1' title="bbox 540 271 640 325">
     <span class='ocr_line' id='line_1_1' title="bbox 540 271 640 325; baseline 0.02 -2"><span class='ocrx_word' id='word_1_1' title='bbox 540 271 640 325; x_wconf 77' lang='grc'><strong>471</strong></span> 
     </span>
    </p>
   </div>
   <div class='ocr_carea' id='block_1_2' title="bbox 1499 266 2733 330">
    <p class='ocr_par' dir='ltr' id='par_1_2' title="bbox 1499 266 2733 330">
     <span class='ocr_line' id='line_1_2' title="bbox 1499 266 2733 330; baseline -0.006 0"><span class='ocrx_word' id='word_1_2' title='bbox 1499 271 1558 330; x_wconf 86' lang='lat' dir='ltr'><strong>S.</strong></span> <span class='ocrx_word' id='word_1_3' title='bbox 1599 271 1924 328; x_wconf 76' lang='lat' dir='ltr'><strong>GREGOBII</strong></span> <span class='ocrx_word' id='word_1_4' title='bbox 1965 266 2269 327; x_wconf 77' lang='lat' dir='ltr'><strong>EPISCOPI</strong></span> <span class='ocrx_word' id='word_1_5' title='bbox 2302 266 2733 325; x_wconf 69' lang='lat' dir='ltr'><strong>TURONENSIS</strong></span> 
     </span>
    </p>
   </div>
   <div class='ocr_carea' id='block_1_3' title="bbox 3676 267 3815 323">
    <p class='ocr_par' dir='ltr' id='par_1_3' title="bbox 3676 267 3815 323">
     <span class='ocr_line' id='line_1_3' title="bbox 3676 267 3815 323; baseline -0.007 0"><span class='ocrx_word' id='word_1_6' title='bbox 3676 267 3815 323; x_wconf 61' lang='grc' dir='ltr'><strong>ιτς</strong></span> 
     </span>
    </p>
   </div>
   <div class='ocr_carea' id='block_1_4' title="bbox 539 381 3811 457">
    <p class='ocr_par' dir='ltr' id='par_1_4' title="bbox 539 381 3811 457">
     <span class='ocr_line' id='line_1_4' title="bbox 539 381 3811 457; baseline -0.001 -17"><span class='ocrx_word' id='word_1_7' title='bbox 539 385 631 457; x_wconf 90' lang='lat' dir='ltr'><strong>qui</strong></span> <span class='ocrx_word' id='word_1_8' title='bbox 661 398 780 441; x_wconf 87' lang='lat' dir='ltr'><strong>eum</strong></span> <span class='ocrx_word' id='word_1_9' title='bbox 802 384 866 438; x_wconf 88' lang='lat' dir='ltr'><strong>ad</strong></span> <span class='ocrx_word' id='word_1_10' title='bbox 883 383 1184 439; x_wconf 73' lang='lat' dir='ltr'><strong>convivium</strong></span> <span class='ocrx_word' id='word_1_11' title='bbox 1215 393 1548 452; x_wconf 77' lang='lat' dir='ltr'><strong>provocaret.</strong></span> <span class='ocrx_word' id='word_1_12' title='bbox 1578 384 1693 451; x_wconf 87' lang='lat' dir='ltr'><strong>Quo</strong></span> <span class='ocrx_word' id='word_1_13' title='bbox 1718 395 2000 449; x_wconf 76' lang='lat' dir='ltr'><strong>renuente,</strong></span> <span class='ocrx_word' id='word_1_14' title='bbox 2027 401 2112 437; x_wconf 90' lang='lat' dir='ltr'><strong>ro-</strong></span> <span class='ocrx_word' id='word_1_15' title='bbox 2140 389 2185 443; x_wconf 83' lang='grc' dir='ltr'><strong>Α</strong></span> <span class='ocrx_word' id='word_1_16' title='bbox 2219 382 2490 437; x_wconf 88' lang='lat' dir='ltr'><strong>maleficiis</strong></span> <span class='ocrx_word' id='word_1_17' title='bbox 2519 382 2780 436; x_wconf 79' lang='lat' dir='ltr'><strong>Francum</strong></span> <span class='ocrx_word' id='word_1_18' title='bbox 2811 381 2969 451; x_wconf 87' lang='lat' dir='ltr'><strong>jussit</strong></span> <span class='ocrx_word' id='word_1_19' title='bbox 3002 383 3249 436; x_wconf 85' lang='lat' dir='ltr'><strong>interlici.</strong></span> <span class='ocrx_word' id='word_1_20' title='bbox 3296 383 3359 435; x_wconf 84' lang='lat' dir='ltr'><strong>Et</strong></span> <span class='ocrx_word' id='word_1_21' title='bbox 3392 383 3472 436; x_wconf 88' lang='lat' dir='ltr'><strong>his</strong></span> <span class='ocrx_word' id='word_1_22' title='bbox 3502 383 3649 437; x_wconf 83' lang='lat' dir='ltr'><strong>dit-tis</strong></span> <span class='ocrx_word' id='word_1_23' title='bbox 3674 384 3811 437; x_wconf 62' lang='lat' dir='ltr'><strong>«lis-</strong></span> 
     </span>
    </p>
   </div>
   <div class='ocr_carea' id='block_1_5' title="bbox 540 476 2116 550">
    <p class='ocr_par' dir='ltr' id='par_1_5' title="bbox 540 476 2116 550">
     <span class='ocr_line' id='line_1_5' title="bbox 540 476 2116 550; baseline -0.002 -18"><span class='ocrx_word' id='word_1_24' title='bbox 540 488 631 550; x_wconf 72' lang='lat' dir='ltr'><strong>gat</strong></span> <span class='ocrx_word' id='word_1_25' title='bbox 656 489 714 532; x_wconf 83' lang='lat' dir='ltr'><strong>ut</strong></span> <span class='ocrx_word' id='word_1_26' title='bbox 742 494 783 532; x_wconf 79' lang='lat' dir='ltr'><strong>Si</strong></span> <span class='ocrx_word' id='word_1_27' title='bbox 811 477 1055 532; x_wconf 87' lang='lat' dir='ltr'><strong>convivio</strong></span> <span class='ocrx_word' id='word_1_28' title='bbox 1083 481 1199 546; x_wconf 74' lang='lat' dir='ltr'><strong>eius</strong></span> <span class='ocrx_word' id='word_1_29' title='bbox 1226 478 1297 528; x_wconf 92' lang='lat' dir='ltr'><strong>uti</strong></span> <span class='ocrx_word' id='word_1_30' title='bbox 1348 492 1453 529; x_wconf 84' lang='lat' dir='ltr'><strong>non</strong></span> <span class='ocrx_word' id='word_1_31' title='bbox 1483 476 1643 540; x_wconf 84' lang='lat' dir='ltr'><strong>velit,</strong></span> <span class='ocrx_word' id='word_1_32' title='bbox 1674 476 1861 531; x_wconf 84' lang='lat' dir='ltr'><strong>saltem</strong></span> <span class='ocrx_word' id='word_1_33' title='bbox 1906 476 1989 529; x_wconf 80' lang='lat' dir='ltr'><strong>Vel</strong></span> <span class='ocrx_word' id='word_1_34' title='bbox 2018 490 2116 546; x_wconf 90' lang='lat' dir='ltr'><strong>po-</strong></span> 
     </span>
    </p>
   </div>
   <div class='ocr_carea' id='block_1_6' title="bbox 540 566 2113 636">
    <p class='ocr_par' dir='ltr' id='par_1_6' title="bbox 540 566 2113 636">
     <span class='ocr_line' id='line_1_6' title="bbox 540 566 2113 636; baseline -0.002 -14"><span class='ocrx_word' id='word_1_35' title='bbox 540 570 720 623; x_wconf 85' lang='lat' dir='ltr'><strong>culum</strong></span> <span class='ocrx_word' id='word_1_36' title='bbox 766 568 1003 630; x_wconf 87' lang='lat' dir='ltr'><strong>hauriat,</strong></span> <span class='ocrx_word' id='word_1_37' title='bbox 1051 582 1118 621; x_wconf 91' lang='lat' dir='ltr'><strong>ne</strong></span> <span class='ocrx_word' id='word_1_38' title='bbox 1150 566 1362 636; x_wconf 77' lang='lat' dir='ltr'><strong>jejunus</strong></span> <span class='ocrx_word' id='word_1_39' title='bbox 1391 582 1418 619; x_wconf 87' lang='lat' dir='ltr'><strong>a</strong></span> <span class='ocrx_word' id='word_1_40' title='bbox 1463 566 1624 635; x_wconf 82' lang='lat' dir='ltr'><strong>regali</strong></span> <span class='ocrx_word' id='word_1_41' title='bbox 1654 567 1816 621; x_wconf 86' lang='lat' dir='ltr'><strong>domo</strong></span> <span class='ocrx_word' id='word_1_42' title='bbox 1858 566 2113 621; x_wconf 89' lang='lat' dir='ltr'><strong>discedat.</strong></span> 
     </span>
    </p>
   </div>
   <div class='ocr_carea' id='block_1_7' title="bbox 544 658 2116 728">
    <p class='ocr_par' dir='ltr' id='par_1_7' title="bbox 544 658 2116 728">
     <span class='ocr_line' id='line_1_7' title="bbox 544 658 2116 728; baseline 0.001 -16"><span class='ocrx_word' id='word_1_43' title='bbox 544 660 663 727; x_wconf 84' lang='lat' dir='ltr'><strong>Quo</strong></span> <span class='ocrx_word' id='word_1_44' title='bbox 689 669 1055 727; x_wconf 79' lang='lat' dir='ltr'><strong>exspectante,</strong></span> <span class='ocrx_word' id='word_1_45' title='bbox 1094 666 1314 726; x_wconf 90' lang='lat' dir='ltr'><strong>accepto</strong></span> <span class='ocrx_word' id='word_1_46' title='bbox 1348 658 1568 726; x_wconf 90' lang='lat' dir='ltr'><strong>poculo,</strong></span> <span class='ocrx_word' id='word_1_47' title='bbox 1603 658 1735 713; x_wconf 88' lang='lat' dir='ltr'><strong>bibit</strong></span> <span class='ocrx_word' id='word_1_48' title='bbox 1777 658 2116 728; x_wconf 86' lang='lat' dir='ltr'><strong>absynthium</strong></span> 
     </span>
    </p>
   </div>
   <div class='ocr_carea' id='block_1_8' title="bbox 540 753 2118 815">
    <p class='ocr_par' dir='ltr' id='par_1_8' title="bbox 540 753 2118 815">
     <span class='ocr_line' id='line_1_8' title="bbox 540 753 2118 815; baseline 0.002 -9"><span class='ocrx_word' id='word_1_49' title='bbox 540 768 663 808; x_wconf 90' lang='lat' dir='ltr'><strong>cum</strong></span> <span class='ocrx_word' id='word_1_50' title='bbox 700 755 823 808; x_wconf 89' lang='lat' dir='ltr'><strong>vino</strong></span> <span class='ocrx_word' id='word_1_51' title='bbox 868 761 923 806; x_wconf 91' lang='lat' dir='ltr'><strong>et</strong></span> <span class='ocrx_word' id='word_1_52' title='bbox 952 753 1108 808; x_wconf 87' lang='lat' dir='ltr'><strong>melle</strong></span> <span class='ocrx_word' id='word_1_53' title='bbox 1150 753 1406 815; x_wconf 81' lang='lat' dir='ltr'><strong>mixtum,</strong></span> <span class='ocrx_word' id='word_1_54' title='bbox 1458 763 1514 807; x_wconf 86' lang='grc' dir='ltr'>ιιι</span> <span class='ocrx_word' id='word_1_55' title='bbox 1557 768 1673 807; x_wconf 88' lang='lat' dir='ltr'><strong>mos</strong></span> <span class='ocrx_word' id='word_1_56' title='bbox 1714 754 2057 809; x_wconf 88' lang='lat' dir='ltr'><strong>barbarorum</strong></span> <span class='ocrx_word' id='word_1_57' title='bbox 2090 765 2118 793; x_wconf 72' lang='grc' dir='ltr'><strong>ι</strong></span> 
     </span>
    </p>
   </div>
   <div class='ocr_carea' id='block_1_9' title="bbox 545 845 2117 914">
    <p class='ocr_par' dir='ltr' id='par_1_9' title="bbox 545 845 2117 914">
     <span class='ocr_line' id='line_1_9' title="bbox 545 845 2117 914; baseline 0.002 -16"><span class='ocrx_word' id='word_1_58' title='bbox 545 845 746 899; x_wconf 86' lang='lat' dir='ltr'><strong>habet:</strong></span> <span class='ocrx_word' id='word_1_59' title='bbox 794 847 886 901; x_wconf 90' lang='lat' dir='ltr'><strong>sed</strong></span> <span class='ocrx_word' id='word_1_60' title='bbox 927 847 1011 900; x_wconf 91' lang='lat' dir='ltr'><strong>hic</strong></span> <span class='ocrx_word' id='word_1_61' title='bbox 1047 855 1202 914; x_wconf 88' lang='lat' dir='ltr'><strong>potus</strong></span> <span class='ocrx_word' id='word_1_62' title='bbox 1226 860 1432 900; x_wconf 89' lang='lat' dir='ltr'><strong>veneno</strong></span> <span class='ocrx_word' id='word_1_63' title='bbox 1479 846 1711 900; x_wconf 90' lang='lat' dir='ltr'><strong>imbutus</strong></span> <span class='ocrx_word' id='word_1_64' title='bbox 1750 857 1885 900; x_wconf 90' lang='lat' dir='ltr'><strong>erat.</strong></span> <span class='ocrx_word' id='word_1_65' title='bbox 1930 849 2117 902; x_wconf 89' lang='lat' dir='ltr'><strong>Statim</strong></span> 
     </span>
    </p>
   </div>
   <div class='ocr_carea' id='block_1_10' title="bbox 546 937 2117 1008">
    <p class='ocr_par' dir='ltr' id='par_1_10' title="bbox 546 937 2117 1008">
     <span class='ocr_line' id='line_1_10' title="bbox 546 937 2117 1008; baseline 0.003 -18"><span class='ocrx_word' id='word_1_66' title='bbox 546 945 719 991; x_wconf 86' lang='lat' dir='ltr'><strong>autem</strong></span> <span class='ocrx_word' id='word_1_67' title='bbox 748 947 805 990; x_wconf 92' lang='lat' dir='ltr'><strong>ut</strong></span> <span class='ocrx_word' id='word_1_68' title='bbox 834 937 999 1001; x_wconf 90' lang='lat' dir='ltr'><strong>bibit,</strong></span> <span class='ocrx_word' id='word_1_69' title='bbox 1041 939 1207 993; x_wconf 85' lang='lat' dir='ltr'><strong>sensit</strong></span> <span class='ocrx_word' id='word_1_70' title='bbox 1252 937 1452 1008; x_wconf 88' lang='lat' dir='ltr'><strong>pectori</strong></span> <span class='ocrx_word' id='word_1_71' title='bbox 1501 952 1598 991; x_wconf 87' lang='lat' dir='ltr'><strong>suo</strong></span> <span class='ocrx_word' id='word_1_72' title='bbox 1626 937 1862 992; x_wconf 84' lang='lat' dir='ltr'><strong>dolorem</strong></span> <span class='ocrx_word' id='word_1_73' title='bbox 1890 940 2117 994; x_wconf 86' lang='lat' dir='ltr'><strong>validum</strong></span> 
     </span>
    </p>
   </div>
   <div class='ocr_carea' id='block_1_11' title="bbox 546 1026 2118 1097">
    <p class='ocr_par' dir='ltr' id='par_1_11' title="bbox 546 1026 2118 1097">
     <span class='ocr_line' id='line_1_11' title="bbox 546 1026 2118 1097; baseline 0.003 -16"><span class='ocrx_word' id='word_1_74' title='bbox 546 1026 859 1094; x_wconf 87' lang='lat' dir='ltr'><strong>imminere,</strong></span> <span class='ocrx_word' id='word_1_75' title='bbox 892 1040 946 1083; x_wconf 89' lang='lat' dir='ltr'><strong>et</strong></span> <span class='ocrx_word' id='word_1_76' title='bbox 974 1030 1126 1097; x_wconf 84' lang='lat' dir='ltr'><strong>quasi</strong></span> <span class='ocrx_word' id='word_1_77' title='bbox 1174 1029 1219 1081; x_wconf 89' lang='lat' dir='ltr'><strong>si</strong></span> <span class='ocrx_word' id='word_1_78' title='bbox 1264 1029 1587 1083; x_wconf 89' lang='lat' dir='ltr'><strong>incideretur</strong></span> <span class='ocrx_word' id='word_1_79' title='bbox 1632 1028 1982 1095; x_wconf 88' lang='lat' dir='ltr'><strong>intrinsecus,</strong></span> <span class='ocrx_word' id='word_1_80' title='bbox 2022 1046 2118 1085; x_wconf 86' lang='lat' dir='ltr'><strong>ex-</strong></span> 
     </span>
    </p>
   </div>
   <div class='ocr_carea' id='block_1_12' title="bbox 542 1117 2118 1187">
    <p class='ocr_par' dir='ltr' id='par_1_12' title="bbox 542 1117 2118 1187">
     <span class='ocr_line' id='line_1_12' title="bbox 542 1117 2118 1187; baseline 0.001 -14"><span class='ocrx_word' id='word_1_81' title='bbox 542 1117 739 1173; x_wconf 79' lang='lat' dir='ltr'><strong>clamat</strong></span> <span class='ocrx_word' id='word_1_82' title='bbox 769 1120 901 1185; x_wconf 81' lang='lat' dir='ltr'><strong>suis,</strong></span> <span class='ocrx_word' id='word_1_83' title='bbox 932 1120 1115 1174; x_wconf 86' lang='lat' dir='ltr'><strong>dicens</strong></span> <span class='ocrx_word' id='word_1_84' title='bbox 1148 1138 1161 1173; x_wconf 87' lang='lat'><strong>:</strong></span> <span class='ocrx_word' id='word_1_85' title='bbox 1198 1119 1403 1187; x_wconf 81' lang='lat' dir='ltr'><strong>Fugite,</strong></span> <span class='ocrx_word' id='word_1_86' title='bbox 1433 1134 1466 1173; x_wconf 93' lang='lat' dir='ltr'><strong>o</strong></span> <span class='ocrx_word' id='word_1_87' title='bbox 1494 1120 1704 1182; x_wconf 85' lang='lat' dir='ltr'><strong>miseri.</strong></span> <span class='ocrx_word' id='word_1_88' title='bbox 1736 1119 1897 1187; x_wconf 78' lang='lat' dir='ltr'><strong>fugite</strong></span> <span class='ocrx_word' id='word_1_89' title='bbox 1925 1122 2118 1175; x_wconf 84' lang='lat' dir='ltr'><strong>malum</strong></span> 
     </span>
    </p>
   </div>
   <div class='ocr_carea' id='block_1_13' title="bbox 543 1212 2123 1283">
    <p class='ocr_par' dir='ltr' id='par_1_13' title="bbox 543 1212 2123 1283">
     <span class='ocr_line' id='line_1_13' title="bbox 543 1212 2123 1283; baseline 0.002 -17"><span class='ocrx_word' id='word_1_90' title='bbox 543 1212 679 1279; x_wconf 86' lang='lat' dir='ltr'><strong>hoc,</strong></span> <span class='ocrx_word' id='word_1_91' title='bbox 734 1228 801 1267; x_wconf 90' lang='lat' dir='ltr'><strong>ne</strong></span> <span class='ocrx_word' id='word_1_92' title='bbox 849 1228 1051 1268; x_wconf 85' lang='lat' dir='ltr'><strong>mecum</strong></span> <span class='ocrx_word' id='word_1_93' title='bbox 1094 1214 1291 1283; x_wconf 85' lang='lat' dir='ltr'><strong>pariter</strong></span> <span class='ocrx_word' id='word_1_94' title='bbox 1353 1213 1707 1281; x_wconf 84' lang='lat' dir='ltr'><strong>perimamini.</strong></span> <span class='ocrx_word' id='word_1_95' title='bbox 1764 1214 1870 1267; x_wconf 90' lang='lat' dir='ltr'><strong>Illis</strong></span> <span class='ocrx_word' id='word_1_96' title='bbox 1911 1229 2123 1283; x_wconf 86' lang='lat' dir='ltr'><strong>quoque</strong></span> 
     </span>
    </p>
   </div>
   <div class='ocr_carea' id='block_1_14' title="bbox 546 1302 2124 1374">
    <p class='ocr_par' dir='ltr' id='par_1_14' title="bbox 546 1302 2124 1374">
     <span class='ocr_line' id='line_1_14' title="bbox 546 1302 2124 1374; baseline 0 -15"><span class='ocrx_word' id='word_1_97' title='bbox 546 1319 652 1359; x_wconf 86' lang='lat' dir='ltr'><strong>non</strong></span> <span class='ocrx_word' id='word_1_98' title='bbox 700 1305 1039 1373; x_wconf 89' lang='lat' dir='ltr'><strong>bibentibus,</strong></span> <span class='ocrx_word' id='word_1_99' title='bbox 1088 1305 1180 1358; x_wconf 78' lang='lat' dir='ltr'><strong>sed</strong></span> <span class='ocrx_word' id='word_1_100' title='bbox 1211 1302 1585 1359; x_wconf 82' lang='lat' dir='ltr'><strong>festinantibus</strong></span> <span class='ocrx_word' id='word_1_101' title='bbox 1611 1305 1792 1371; x_wconf 87' lang='lat' dir='ltr'><strong>abire,</strong></span> <span class='ocrx_word' id='word_1_102' title='bbox 1841 1305 1929 1361; x_wconf 91' lang='lat' dir='ltr'><strong>ille</strong></span> <span class='ocrx_word' id='word_1_103' title='bbox 1959 1306 2124 1374; x_wconf 85' lang='lat' dir='ltr'><strong>preti-</strong></span> 
     </span>
    </p>
   </div>
   <div class='ocr_carea' id='block_1_15' title="bbox 549 1396 2125 1465">
    <p class='ocr_par' dir='ltr' id='par_1_15' title="bbox 549 1396 2125 1465">
     <span class='ocr_line' id='line_1_15' title="bbox 549 1396 2125 1465; baseline 0.001 -16"><span class='ocrx_word' id='word_1_104' title='bbox 549 1410 650 1451; x_wconf 84' lang='lat' dir='ltr'><strong>nus</strong></span> <span class='ocrx_word' id='word_1_105' title='bbox 677 1410 1000 1461; x_wconf 63' lang='lat' dir='ltr'><strong>exca&#39;catus,</strong></span> <span class='ocrx_word' id='word_1_106' title='bbox 1053 1410 1383 1465; x_wconf 87' lang='lat' dir='ltr'><strong>ascensoque</strong></span> <span class='ocrx_word' id='word_1_107' title='bbox 1425 1411 1587 1465; x_wconf 91' lang='lat' dir='ltr'><strong>equo,</strong></span> <span class='ocrx_word' id='word_1_108' title='bbox 1632 1396 1684 1448; x_wconf 92' lang='lat' dir='ltr'><strong>in</strong></span> <span class='ocrx_word' id='word_1_109' title='bbox 1733 1396 1889 1449; x_wconf 89' lang='lat' dir='ltr'><strong>tertio</strong></span> <span class='ocrx_word' id='word_1_110' title='bbox 1928 1397 1996 1450; x_wconf 90' lang='lat' dir='ltr'><strong>ab</strong></span> <span class='ocrx_word' id='word_1_111' title='bbox 2024 1397 2125 1451; x_wconf 89' lang='lat' dir='ltr'><strong>hoc</strong></span> 
     </span>
    </p>
   </div>
   <div class='ocr_carea' id='block_1_16' title="bbox 551 1487 2123 1552">
    <p class='ocr_par' dir='ltr' id='par_1_16' title="bbox 551 1487 2123 1552">
     <span class='ocr_line' id='line_1_16' title="bbox 551 1487 2123 1552; baseline -0.003 -10"><span class='ocrx_word' id='word_1_112' title='bbox 551 1489 671 1543; x_wconf 89' lang='lat' dir='ltr'><strong>loco</strong></span> <span class='ocrx_word' id='word_1_113' title='bbox 696 1488 869 1543; x_wconf 83' lang='lat' dir='ltr'><strong>stadio</strong></span> <span class='ocrx_word' id='word_1_114' title='bbox 906 1488 1120 1552; x_wconf 78' lang='lat' dir='ltr'><strong>cecidit,</strong></span> <span class='ocrx_word' id='word_1_115' title='bbox 1151 1497 1207 1542; x_wconf 90' lang='lat' dir='ltr'><strong>et</strong></span> <span class='ocrx_word' id='word_1_116' title='bbox 1234 1497 1473 1541; x_wconf 89' lang='lat' dir='ltr'><strong>mortuus</strong></span> <span class='ocrx_word' id='word_1_117' title='bbox 1509 1496 1611 1542; x_wconf 90' lang='lat' dir='ltr'><strong>est.</strong></span> <span class='ocrx_word' id='word_1_118' title='bbox 1647 1487 1888 1541; x_wconf 82' lang='lat' dir='ltr'><strong>Posthaec</strong></span> <span class='ocrx_word' id='word_1_119' title='bbox 1912 1488 2123 1542; x_wconf 82' lang='lat' dir='ltr'><strong>Leudo-</strong></span> 
     </span>
    </p>
   </div>
   <div class='ocr_carea' id='block_1_17' title="bbox 545 1576 2125 1647">
    <p class='ocr_par' dir='ltr' id='par_1_17' title="bbox 545 1576 2125 1647">
     <span class='ocr_line' id='line_1_17' title="bbox 545 1576 2125 1647; baseline 0.004 -18"><span class='ocrx_word' id='word_1_120' title='bbox 545 1579 731 1631; x_wconf 79' lang='lat' dir='ltr'><strong>valdus</strong></span> <span class='ocrx_word' id='word_1_121' title='bbox 772 1578 1055 1647; x_wconf 86' lang='lat' dir='ltr'><strong>episcopus</strong></span> <span class='ocrx_word' id='word_1_122' title='bbox 1094 1576 1122 1617; x_wconf 69' lang='grc' dir='ltr'>δ</span> <span class='ocrx_word' id='word_1_123' title='bbox 1152 1578 1408 1647; x_wconf 79' lang='lat' dir='ltr'><strong>epistolas</strong></span> <span class='ocrx_word' id='word_1_124' title='bbox 1448 1594 1543 1647; x_wconf 88' lang='lat' dir='ltr'><strong>per</strong></span> <span class='ocrx_word' id='word_1_125' title='bbox 1584 1594 1771 1633; x_wconf 82' lang='lat' dir='ltr'><strong>omnes</strong></span> <span class='ocrx_word' id='word_1_126' title='bbox 1816 1580 2125 1645; x_wconf 72' lang='lat' dir='ltr'><strong>sacerdotes</strong></span> 
     </span>
    </p>
   </div>
   <div class='ocr_carea' id='block_1_18' title="bbox 545 1670 2127 1740">
    <p class='ocr_par' dir='ltr' id='par_1_18' title="bbox 545 1670 2127 1740">
     <span class='ocr_line' id='line_1_18' title="bbox 545 1670 2127 1740; baseline 0.003 -17"><span class='ocrx_word' id='word_1_127' title='bbox 545 1670 765 1735; x_wconf 81' lang='lat' dir='ltr'><strong>direxit,</strong></span> <span class='ocrx_word' id='word_1_128' title='bbox 799 1679 853 1723; x_wconf 91' lang='lat' dir='ltr'><strong>et</strong></span> <span class='ocrx_word' id='word_1_129' title='bbox 892 1678 1113 1737; x_wconf 87' lang='lat' dir='ltr'><strong>accepto</strong></span> <span class='ocrx_word' id='word_1_130' title='bbox 1138 1671 1361 1724; x_wconf 91' lang='lat' dir='ltr'><strong>consilio</strong></span> <span class='ocrx_word' id='word_1_131' title='bbox 1389 1670 1641 1725; x_wconf 88' lang='lat' dir='ltr'><strong>ecclesias</strong></span> <span class='ocrx_word' id='word_1_132' title='bbox 1670 1670 2127 1740; x_wconf 78' lang='lat' dir='ltr'><strong>Rothomagenses</strong></span> 
     </span>
    </p>
   </div>
   <div class='ocr_carea' id='block_1_19' title="bbox 2218 474 3815 544">
    <p class='ocr_par' dir='ltr' id='par_1_19' title="bbox 2218 474 3815 544">
     <span class='ocr_line' id='line_1_19' title="bbox 2218 474 3815 544; baseline 0.001 -16"><span class='ocrx_word' id='word_1_133' title='bbox 2218 485 2519 535; x_wconf 86' lang='lat' dir='ltr'><strong>cesserunt,</strong></span> <span class='ocrx_word' id='word_1_134' title='bbox 2564 475 2763 527; x_wconf 90' lang='lat' dir='ltr'><strong>nullum</strong></span> <span class='ocrx_word' id='word_1_135' title='bbox 2809 474 3124 528; x_wconf 81' lang='lat' dir='ltr'><strong>rationabile</strong></span> <span class='ocrx_word' id='word_1_136' title='bbox 3181 490 3497 544; x_wconf 82' lang='lat' dir='ltr'><strong>responsum</strong></span> <span class='ocrx_word' id='word_1_137' title='bbox 3533 478 3815 543; x_wconf 77' lang='lat' dir='ltr'><strong>accipien-</strong></span> 
     </span>
    </p>
   </div>
   <div class='ocr_carea' id='block_1_20' title="bbox 2222 566 3811 635">
    <p class='ocr_par' dir='ltr' id='par_1_20' title="bbox 2222 566 3811 635">
     <span class='ocr_line' id='line_1_20' title="bbox 2222 566 3811 635; baseline 0 -16"><span class='ocrx_word' id='word_1_138' title='bbox 2222 575 2330 631; x_wconf 85' lang='lat' dir='ltr'><strong>tes;</strong></span> <span class='ocrx_word' id='word_1_139' title='bbox 2363 566 2692 620; x_wconf 87' lang='lat' dir='ltr'><strong>obtestantes</strong></span> <span class='ocrx_word' id='word_1_140' title='bbox 2728 568 2947 620; x_wconf 85' lang='lat' dir='ltr'><strong>omuiuo</strong></span> <span class='ocrx_word' id='word_1_141' title='bbox 2986 576 3041 619; x_wconf 91' lang='lat' dir='ltr'><strong>ut</strong></span> <span class='ocrx_word' id='word_1_142' title='bbox 3073 581 3339 635; x_wconf 83' lang='lat' dir='ltr'><strong>nunquam</strong></span> <span class='ocrx_word' id='word_1_143' title='bbox 3382 568 3431 617; x_wconf 93' lang='lat' dir='ltr'><strong>in</strong></span> <span class='ocrx_word' id='word_1_144' title='bbox 3459 567 3672 620; x_wconf 83' lang='lat' dir='ltr'><strong>ecclesia</strong></span> <span class='ocrx_word' id='word_1_145' title='bbox 3700 568 3811 620; x_wconf 76' lang='lat' dir='ltr'><strong>illa</strong></span> 
     </span>
    </p>
   </div>
   <div class='ocr_carea' id='block_1_21' title="bbox 2222 658 3817 728">
    <p class='ocr_par' dir='ltr' id='par_1_21' title="bbox 2222 658 3817 728">
     <span class='ocr_line' id='line_1_21' title="bbox 2222 658 3817 728; baseline 0 -15"><span class='ocrx_word' id='word_1_146' title='bbox 2222 658 2522 727; x_wconf 83' lang='lat' dir='ltr'><strong>Melantius,</strong></span> <span class='ocrx_word' id='word_1_147' title='bbox 2571 660 2659 727; x_wconf 90' lang='lat' dir='ltr'><strong>qui</strong></span> <span class='ocrx_word' id='word_1_148' title='bbox 2702 659 2851 727; x_wconf 90' lang='lat' dir='ltr'><strong>prius</strong></span> <span class='ocrx_word' id='word_1_149' title='bbox 2888 659 2940 712; x_wconf 93' lang='lat' dir='ltr'><strong>in</strong></span> <span class='ocrx_word' id='word_1_150' title='bbox 2984 658 3102 711; x_wconf 90' lang='lat' dir='ltr'><strong>loco</strong></span> <span class='ocrx_word' id='word_1_151' title='bbox 3141 658 3441 712; x_wconf 76' lang='lat' dir='ltr'><strong>Prtetextati</strong></span> <span class='ocrx_word' id='word_1_152' title='bbox 3484 662 3817 728; x_wconf 73' lang='lat' dir='ltr'><strong>subrogatus</strong></span> 
     </span>
    </p>
   </div>
   <div class='ocr_carea' id='block_1_22' title="bbox 2224 750 3309 820">
    <p class='ocr_par' dir='ltr' id='par_1_22' title="bbox 2224 750 3309 820">
     <span class='ocr_line' id='line_1_22' title="bbox 2224 750 3309 820; baseline 0.002 -19"><span class='ocrx_word' id='word_1_153' title='bbox 2224 752 2418 816; x_wconf 79' lang='lat' dir='ltr'><strong>fuerat,</strong></span> <span class='ocrx_word' id='word_1_154' title='bbox 2448 750 2743 806; x_wconf 82' lang='lat' dir='ltr'><strong>sacerdotis</strong></span> <span class='ocrx_word' id='word_1_155' title='bbox 2773 752 3081 820; x_wconf 73' lang='lat' dir='ltr'><strong>fungeretur</strong></span> <span class='ocrx_word' id='word_1_156' title='bbox 3108 750 3309 803; x_wconf 88' lang='lat' dir='ltr'><strong>oflicio.</strong></span> 
     </span>
    </p>
   </div>
   <div class='ocr_carea' id='block_1_23' title="bbox 2292 841 3811 910">
    <p class='ocr_par' dir='ltr' id='par_1_23' title="bbox 2292 841 3811 910">
     <span class='ocr_line' id='line_1_23' title="bbox 2292 841 3811 910; baseline 0.001 -15"><span class='ocrx_word' id='word_1_157' title='bbox 2292 841 2511 896; x_wconf 84' lang='lat' dir='ltr'><strong>XXXII.</strong></span> <span class='ocrx_word' id='word_1_158' title='bbox 2540 842 2699 895; x_wconf 88' lang='lat' dir='ltr'><strong>Multa</strong></span> <span class='ocrx_word' id='word_1_159' title='bbox 2724 844 2863 896; x_wconf 89' lang='lat' dir='ltr'><strong>enim</strong></span> <span class='ocrx_word' id='word_1_160' title='bbox 2896 842 2995 895; x_wconf 91' lang='lat' dir='ltr'><strong>hoc</strong></span> <span class='ocrx_word' id='word_1_161' title='bbox 3024 850 3266 908; x_wconf 89' lang='lat' dir='ltr'><strong>tempore</strong></span> <span class='ocrx_word' id='word_1_162' title='bbox 3302 841 3436 893; x_wconf 89' lang='lat' dir='ltr'><strong>mala</strong></span> <span class='ocrx_word' id='word_1_163' title='bbox 3468 852 3614 910; x_wconf 81' lang='lat' dir='ltr'><strong>gesta</strong></span> <span class='ocrx_word' id='word_1_164' title='bbox 3646 852 3811 896; x_wconf 79' lang='lat' dir='ltr'><strong>sunt.</strong></span> 
     </span>
    </p>
   </div>
   <div class='ocr_carea' id='block_1_24' title="bbox 2222 931 3816 1001">
    <p class='ocr_par' dir='ltr' id='par_1_24' title="bbox 2222 931 3816 1001">
     <span class='ocr_line' id='line_1_24' title="bbox 2222 931 3816 1001; baseline 0 -16"><span class='ocrx_word' id='word_1_165' title='bbox 2222 931 2352 985; x_wconf 86' lang='lat' dir='ltr'><strong>Nam</strong></span> <span class='ocrx_word' id='word_1_166' title='bbox 2384 932 2640 985; x_wconf 84' lang='lat' dir='ltr'><strong>Domnola</strong></span> <span class='ocrx_word' id='word_1_167' title='bbox 2671 932 2854 985; x_wconf 88' lang='lat' dir='ltr'><strong>relicta</strong></span> <span class='ocrx_word' id='word_1_168' title='bbox 2900 932 3168 1001; x_wconf 88' lang='lat' dir='ltr'><strong>quondam</strong></span> <span class='ocrx_word' id='word_1_169' title='bbox 3215 931 3517 998; x_wconf 83' lang='lat' dir='ltr'><strong>Burgoleni,</strong></span> <span class='ocrx_word' id='word_1_170' title='bbox 3544 941 3671 997; x_wconf 60' lang='lat' dir='ltr'><strong>sine</strong></span> <span class='ocrx_word' id='word_1_171' title='bbox 3697 931 3816 985; x_wconf 78' lang='lat' dir='ltr'><strong>fuit</strong></span> 
     </span>
    </p>
   </div>
   <div class='ocr_carea' id='block_1_25' title="bbox 2231 1020 3818 1090">
    <p class='ocr_par' dir='ltr' id='par_1_25' title="bbox 2231 1020 3818 1090">
     <span class='ocr_line' id='line_1_25' title="bbox 2231 1020 3818 1090; baseline -0.002 -15"><span class='ocrx_word' id='word_1_172' title='bbox 2231 1022 2335 1075; x_wconf 88' lang='lat' dir='ltr'><strong>lilia</strong></span> <span class='ocrx_word' id='word_1_173' title='bbox 2365 1021 2582 1076; x_wconf 86' lang='lat' dir='ltr'><strong>Victorii</strong></span> <span class='ocrx_word' id='word_1_174' title='bbox 2609 1021 2981 1076; x_wconf 84' lang='lat' dir='ltr'><strong>Rhedoneusis</strong></span> <span class='ocrx_word' id='word_1_175' title='bbox 3008 1020 3247 1090; x_wconf 88' lang='lat' dir='ltr'><strong>episcopi</strong></span> <span class='ocrx_word' id='word_1_176' title='bbox 3275 1030 3324 1086; x_wconf 83' lang='lat'><strong>°,</strong></span> <span class='ocrx_word' id='word_1_177' title='bbox 3352 1020 3818 1088; x_wconf 41' lang='lat' dir='ltr'><strong>quamiNectari.</strong></span> 
     </span>
    </p>
   </div>
   <div class='ocr_carea' id='block_1_26' title="bbox 2226 1110 3814 1181">
    <p class='ocr_par' dir='ltr' id='par_1_26' title="bbox 2226 1110 3814 1181">
     <span class='ocr_line' id='line_1_26' title="bbox 2226 1110 3814 1181; baseline 0 -16"><span class='ocrx_word' id='word_1_178' title='bbox 2226 1113 2565 1166; x_wconf 90' lang='lat' dir='ltr'><strong>matrimonio</strong></span> <span class='ocrx_word' id='word_1_179' title='bbox 2589 1114 2954 1181; x_wconf 85' lang='lat' dir='ltr'><strong>copulaverat,</strong></span> <span class='ocrx_word' id='word_1_180' title='bbox 3001 1112 3347 1165; x_wconf 84' lang='lat' dir='ltr'><strong>intentionem</strong></span> <span class='ocrx_word' id='word_1_181' title='bbox 3386 1112 3453 1165; x_wconf 88' lang='lat' dir='ltr'><strong>de</strong></span> <span class='ocrx_word' id='word_1_182' title='bbox 3487 1110 3656 1165; x_wconf 82' lang='lat' dir='ltr'><strong>vineis</strong></span> <span class='ocrx_word' id='word_1_183' title='bbox 3678 1128 3814 1165; x_wconf 83' lang='lat' dir='ltr'><strong>cum</strong></span> 
     </span>
    </p>
   </div>
   <div class='ocr_carea' id='block_1_27' title="bbox 2228 1201 3815 1273">
    <p class='ocr_par' dir='ltr' id='par_1_27' title="bbox 2228 1201 3815 1273">
     <span class='ocr_line' id='line_1_27' title="bbox 2228 1201 3815 1273; baseline -0.001 -14"><span class='ocrx_word' id='word_1_184' title='bbox 2228 1204 2497 1259; x_wconf 88' lang='lat' dir='ltr'><strong>Bobolcno</strong></span> <span class='ocrx_word' id='word_1_185' title='bbox 2528 1201 2547 1242; x_wconf 71' lang='grc' dir='ltr'>ί</span> <span class='ocrx_word' id='word_1_186' title='bbox 2584 1202 2945 1258; x_wconf 84' lang='lat' dir='ltr'><strong>referendario</strong></span> <span class='ocrx_word' id='word_1_187' title='bbox 2990 1202 3353 1273; x_wconf 86' lang='lat' dir='ltr'><strong>Fredeguudis</strong></span> <span class='ocrx_word' id='word_1_188' title='bbox 3402 1202 3646 1256; x_wconf 84' lang='lat' dir='ltr'><strong>habebat.</strong></span> <span class='ocrx_word' id='word_1_189' title='bbox 3689 1206 3815 1257; x_wconf 79' lang='lat' dir='ltr'><strong>Au-</strong></span> 
     </span>
    </p>
   </div>
   <div class='ocr_carea' id='block_1_28' title="bbox 2226 1298 3811 1363">
    <p class='ocr_par' dir='ltr' id='par_1_28' title="bbox 2226 1298 3811 1363">
     <span class='ocr_line' id='line_1_28' title="bbox 2226 1298 3811 1363; baseline -0.002 -10"><span class='ocrx_word' id='word_1_190' title='bbox 2226 1299 2376 1355; x_wconf 81' lang='lat' dir='ltr'><strong>diens</strong></span> <span class='ocrx_word' id='word_1_191' title='bbox 2406 1315 2524 1354; x_wconf 86' lang='lat' dir='ltr'><strong>eam</strong></span> <span class='ocrx_word' id='word_1_192' title='bbox 2550 1302 2600 1353; x_wconf 88' lang='lat' dir='ltr'><strong>in</strong></span> <span class='ocrx_word' id='word_1_193' title='bbox 2636 1301 2729 1354; x_wconf 89' lang='lat' dir='ltr'><strong>bas</strong></span> <span class='ocrx_word' id='word_1_194' title='bbox 2760 1300 2945 1355; x_wconf 87' lang='lat' dir='ltr'><strong>vineas</strong></span> <span class='ocrx_word' id='word_1_195' title='bbox 2966 1300 3272 1363; x_wconf 81' lang='lat' dir='ltr'><strong>advenisse,</strong></span> <span class='ocrx_word' id='word_1_196' title='bbox 3296 1300 3439 1353; x_wconf 85' lang='lat' dir='ltr'><strong>misit</strong></span> <span class='ocrx_word' id='word_1_197' title='bbox 3465 1298 3676 1352; x_wconf 87' lang='lat' dir='ltr'><strong>nuntios</strong></span> <span class='ocrx_word' id='word_1_198' title='bbox 3702 1298 3811 1350; x_wconf 80' lang='lat' dir='ltr'><strong>ob-</strong></span> 
     </span>
    </p>
   </div>
   <div class='ocr_carea' id='block_1_29' title="bbox 2228 1393 3816 1465">
    <p class='ocr_par' dir='ltr' id='par_1_29' title="bbox 2228 1393 3816 1465">
     <span class='ocr_line' id='line_1_29' title="bbox 2228 1393 3816 1465; baseline -0.002 -19"><span class='ocrx_word' id='word_1_199' title='bbox 2228 1401 2484 1447; x_wconf 86' lang='lat' dir='ltr'><strong>testantes</strong></span> <span class='ocrx_word' id='word_1_200' title='bbox 2517 1410 2582 1447; x_wconf 88' lang='lat' dir='ltr'><strong>ne</strong></span> <span class='ocrx_word' id='word_1_201' title='bbox 2626 1394 2831 1465; x_wconf 81' lang='lat' dir='ltr'><strong>ingredi</strong></span> <span class='ocrx_word' id='word_1_202' title='bbox 2873 1396 3085 1462; x_wconf 82' lang='lat' dir='ltr'><strong>penitus</strong></span> <span class='ocrx_word' id='word_1_203' title='bbox 3130 1396 3180 1447; x_wconf 91' lang='lat' dir='ltr'><strong>in</strong></span> <span class='ocrx_word' id='word_1_204' title='bbox 3235 1394 3370 1448; x_wconf 70' lang='lat' dir='ltr'><strong>hanc</strong></span> <span class='ocrx_word' id='word_1_205' title='bbox 3415 1393 3816 1461; x_wconf 79' lang='lat' dir='ltr'><strong>possessionem</strong></span> 
     </span>
    </p>
   </div>
   <div class='ocr_carea' id='block_1_30' title="bbox 2236 1480 3819 1556">
    <p class='ocr_par' dir='ltr' id='par_1_30' title="bbox 2236 1480 3819 1556">
     <span class='ocr_line' id='line_1_30' title="bbox 2236 1480 3819 1556; baseline 0 -19"><span class='ocrx_word' id='word_1_206' title='bbox 2236 1494 2609 1551; x_wconf 58' lang='lat' dir='ltr'><strong>praesumeret.</strong></span> <span class='ocrx_word' id='word_1_207' title='bbox 2657 1486 2807 1552; x_wconf 88' lang='lat' dir='ltr'><strong>Quod</strong></span> <span class='ocrx_word' id='word_1_208' title='bbox 2851 1487 2936 1540; x_wconf 91' lang='lat' dir='ltr'><strong>illa</strong></span> <span class='ocrx_word' id='word_1_209' title='bbox 2967 1486 3290 1556; x_wconf 81' lang='lat' dir='ltr'><strong>despiciens,</strong></span> <span class='ocrx_word' id='word_1_210' title='bbox 3322 1496 3375 1540; x_wconf 90' lang='lat' dir='ltr'><strong>et</strong></span> <span class='ocrx_word' id='word_1_211' title='bbox 3418 1500 3505 1539; x_wconf 90' lang='lat' dir='ltr'><strong>res</strong></span> <span class='ocrx_word' id='word_1_212' title='bbox 3532 1486 3696 1555; x_wconf 84' lang='lat' dir='ltr'><strong>patris</strong></span> <span class='ocrx_word' id='word_1_213' title='bbox 3720 1480 3819 1537; x_wconf 83' lang='lat' dir='ltr'><strong>sui</strong></span> 
     </span>
    </p>
   </div>
   <div class='ocr_carea' id='block_1_31' title="bbox 2230 1576 3815 1649">
    <p class='ocr_par' dir='ltr' id='par_1_31' title="bbox 2230 1576 3815 1649">
     <span class='ocr_line' id='line_1_31' title="bbox 2230 1576 3815 1649; baseline -0.001 -19"><span class='ocrx_word' id='word_1_214' title='bbox 2230 1576 2393 1631; x_wconf 90' lang='lat' dir='ltr'><strong>fuisse</strong></span> <span class='ocrx_word' id='word_1_215' title='bbox 2422 1579 2788 1646; x_wconf 82' lang='lat' dir='ltr'><strong>proclamans,</strong></span> <span class='ocrx_word' id='word_1_216' title='bbox 2822 1580 3057 1649; x_wconf 83' lang='lat' dir='ltr'><strong>ingressa</strong></span> <span class='ocrx_word' id='word_1_217' title='bbox 3094 1590 3198 1633; x_wconf 90' lang='lat' dir='ltr'><strong>est.</strong></span> <span class='ocrx_word' id='word_1_218' title='bbox 3231 1578 3381 1632; x_wconf 84' lang='lat' dir='ltr'><strong>Tunc</strong></span> <span class='ocrx_word' id='word_1_219' title='bbox 3419 1576 3510 1632; x_wconf 87' lang='lat' dir='ltr'><strong>ille</strong></span> <span class='ocrx_word' id='word_1_220' title='bbox 3536 1586 3815 1631; x_wconf 75' lang='lat' dir='ltr'><strong>commota</strong></span> 
     </span>
    </p>
   </div>
   <div class='ocr_carea' id='block_1_32' title="bbox 2231 1669 3818 1739">
    <p class='ocr_par' dir='ltr' id='par_1_32' title="bbox 2231 1669 3818 1739">
     <span class='ocr_line' id='line_1_32' title="bbox 2231 1669 3818 1739; baseline -0.003 -16"><span class='ocrx_word' id='word_1_221' title='bbox 2231 1669 2516 1734; x_wconf 85' lang='lat' dir='ltr'><strong>sedtione,</strong></span> <span class='ocrx_word' id='word_1_222' title='bbox 2550 1684 2709 1739; x_wconf 86' lang='lat' dir='ltr'><strong>super</strong></span> <span class='ocrx_word' id='word_1_223' title='bbox 2734 1686 2851 1725; x_wconf 84' lang='lat' dir='ltr'><strong>eam</strong></span> <span class='ocrx_word' id='word_1_224' title='bbox 2895 1685 3014 1724; x_wconf 90' lang='lat' dir='ltr'><strong>cum</strong></span> <span class='ocrx_word' id='word_1_225' title='bbox 3067 1672 3289 1723; x_wconf 86' lang='lat' dir='ltr'><strong>armatis</strong></span> <span class='ocrx_word' id='word_1_226' title='bbox 3314 1671 3442 1723; x_wconf 90' lang='lat' dir='ltr'><strong>viris</strong></span> <span class='ocrx_word' id='word_1_227' title='bbox 3483 1669 3639 1723; x_wconf 81' lang='lat' dir='ltr'><strong>irruit</strong></span> <span class='ocrx_word' id='word_1_228' title='bbox 3665 1688 3676 1720; x_wconf 94' lang='lat'>:</span> <span class='ocrx_word' id='word_1_229' title='bbox 3702 1684 3818 1735; x_wconf 78' lang='lat' dir='ltr'><strong>qua</strong></span> 
     </span>
    </p>
   </div>
   <div class='ocr_carea' id='block_1_33' title="bbox 544 1751 3817 1833">
    <p class='ocr_par' dir='ltr' id='par_1_33' title="bbox 544 1751 3817 1833">
     <span class='ocr_line' id='line_1_33' title="bbox 544 1751 3817 1833; baseline 0.001 -18"><span class='ocrx_word' id='word_1_230' title='bbox 544 1762 755 1829; x_wconf 87' lang='lat' dir='ltr'><strong>clausit,</strong></span> <span class='ocrx_word' id='word_1_231' title='bbox 792 1770 847 1815; x_wconf 91' lang='lat' dir='ltr'><strong>ut</strong></span> <span class='ocrx_word' id='word_1_232' title='bbox 877 1762 930 1816; x_wconf 92' lang='lat' dir='ltr'><strong>in</strong></span> <span class='ocrx_word' id='word_1_233' title='bbox 961 1761 1043 1816; x_wconf 91' lang='lat' dir='ltr'><strong>his</strong></span> <span class='ocrx_word' id='word_1_234' title='bbox 1082 1762 1313 1831; x_wconf 90' lang='lat' dir='ltr'><strong>populus</strong></span> <span class='ocrx_word' id='word_1_235' title='bbox 1354 1762 1612 1817; x_wconf 87' lang='lat' dir='ltr'><strong>solemnia</strong></span> <span class='ocrx_word' id='word_1_236' title='bbox 1657 1762 1836 1817; x_wconf 90' lang='lat' dir='ltr'><strong>divina</strong></span> <span class='ocrx_word' id='word_1_237' title='bbox 1865 1779 1971 1818; x_wconf 89' lang='lat' dir='ltr'><strong>non</strong></span> <span class='ocrx_word' id='word_1_238' title='bbox 2003 1779 2125 1832; x_wconf 83' lang='lat' dir='ltr'><strong>Spe-</strong></span> <span class='ocrx_word' id='word_1_239' title='bbox 2153 1751 2200 1811; x_wconf 87' lang='grc' dir='ltr'><strong>Β</strong></span> <span class='ocrx_word' id='word_1_240' title='bbox 2228 1762 2526 1826; x_wconf 89' lang='lat' dir='ltr'><strong>interfecta,</strong></span> <span class='ocrx_word' id='word_1_241' title='bbox 2550 1765 2732 1818; x_wconf 84' lang='lat' dir='ltr'><strong>vineas</strong></span> <span class='ocrx_word' id='word_1_242' title='bbox 2757 1763 3116 1824; x_wconf 83' lang='lat' dir='ltr'><strong>vindemiavit,</strong></span> <span class='ocrx_word' id='word_1_243' title='bbox 3142 1779 3333 1833; x_wconf 90' lang='lat' dir='ltr'><strong>resque</strong></span> <span class='ocrx_word' id='word_1_244' title='bbox 3352 1764 3593 1831; x_wconf 85' lang='lat' dir='ltr'><strong>diripuit,</strong></span> <span class='ocrx_word' id='word_1_245' title='bbox 3625 1774 3678 1818; x_wconf 91' lang='lat' dir='ltr'><strong>et</strong></span> <span class='ocrx_word' id='word_1_246' title='bbox 3700 1775 3817 1816; x_wconf 75' lang='lat' dir='ltr'><strong>tam</strong></span> 
     </span>
    </p>
   </div>
   <div class='ocr_carea' id='block_1_34' title="bbox 547 1851 2127 1925">
    <p class='ocr_par' dir='ltr' id='par_1_34' title="bbox 547 1851 2127 1925">
     <span class='ocr_line' id='line_1_34' title="bbox 547 1851 2127 1925; baseline 0.004 -20"><span class='ocrx_word' id='word_1_247' title='bbox 547 1863 739 1916; x_wconf 85' lang='lat' dir='ltr'><strong>claret,</strong></span> <span class='ocrx_word' id='word_1_248' title='bbox 771 1851 942 1907; x_wconf 88' lang='lat' dir='ltr'><strong>donec</strong></span> <span class='ocrx_word' id='word_1_249' title='bbox 973 1852 1313 1922; x_wconf 79' lang='lat' dir='ltr'><strong>indagatiOne</strong></span> <span class='ocrx_word' id='word_1_250' title='bbox 1332 1856 1597 1908; x_wconf 88' lang='lat' dir='ltr'><strong>communi</strong></span> <span class='ocrx_word' id='word_1_251' title='bbox 1627 1857 1948 1921; x_wconf 88' lang='lat' dir='ltr'><strong>reperiretur</strong></span> <span class='ocrx_word' id='word_1_252' title='bbox 1973 1856 2127 1925; x_wconf 83' lang='lat' dir='ltr'><strong>hujus</strong></span> 
     </span>
    </p>
   </div>
   <div class='ocr_carea' id='block_1_35' title="bbox 546 1942 2128 2016">
    <p class='ocr_par' dir='ltr' id='par_1_35' title="bbox 546 1942 2128 2016">
     <span class='ocr_line' id='line_1_35' title="bbox 546 1942 2128 2016; baseline 0.004 -24"><span class='ocrx_word' id='word_1_253' title='bbox 546 1952 733 1997; x_wconf 82' lang='lat' dir='ltr'><strong>auctor</strong></span> <span class='ocrx_word' id='word_1_254' title='bbox 744 1942 983 1996; x_wconf 89' lang='lat' dir='ltr'><strong>sceleris.</strong></span> <span class='ocrx_word' id='word_1_255' title='bbox 999 1942 1103 1997; x_wconf 87' lang='lat' dir='ltr'><strong>Sed</strong></span> <span class='ocrx_word' id='word_1_256' title='bbox 1122 1943 1778 2014; x_wconf 85' lang='lat' dir='ltr'><strong>etaliquosappreltendit,</strong></span> <span class='ocrx_word' id='word_1_257' title='bbox 1794 1947 1987 2015; x_wconf 87' lang='lat' dir='ltr'><strong>quibus</strong></span> <span class='ocrx_word' id='word_1_258' title='bbox 1999 1962 2128 2016; x_wconf 89' lang='lat' dir='ltr'><strong>sup-</strong></span> 
     </span>
    </p>
   </div>
   <div class='ocr_carea' id='block_1_36' title="bbox 547 2035 2130 2106">
    <p class='ocr_par' dir='ltr' id='par_1_36' title="bbox 547 2035 2130 2106">
     <span class='ocr_line' id='line_1_36' title="bbox 547 2035 2130 2106; baseline 0.003 -21"><span class='ocrx_word' id='word_1_259' title='bbox 547 2035 704 2102; x_wconf 88' lang='lat' dir='ltr'><strong>plicio</strong></span> <span class='ocrx_word' id='word_1_260' title='bbox 730 2035 987 2093; x_wconf 87' lang='lat' dir='ltr'><strong>subditis,</strong></span> <span class='ocrx_word' id='word_1_261' title='bbox 1015 2036 1296 2091; x_wconf 86' lang='lat' dir='ltr'><strong>veritatem</strong></span> <span class='ocrx_word' id='word_1_262' title='bbox 1325 2038 1587 2101; x_wconf 78' lang='lat' dir='ltr'><strong>extorsit,</strong></span> <span class='ocrx_word' id='word_1_263' title='bbox 1620 2038 1848 2106; x_wconf 87' lang='lat' dir='ltr'><strong>qualiter</strong></span> <span class='ocrx_word' id='word_1_264' title='bbox 1878 2053 1972 2106; x_wconf 89' lang='lat' dir='ltr'><strong>per</strong></span> <span class='ocrx_word' id='word_1_265' title='bbox 1998 2054 2130 2093; x_wconf 89' lang='lat' dir='ltr'><strong>con-</strong></span> 
     </span>
    </p>
   </div>
   <div class='ocr_carea' id='block_1_37' title="bbox 546 2123 2126 2193">
    <p class='ocr_par' dir='ltr' id='par_1_37' title="bbox 546 2123 2126 2193">
     <span class='ocr_line' id='line_1_37' title="bbox 546 2123 2126 2193; baseline 0.004 -15"><span class='ocrx_word' id='word_1_266' title='bbox 546 2123 724 2179; x_wconf 89' lang='lat' dir='ltr'><strong>silium</strong></span> <span class='ocrx_word' id='word_1_267' title='bbox 750 2124 1116 2193; x_wconf 79' lang='lat' dir='ltr'><strong>Fredegundis</strong></span> <span class='ocrx_word' id='word_1_268' title='bbox 1148 2127 1262 2180; x_wconf 77' lang='lat' dir='ltr'><strong>haec</strong></span> <span class='ocrx_word' id='word_1_269' title='bbox 1289 2140 1405 2181; x_wconf 84' lang='lat' dir='ltr'><strong>aeta</strong></span> <span class='ocrx_word' id='word_1_270' title='bbox 1438 2127 1684 2182; x_wconf 87' lang='lat' dir='ltr'><strong>fuerant:</strong></span> <span class='ocrx_word' id='word_1_271' title='bbox 1718 2130 1809 2182; x_wconf 88' lang='lat' dir='ltr'><strong>sed</strong></span> <span class='ocrx_word' id='word_1_272' title='bbox 1843 2145 1902 2183; x_wconf 84' lang='lat' dir='ltr'><strong>ea</strong></span> <span class='ocrx_word' id='word_1_273' title='bbox 1935 2131 2126 2185; x_wconf 88' lang='lat' dir='ltr'><strong>defen-</strong></span> 
     </span>
    </p>
   </div>
   <div class='ocr_carea' id='block_1_38' title="bbox 546 2217 2129 2291">
    <p class='ocr_par' dir='ltr' id='par_1_38' title="bbox 546 2217 2129 2291">
     <span class='ocr_line' id='line_1_38' title="bbox 546 2217 2129 2291; baseline 0.004 -20"><span class='ocrx_word' id='word_1_274' title='bbox 546 2228 720 2280; x_wconf 83' lang='lat' dir='ltr'><strong>sante,</strong></span> <span class='ocrx_word' id='word_1_275' title='bbox 753 2217 938 2272; x_wconf 91' lang='lat' dir='ltr'><strong>ulcisci</strong></span> <span class='ocrx_word' id='word_1_276' title='bbox 972 2234 1076 2271; x_wconf 82' lang='lat' dir='ltr'><strong>non</strong></span> <span class='ocrx_word' id='word_1_277' title='bbox 1112 2220 1299 2286; x_wconf 90' lang='lat' dir='ltr'><strong>potuit.</strong></span> <span class='ocrx_word' id='word_1_278' title='bbox 1355 2218 1622 2274; x_wconf 84' lang='lat' dir='ltr'><strong>Ferebant</strong></span> <span class='ocrx_word' id='word_1_279' title='bbox 1643 2222 1805 2275; x_wconf 89' lang='lat' dir='ltr'><strong>etiam</strong></span> <span class='ocrx_word' id='word_1_280' title='bbox 1848 2223 1912 2276; x_wconf 88' lang='lat' dir='ltr'><strong>ad</strong></span> <span class='ocrx_word' id='word_1_281' title='bbox 1955 2224 2129 2291; x_wconf 88' lang='lat' dir='ltr'><strong>ipsum</strong></span> 
     </span>
    </p>
   </div>
   <div class='ocr_carea' id='block_1_39' title="bbox 548 2308 2131 2382">
    <p class='ocr_par' dir='ltr' id='par_1_39' title="bbox 548 2308 2131 2382">
     <span class='ocr_line' id='line_1_39' title="bbox 548 2308 2131 2382; baseline 0.007 -23"><span class='ocrx_word' id='word_1_282' title='bbox 548 2321 892 2375; x_wconf 83' lang='lat' dir='ltr'><strong>percussores</strong></span> <span class='ocrx_word' id='word_1_283' title='bbox 919 2308 1152 2371; x_wconf 86' lang='lat' dir='ltr'><strong>venisse,</strong></span> <span class='ocrx_word' id='word_1_284' title='bbox 1195 2322 1291 2375; x_wconf 91' lang='lat' dir='ltr'><strong>pro</strong></span> <span class='ocrx_word' id='word_1_285' title='bbox 1320 2323 1385 2362; x_wconf 89' lang='lat' dir='ltr'><strong>eo</strong></span> <span class='ocrx_word' id='word_1_286' title='bbox 1406 2309 1547 2376; x_wconf 90' lang='lat' dir='ltr'><strong>quod</strong></span> <span class='ocrx_word' id='word_1_287' title='bbox 1581 2309 1696 2364; x_wconf 75' lang='lat' dir='ltr'><strong>hzec</strong></span> <span class='ocrx_word' id='word_1_288' title='bbox 1749 2311 2019 2382; x_wconf 85' lang='lat' dir='ltr'><strong>inquirere</strong></span> <span class='ocrx_word' id='word_1_289' title='bbox 2047 2330 2131 2369; x_wconf 89' lang='lat' dir='ltr'><strong>sa-</strong></span> 
     </span>
    </p>
   </div>
   <div class='ocr_carea' id='block_1_40' title="bbox 548 2398 2133 2468">
    <p class='ocr_par' dir='ltr' id='par_1_40' title="bbox 548 2398 2133 2468">
     <span class='ocr_line' id='line_1_40' title="bbox 548 2398 2133 2468; baseline 0.005 -17"><span class='ocrx_word' id='word_1_290' title='bbox 548 2400 752 2465; x_wconf 84' lang='lat' dir='ltr'><strong>gaciter</strong></span> <span class='ocrx_word' id='word_1_291' title='bbox 789 2398 1111 2460; x_wconf 82' lang='lat' dir='ltr'><strong>destinaret;</strong></span> <span class='ocrx_word' id='word_1_292' title='bbox 1145 2398 1237 2452; x_wconf 86' lang='lat' dir='ltr'><strong>sed</strong></span> <span class='ocrx_word' id='word_1_293' title='bbox 1266 2400 1509 2452; x_wconf 89' lang='lat' dir='ltr'><strong>custodia</strong></span> <span class='ocrx_word' id='word_1_294' title='bbox 1548 2401 1747 2455; x_wconf 86' lang='lat' dir='ltr'><strong>vallato</strong></span> <span class='ocrx_word' id='word_1_295' title='bbox 1775 2418 2019 2468; x_wconf 89' lang='lat' dir='ltr'><strong>suorum,</strong></span> <span class='ocrx_word' id='word_1_296' title='bbox 2051 2405 2133 2458; x_wconf 91' lang='lat' dir='ltr'><strong>ni-</strong></span> 
     </span>
    </p>
   </div>
   <div class='ocr_carea' id='block_1_41' title="bbox 553 2489 2132 2558">
    <p class='ocr_par' dir='ltr' id='par_1_41' title="bbox 553 2489 2132 2558">
     <span class='ocr_line' id='line_1_41' title="bbox 553 2489 2132 2558; baseline 0.004 -16"><span class='ocrx_word' id='word_1_297' title='bbox 553 2489 630 2543; x_wconf 90' lang='lat' dir='ltr'><strong>hil</strong></span> <span class='ocrx_word' id='word_1_298' title='bbox 660 2490 707 2543; x_wconf 90' lang='lat' dir='ltr'><strong>ei</strong></span> <span class='ocrx_word' id='word_1_299' title='bbox 755 2503 952 2543; x_wconf 88' lang='lat' dir='ltr'><strong>nocere</strong></span> <span class='ocrx_word' id='word_1_300' title='bbox 972 2498 1279 2558; x_wconf 66' lang='lat' dir='ltr'><strong>potuerunt.</strong></span> <span class='ocrx_word' id='word_1_301' title='bbox 1328 2489 1510 2556; x_wconf 82' lang='lat' dir='ltr'><strong>Itaque</strong></span> <span class='ocrx_word' id='word_1_302' title='bbox 1549 2505 1671 2545; x_wconf 91' lang='lat' dir='ltr'><strong>cum</strong></span> <span class='ocrx_word' id='word_1_303' title='bbox 1717 2493 1827 2546; x_wconf 69' lang='lat' dir='ltr'><strong>haec</strong></span> <span class='ocrx_word' id='word_1_304' title='bbox 1857 2494 1924 2548; x_wconf 89' lang='lat' dir='ltr'><strong>ad</strong></span> <span class='ocrx_word' id='word_1_305' title='bbox 1958 2493 2132 2549; x_wconf 86' lang='lat' dir='ltr'><strong>Gunt-</strong></span> 
     </span>
    </p>
   </div>
   <div class='ocr_carea' id='block_1_42' title="bbox 551 2580 2134 2655">
    <p class='ocr_par' dir='ltr' id='par_1_42' title="bbox 551 2580 2134 2655">
     <span class='ocr_line' id='line_1_42' title="bbox 551 2580 2134 2655; baseline 0.005 -22"><span class='ocrx_word' id='word_1_306' title='bbox 551 2580 867 2634; x_wconf 79' lang='lat' dir='ltr'><strong>chramnum</strong></span> <span class='ocrx_word' id='word_1_307' title='bbox 910 2595 1091 2651; x_wconf 79' lang='lat' dir='ltr'><strong>regem</strong></span> <span class='ocrx_word' id='word_1_308' title='bbox 1144 2581 1342 2649; x_wconf 77' lang='lat' dir='ltr'><strong>perlata</strong></span> <span class='ocrx_word' id='word_1_309' title='bbox 1373 2580 1622 2647; x_wconf 75' lang='lat' dir='ltr'><strong>fuissent,</strong></span> <span class='ocrx_word' id='word_1_310' title='bbox 1648 2593 1703 2636; x_wconf 90' lang='lat' dir='ltr'><strong>et</strong></span> <span class='ocrx_word' id='word_1_311' title='bbox 1723 2584 1925 2639; x_wconf 90' lang='lat' dir='ltr'><strong>crimen</strong></span> <span class='ocrx_word' id='word_1_312' title='bbox 1968 2599 2134 2655; x_wconf 75' lang='lat' dir='ltr'><strong>super</strong></span> 
     </span>
    </p>
   </div>
   <div class='ocr_carea' id='block_1_43' title="bbox 555 2675 2131 2745">
    <p class='ocr_par' dir='ltr' id='par_1_43' title="bbox 555 2675 2131 2745">
     <span class='ocr_line' id='line_1_43' title="bbox 555 2675 2131 2745; baseline 0.003 -18"><span class='ocrx_word' id='word_1_313' title='bbox 555 2675 834 2729; x_wconf 84' lang='lat' dir='ltr'><strong>mulierem</strong></span> <span class='ocrx_word' id='word_1_314' title='bbox 871 2675 1162 2740; x_wconf 68' lang='lat' dir='ltr'><strong>jaceretur,</strong></span> <span class='ocrx_word' id='word_1_315' title='bbox 1196 2675 1341 2727; x_wconf 74' lang='lat' dir='ltr'><strong>mist</strong></span> <span class='ocrx_word' id='word_1_316' title='bbox 1381 2683 1489 2730; x_wconf 88' lang='lat' dir='ltr'><strong>tres</strong></span> <span class='ocrx_word' id='word_1_317' title='bbox 1520 2676 1798 2745; x_wconf 86' lang='lat' dir='ltr'><strong>episcopos</strong></span> <span class='ocrx_word' id='word_1_318' title='bbox 1835 2677 1901 2732; x_wconf 90' lang='lat' dir='ltr'><strong>ad</strong></span> <span class='ocrx_word' id='word_1_319' title='bbox 1944 2677 2131 2745; x_wconf 85' lang='lat' dir='ltr'><strong>lilium,</strong></span> 
     </span>
    </p>
   </div>
   <div class='ocr_carea' id='block_1_44' title="bbox 560 2764 2135 2837">
    <p class='ocr_par' dir='ltr' id='par_1_44' title="bbox 560 2764 2135 2837">
     <span class='ocr_line' id='line_1_44' title="bbox 560 2764 2135 2837; baseline 0.002 -17"><span class='ocrx_word' id='word_1_320' title='bbox 560 2766 652 2837; x_wconf 86' lang='lat' dir='ltr'><strong>qui</strong></span> <span class='ocrx_word' id='word_1_321' title='bbox 678 2780 799 2822; x_wconf 84' lang='lat' dir='ltr'><strong>esse</strong></span> <span class='ocrx_word' id='word_1_322' title='bbox 819 2765 1016 2821; x_wconf 89' lang='lat' dir='ltr'><strong>dicitur</strong></span> <span class='ocrx_word' id='word_1_323' title='bbox 1033 2764 1340 2835; x_wconf 79' lang='lat' dir='ltr'><strong>Chilperici,</strong></span> <span class='ocrx_word' id='word_1_324' title='bbox 1366 2781 1520 2835; x_wconf 89' lang='lat' dir='ltr'><strong>quem</strong></span> <span class='ocrx_word' id='word_1_325' title='bbox 1534 2765 1780 2835; x_wconf 89' lang='lat' dir='ltr'><strong>superius</strong></span> <span class='ocrx_word' id='word_1_326' title='bbox 1800 2766 2135 2823; x_wconf 87' lang='lat' dir='ltr'><strong>Clotbariutu</strong></span> 
     </span>
    </p>
   </div>
   <div class='ocr_carea' id='block_1_45' title="bbox 554 2858 2139 2931">
    <p class='ocr_par' dir='ltr' id='par_1_45' title="bbox 554 2858 2139 2931">
     <span class='ocr_line' id='line_1_45' title="bbox 554 2858 2139 2931; baseline 0.002 -17"><span class='ocrx_word' id='word_1_327' title='bbox 554 2859 1024 2929; x_wconf 81' lang='lat' dir='ltr'><strong>scripsimus(Lib.</strong></span> <span class='ocrx_word' id='word_1_328' title='bbox 1054 2876 1151 2927; x_wconf 85' lang='lat' dir='ltr'><strong>vn,</strong></span> <span class='ocrx_word' id='word_1_329' title='bbox 1180 2876 1293 2928; x_wconf 81' lang='lat' dir='ltr'><strong>cap.</strong></span> <span class='ocrx_word' id='word_1_330' title='bbox 1324 2858 1380 2931; x_wconf 86' lang='lat'><strong>6)</strong></span> <span class='ocrx_word' id='word_1_331' title='bbox 1411 2860 1727 2925; x_wconf 88' lang='lat' dir='ltr'><strong>vocitatum,</strong></span> <span class='ocrx_word' id='word_1_332' title='bbox 1761 2862 1811 2915; x_wconf 91' lang='lat' dir='ltr'><strong>id</strong></span> <span class='ocrx_word' id='word_1_333' title='bbox 1838 2874 1921 2917; x_wconf 91' lang='lat' dir='ltr'><strong>est</strong></span> <span class='ocrx_word' id='word_1_334' title='bbox 1944 2862 2139 2918; x_wconf 84' lang='lat' dir='ltr'><strong>Arthe-</strong></span> 
     </span>
    </p>
   </div>
   <div class='ocr_carea' id='block_1_46' title="bbox 557 2951 2139 3020">
    <p class='ocr_par' dir='ltr' id='par_1_46' title="bbox 557 2951 2139 3020">
     <span class='ocr_line' id='line_1_46' title="bbox 557 2951 2139 3020; baseline 0.003 -15"><span class='ocrx_word' id='word_1_335' title='bbox 557 2953 722 3006; x_wconf 87' lang='lat' dir='ltr'><strong>tnitttn</strong></span> <span class='ocrx_word' id='word_1_336' title='bbox 775 2952 1121 3014; x_wconf 85' lang='lat' dir='ltr'><strong>Senonicum,</strong></span> <span class='ocrx_word' id='word_1_337' title='bbox 1173 2951 1438 3007; x_wconf 83' lang='lat' dir='ltr'><strong>Veranum</strong></span> <span class='ocrx_word' id='word_1_338' title='bbox 1497 2951 1955 3008; x_wconf 88' lang='lat' dir='ltr'><strong>Cavellionensem</strong></span> <span class='ocrx_word' id='word_1_339' title='bbox 1989 2963 2038 3020; x_wconf 72' lang='grc' dir='ltr'><strong>ε,</strong></span> <span class='ocrx_word' id='word_1_340' title='bbox 2084 2962 2139 3009; x_wconf 91' lang='lat' dir='ltr'><strong>et</strong></span> 
     </span>
    </p>
   </div>
   <div class='ocr_carea' id='block_1_47' title="bbox 557 3044 2135 3115">
    <p class='ocr_par' dir='ltr' id='par_1_47' title="bbox 557 3044 2135 3115">
     <span class='ocr_line' id='line_1_47' title="bbox 557 3044 2135 3115; baseline 0.001 -18"><span class='ocrx_word' id='word_1_341' title='bbox 557 3044 843 3113; x_wconf 78' lang='lat' dir='ltr'><strong>Agreciutn</strong></span> <span class='ocrx_word' id='word_1_342' title='bbox 873 3045 1263 3109; x_wconf 87' lang='lat' dir='ltr'><strong>Tricassinum,</strong></span> <span class='ocrx_word' id='word_1_343' title='bbox 1300 3054 1357 3099; x_wconf 90' lang='lat' dir='ltr'><strong>ut</strong></span> <span class='ocrx_word' id='word_1_344' title='bbox 1385 3044 1587 3099; x_wconf 88' lang='lat' dir='ltr'><strong>scilicet</strong></span> <span class='ocrx_word' id='word_1_345' title='bbox 1634 3060 1753 3099; x_wconf 92' lang='lat' dir='ltr'><strong>cum</strong></span> <span class='ocrx_word' id='word_1_346' title='bbox 1793 3045 1875 3100; x_wconf 91' lang='lat' dir='ltr'><strong>his</strong></span> <span class='ocrx_word' id='word_1_347' title='bbox 1904 3048 1991 3115; x_wconf 91' lang='lat' dir='ltr'><strong>qui</strong></span> <span class='ocrx_word' id='word_1_348' title='bbox 2016 3061 2135 3115; x_wconf 56' lang='lat' dir='ltr'><strong>paro</strong></span> 
     </span>
    </p>
   </div>
   <div class='ocr_carea' id='block_1_48' title="bbox 2229 1856 3821 1928">
    <p class='ocr_par' dir='ltr' id='par_1_48' title="bbox 2229 1856 3821 1928">
     <span class='ocr_line' id='line_1_48' title="bbox 2229 1856 3821 1928; baseline 0 -19"><span class='ocrx_word' id='word_1_349' title='bbox 2229 1861 2372 1910; x_wconf 74' lang='lat' dir='ltr'><strong>virus</strong></span> <span class='ocrx_word' id='word_1_350' title='bbox 2417 1874 2576 1928; x_wconf 87' lang='lat' dir='ltr'><strong>quam</strong></span> <span class='ocrx_word' id='word_1_351' title='bbox 2605 1859 2889 1924; x_wconf 89' lang='lat' dir='ltr'><strong>mulieres,</strong></span> <span class='ocrx_word' id='word_1_352' title='bbox 2922 1859 3009 1927; x_wconf 91' lang='lat' dir='ltr'><strong>qui</strong></span> <span class='ocrx_word' id='word_1_353' title='bbox 3043 1873 3162 1912; x_wconf 90' lang='lat' dir='ltr'><strong>cum</strong></span> <span class='ocrx_word' id='word_1_354' title='bbox 3192 1873 3254 1912; x_wconf 89' lang='lat' dir='ltr'><strong>ea</strong></span> <span class='ocrx_word' id='word_1_355' title='bbox 3300 1867 3488 1923; x_wconf 88' lang='lat' dir='ltr'><strong>erant,</strong></span> <span class='ocrx_word' id='word_1_356' title='bbox 3537 1856 3821 1911; x_wconf 87' lang='lat' dir='ltr'><strong>interfecit</strong></span> 
     </span>
    </p>
   </div>
   <div class='ocr_carea' id='block_1_49' title="bbox 2231 1950 3822 2021">
    <p class='ocr_par' dir='ltr' id='par_1_49' title="bbox 2231 1950 3822 2021">
     <span class='ocr_line' id='line_1_49' title="bbox 2231 1950 3822 2021; baseline -0.001 -19"><span class='ocrx_word' id='word_1_357' title='bbox 2231 1950 2429 2021; x_wconf 71' lang='lat' dir='ltr'><strong>gladio,</strong></span> <span class='ocrx_word' id='word_1_358' title='bbox 2462 1967 2559 2005; x_wconf 84' lang='lat' dir='ltr'><strong>nec</strong></span> <span class='ocrx_word' id='word_1_359' title='bbox 2583 1952 2838 2006; x_wconf 88' lang='lat' dir='ltr'><strong>remansit</strong></span> <span class='ocrx_word' id='word_1_360' title='bbox 2885 1966 2951 2005; x_wconf 80' lang='lat' dir='ltr'><strong>ex</strong></span> <span class='ocrx_word' id='word_1_361' title='bbox 2991 1950 3107 2013; x_wconf 89' lang='lat' dir='ltr'><strong>his,</strong></span> <span class='ocrx_word' id='word_1_362' title='bbox 3141 1950 3241 2005; x_wconf 86' lang='lat' dir='ltr'><strong>nisi</strong></span> <span class='ocrx_word' id='word_1_363' title='bbox 3286 1952 3374 2019; x_wconf 91' lang='lat' dir='ltr'><strong>qui</strong></span> <span class='ocrx_word' id='word_1_364' title='bbox 3416 1950 3538 2021; x_wconf 70' lang='lat' dir='ltr'><strong>fuga</strong></span> <span class='ocrx_word' id='word_1_365' title='bbox 3578 1950 3679 2004; x_wconf 91' lang='lat' dir='ltr'><strong>labi</strong></span> <span class='ocrx_word' id='word_1_366' title='bbox 3709 1964 3822 2018; x_wconf 89' lang='lat' dir='ltr'><strong>po-</strong></span> 
     </span>
    </p>
   </div>
   <div class='ocr_carea' id='block_1_50' title="bbox 2232 2047 2353 2096">
    <p class='ocr_par' dir='ltr' id='par_1_50' title="bbox 2232 2047 2353 2096">
     <span class='ocr_line' id='line_1_50' title="bbox 2232 2047 2353 2096; baseline -0.008 0"><span class='ocrx_word' id='word_1_367' title='bbox 2232 2047 2353 2096; x_wconf 73' lang='lat' dir='ltr'><strong>iuit.</strong></span> 
     </span>
    </p>
   </div>
   <div class='ocr_carea' id='block_1_51' title="bbox 2306 2131 3817 2201">
    <p class='ocr_par' dir='ltr' id='par_1_51' title="bbox 2306 2131 3817 2201">
     <span class='ocr_line' id='line_1_51' title="bbox 2306 2131 3817 2201; baseline -0.002 -14"><span class='ocrx_word' id='word_1_368' title='bbox 2306 2131 2544 2187; x_wconf 79' lang='lat' dir='ltr'><strong>XXXIII.</strong></span> <span class='ocrx_word' id='word_1_369' title='bbox 2584 2132 2795 2187; x_wconf 76' lang='lat' dir='ltr'><strong>Exstitit</strong></span> <span class='ocrx_word' id='word_1_370' title='bbox 2820 2144 2999 2188; x_wconf 87' lang='lat' dir='ltr'><strong>autem</strong></span> <span class='ocrx_word' id='word_1_371' title='bbox 3028 2134 3080 2188; x_wconf 92' lang='lat' dir='ltr'><strong>in</strong></span> <span class='ocrx_word' id='word_1_372' title='bbox 3112 2134 3193 2187; x_wconf 87' lang='lat' dir='ltr'><strong>his</strong></span> <span class='ocrx_word' id='word_1_373' title='bbox 3223 2133 3413 2188; x_wconf 85' lang='lat' dir='ltr'><strong>diebus</strong></span> <span class='ocrx_word' id='word_1_374' title='bbox 3458 2132 3600 2201; x_wconf 89' lang='lat' dir='ltr'><strong>apud</strong></span> <span class='ocrx_word' id='word_1_375' title='bbox 3625 2132 3817 2185; x_wconf 83' lang='lat' dir='ltr'><strong>urbem</strong></span> 
     </span>
    </p>
   </div>
   <div class='ocr_carea' id='block_1_52' title="bbox 2233 2222 3821 2296">
    <p class='ocr_par' dir='ltr' id='par_1_52' title="bbox 2233 2222 3821 2296">
     <span class='ocr_line' id='line_1_52' title="bbox 2233 2222 3821 2296; baseline -0.003 -17"><span class='ocrx_word' id='word_1_376' title='bbox 2233 2224 2553 2280; x_wconf 78' lang='lat' dir='ltr'><strong>Parisiacam</strong></span> <span class='ocrx_word' id='word_1_377' title='bbox 2603 2226 2812 2291; x_wconf 85' lang='lat' dir='ltr'><strong>mulier,</strong></span> <span class='ocrx_word' id='word_1_378' title='bbox 2845 2225 3005 2296; x_wconf 59' lang='lat'><strong>5.06</strong></span> <span class='ocrx_word' id='word_1_379' title='bbox 3032 2241 3153 2294; x_wconf 76' lang='lat' dir='ltr'><strong>quze</strong></span> <span class='ocrx_word' id='word_1_380' title='bbox 3183 2225 3389 2278; x_wconf 88' lang='lat' dir='ltr'><strong>diceret</strong></span> <span class='ocrx_word' id='word_1_381' title='bbox 3431 2224 3622 2279; x_wconf 82' lang='lat' dir='ltr'><strong>incolis</strong></span> <span class='ocrx_word' id='word_1_382' title='bbox 3656 2241 3669 2275; x_wconf 88' lang='lat'><strong>:</strong></span> <span class='ocrx_word' id='word_1_383' title='bbox 3702 2222 3821 2277; x_wconf 79' lang='lat' dir='ltr'><strong>Fu-</strong></span> 
     </span>
    </p>
   </div>
   <div class='ocr_carea' id='block_1_53' title="bbox 2235 2315 3816 2387">
    <p class='ocr_par' dir='ltr' id='par_1_53' title="bbox 2235 2315 3816 2387">
     <span class='ocr_line' id='line_1_53' title="bbox 2235 2315 3816 2387; baseline -0.001 -17"><span class='ocrx_word' id='word_1_384' title='bbox 2235 2318 2342 2387; x_wconf 83' lang='lat' dir='ltr'><strong>gite</strong></span> <span class='ocrx_word' id='word_1_385' title='bbox 2365 2319 2432 2371; x_wconf 92' lang='lat' dir='ltr'><strong>ab</strong></span> <span class='ocrx_word' id='word_1_386' title='bbox 2462 2318 2614 2382; x_wconf 87' lang='lat' dir='ltr'><strong>urbe,</strong></span> <span class='ocrx_word' id='word_1_387' title='bbox 2637 2326 2693 2370; x_wconf 88' lang='lat' dir='ltr'><strong>et</strong></span> <span class='ocrx_word' id='word_1_388' title='bbox 2721 2319 2910 2372; x_wconf 81' lang='lat' dir='ltr'><strong>scitate</strong></span> <span class='ocrx_word' id='word_1_389' title='bbox 2932 2332 3050 2371; x_wconf 87' lang='lat' dir='ltr'><strong>eam</strong></span> <span class='ocrx_word' id='word_1_390' title='bbox 3078 2317 3324 2372; x_wconf 82' lang='lat' dir='ltr'><strong>incendio</strong></span> <span class='ocrx_word' id='word_1_391' title='bbox 3344 2315 3816 2370; x_wconf 80' lang='lat' dir='ltr'><strong>concremandam.</strong></span> 
     </span>
    </p>
   </div>
   <div class='ocr_carea' id='block_1_54' title="bbox 2235 2409 3819 2481">
    <p class='ocr_par' dir='ltr' id='par_1_54' title="bbox 2235 2409 3819 2481">
     <span class='ocr_line' id='line_1_54' title="bbox 2235 2409 3819 2481; baseline 0 -20"><span class='ocrx_word' id='word_1_392' title='bbox 2235 2411 2361 2479; x_wconf 70' lang='lat' dir='ltr'><strong>Qne</strong></span> <span class='ocrx_word' id='word_1_393' title='bbox 2390 2426 2510 2464; x_wconf 92' lang='lat' dir='ltr'><strong>cum</strong></span> <span class='ocrx_word' id='word_1_394' title='bbox 2558 2425 2588 2463; x_wconf 92' lang='lat' dir='ltr'><strong>a</strong></span> <span class='ocrx_word' id='word_1_395' title='bbox 2634 2410 2816 2463; x_wconf 90' lang='lat' dir='ltr'><strong>multis</strong></span> <span class='ocrx_word' id='word_1_396' title='bbox 2861 2409 3201 2470; x_wconf 90' lang='lat' dir='ltr'><strong>irrideretur,</strong></span> <span class='ocrx_word' id='word_1_397' title='bbox 3236 2409 3375 2479; x_wconf 88' lang='lat' dir='ltr'><strong>quod</strong></span> <span class='ocrx_word' id='word_1_398' title='bbox 3410 2410 3524 2463; x_wconf 73' lang='lat' dir='ltr'><strong>iich</strong></span> <span class='ocrx_word' id='word_1_399' title='bbox 3559 2420 3654 2481; x_wconf 84' lang='lat' dir='ltr'><strong>aut</strong></span> <span class='ocrx_word' id='word_1_400' title='bbox 3697 2422 3819 2461; x_wconf 81' lang='lat' dir='ltr'><strong>sor-</strong></span> 
     </span>
    </p>
   </div>
   <div class='ocr_carea' id='block_1_55' title="bbox 2237 2499 3819 2571">
    <p class='ocr_par' dir='ltr' id='par_1_55' title="bbox 2237 2499 3819 2571">
     <span class='ocr_line' id='line_1_55' title="bbox 2237 2499 3819 2571; baseline -0.003 -16"><span class='ocrx_word' id='word_1_401' title='bbox 2237 2504 2365 2555; x_wconf 92' lang='lat' dir='ltr'><strong>tium</strong></span> <span class='ocrx_word' id='word_1_402' title='bbox 2399 2501 2661 2571; x_wconf 79' lang='lat' dir='ltr'><strong>praesagio</strong></span> <span class='ocrx_word' id='word_1_403' title='bbox 2689 2500 2923 2565; x_wconf 87' lang='lat' dir='ltr'><strong>diceret,</strong></span> <span class='ocrx_word' id='word_1_404' title='bbox 2953 2512 3045 2553; x_wconf 89' lang='lat' dir='ltr'><strong>attt</strong></span> <span class='ocrx_word' id='word_1_405' title='bbox 3080 2516 3213 2553; x_wconf 89' lang='lat' dir='ltr'><strong>vana</strong></span> <span class='ocrx_word' id='word_1_406' title='bbox 3246 2499 3424 2569; x_wconf 84' lang='lat' dir='ltr'><strong>aliqua</strong></span> <span class='ocrx_word' id='word_1_407' title='bbox 3467 2499 3819 2562; x_wconf 77' lang='lat' dir='ltr'><strong>somniasset,</strong></span> 
     </span>
    </p>
   </div>
   <div class='ocr_carea' id='block_1_56' title="bbox 2237 2590 3818 2662">
    <p class='ocr_par' dir='ltr' id='par_1_56' title="bbox 2237 2590 3818 2662">
     <span class='ocr_line' id='line_1_56' title="bbox 2237 2590 3818 2662; baseline -0.002 -14"><span class='ocrx_word' id='word_1_408' title='bbox 2237 2603 2328 2648; x_wconf 91' lang='lat' dir='ltr'><strong>aut</strong></span> <span class='ocrx_word' id='word_1_409' title='bbox 2357 2603 2502 2648; x_wconf 83' lang='lat' dir='ltr'><strong>certe</strong></span> <span class='ocrx_word' id='word_1_410' title='bbox 2556 2593 2803 2648; x_wconf 72' lang='lat' dir='ltr'><strong>dmmonii</strong></span> <span class='ocrx_word' id='word_1_411' title='bbox 2858 2594 3136 2648; x_wconf 85' lang='lat' dir='ltr'><strong>meridiani</strong></span> <span class='ocrx_word' id='word_1_412' title='bbox 3196 2592 3291 2662; x_wconf 80' lang='grc' dir='ltr'><strong>(γ.</strong></span> <span class='ocrx_word' id='word_1_413' title='bbox 3319 2593 3407 2647; x_wconf 81' lang='lat' dir='ltr'><strong>tib.</strong></span> <span class='ocrx_word' id='word_1_414' title='bbox 3431 2608 3480 2647; x_wconf 87' lang='lat' dir='ltr'><strong>tv</strong></span> <span class='ocrx_word' id='word_1_415' title='bbox 3506 2591 3570 2645; x_wconf 78' lang='lat' dir='ltr'><strong>de</strong></span> <span class='ocrx_word' id='word_1_416' title='bbox 3593 2590 3717 2646; x_wconf 75' lang='lat' dir='ltr'><strong>uir.</strong></span> <span class='ocrx_word' id='word_1_417' title='bbox 3740 2591 3818 2645; x_wconf 90' lang='lat' dir='ltr'><strong>S.</strong></span> 
     </span>
    </p>
   </div>
   <div class='ocr_carea' id='block_1_57' title="bbox 2247 2684 3820 2756">
    <p class='ocr_par' dir='ltr' id='par_1_57' title="bbox 2247 2684 3820 2756">
     <span class='ocr_line' id='line_1_57' title="bbox 2247 2684 3820 2756; baseline -0.002 -17"><span class='ocrx_word' id='word_1_418' title='bbox 2247 2685 2482 2748; x_wconf 81' lang='lat' dir='ltr'><strong>Martini,</strong></span> <span class='ocrx_word' id='word_1_419' title='bbox 2534 2702 2648 2752; x_wconf 86' lang='lat' dir='ltr'><strong>cap.</strong></span> <span class='ocrx_word' id='word_1_420' title='bbox 2680 2684 2771 2756; x_wconf 77' lang='lat'><strong>36)</strong></span> <span class='ocrx_word' id='word_1_421' title='bbox 2804 2685 2918 2739; x_wconf 85' lang='lat' dir='ltr'><strong>haec</strong></span> <span class='ocrx_word' id='word_1_422' title='bbox 2958 2685 3210 2739; x_wconf 88' lang='lat' dir='ltr'><strong>instinctu</strong></span> <span class='ocrx_word' id='word_1_423' title='bbox 3254 2684 3552 2754; x_wconf 85' lang='lat' dir='ltr'><strong>proferret,</strong></span> <span class='ocrx_word' id='word_1_424' title='bbox 3584 2697 3820 2752; x_wconf 86' lang='lat' dir='ltr'><strong>respon-</strong></span> 
     </span>
    </p>
   </div>
   <div class='ocr_carea' id='block_1_58' title="bbox 2237 2775 3818 2847">
    <p class='ocr_par' dir='ltr' id='par_1_58' title="bbox 2237 2775 3818 2847">
     <span class='ocr_line' id='line_1_58' title="bbox 2237 2775 3818 2847; baseline -0.003 -15"><span class='ocrx_word' id='word_1_425' title='bbox 2237 2778 2313 2832; x_wconf 92' lang='lat' dir='ltr'><strong>dit</strong></span> <span class='ocrx_word' id='word_1_426' title='bbox 2346 2795 2360 2833; x_wconf 90' lang='lat'><strong>:</strong></span> <span class='ocrx_word' id='word_1_427' title='bbox 2393 2778 2733 2847; x_wconf 86' lang='lat' dir='ltr'><strong>Nequaquam</strong></span> <span class='ocrx_word' id='word_1_428' title='bbox 2772 2786 2855 2832; x_wconf 89' lang='lat' dir='ltr'><strong>est</strong></span> <span class='ocrx_word' id='word_1_429' title='bbox 2902 2777 2971 2831; x_wconf 91' lang='lat' dir='ltr'><strong>ita</strong></span> <span class='ocrx_word' id='word_1_430' title='bbox 3004 2785 3060 2831; x_wconf 91' lang='lat' dir='ltr'><strong>ut</strong></span> <span class='ocrx_word' id='word_1_431' title='bbox 3087 2776 3287 2831; x_wconf 90' lang='lat' dir='ltr'><strong>dicitis.</strong></span> <span class='ocrx_word' id='word_1_432' title='bbox 3328 2777 3457 2829; x_wconf 77' lang='lat' dir='ltr'><strong>Nam</strong></span> <span class='ocrx_word' id='word_1_433' title='bbox 3504 2775 3556 2829; x_wconf 92' lang='lat' dir='ltr'><strong>in</strong></span> <span class='ocrx_word' id='word_1_434' title='bbox 3586 2777 3818 2827; x_wconf 86' lang='lat' dir='ltr'><strong>veritate</strong></span> 
     </span>
    </p>
   </div>
   <div class='ocr_carea' id='block_1_59' title="bbox 2237 2865 3819 2941">
    <p class='ocr_par' dir='ltr' id='par_1_59' title="bbox 2237 2865 3819 2941">
     <span class='ocr_line' id='line_1_59' title="bbox 2237 2865 3819 2941; baseline -0.007 -14"><span class='ocrx_word' id='word_1_435' title='bbox 2237 2873 2445 2941; x_wconf 89' lang='lat' dir='ltr'><strong>loquor,</strong></span> <span class='ocrx_word' id='word_1_436' title='bbox 2473 2872 2593 2940; x_wconf 85' lang='lat' dir='ltr'><strong>quia</strong></span> <span class='ocrx_word' id='word_1_437' title='bbox 2619 2870 2724 2923; x_wconf 92' lang='lat' dir='ltr'><strong>vidi</strong></span> <span class='ocrx_word' id='word_1_438' title='bbox 2758 2885 2854 2940; x_wconf 90' lang='lat' dir='ltr'><strong>per</strong></span> <span class='ocrx_word' id='word_1_439' title='bbox 2882 2870 3145 2925; x_wconf 88' lang='lat' dir='ltr'><strong>somnium</strong></span> <span class='ocrx_word' id='word_1_440' title='bbox 3173 2883 3201 2921; x_wconf 91' lang='lat' dir='ltr'><strong>a</strong></span> <span class='ocrx_word' id='word_1_441' title='bbox 3229 2867 3444 2920; x_wconf 73' lang='lat' dir='ltr'><strong>basilica</strong></span> <span class='ocrx_word' id='word_1_442' title='bbox 3473 2867 3647 2920; x_wconf 83' lang='lat' dir='ltr'><strong>sancti</strong></span> <span class='ocrx_word' id='word_1_443' title='bbox 3680 2865 3819 2916; x_wconf 76' lang='lat' dir='ltr'><strong>Vin-</strong></span> 
     </span>
    </p>
   </div>
   <div class='ocr_carea' id='block_1_60' title="bbox 2232 2948 3815 3024">
    <p class='ocr_par' dir='ltr' id='par_1_60' title="bbox 2232 2948 3815 3024">
     <span class='ocr_line' id='line_1_60' title="bbox 2232 2948 3815 3024; baseline -0.004 -6"><span class='ocrx_word' id='word_1_444' title='bbox 2232 2948 2399 3018; x_wconf 85' lang='lat' dir='ltr'><strong>centii</strong></span> <span class='ocrx_word' id='word_1_445' title='bbox 2422 2962 2719 3017; x_wconf 89' lang='lat' dir='ltr'><strong>venientem</strong></span> <span class='ocrx_word' id='word_1_446' title='bbox 2751 2962 2921 3015; x_wconf 87' lang='lat' dir='ltr'><strong>virum</strong></span> <span class='ocrx_word' id='word_1_447' title='bbox 2947 2961 3323 3024; x_wconf 87' lang='lat' dir='ltr'><strong>illuminatum,</strong></span> <span class='ocrx_word' id='word_1_448' title='bbox 3350 2968 3621 3014; x_wconf 88' lang='lat' dir='ltr'><strong>tenentem</strong></span> <span class='ocrx_word' id='word_1_449' title='bbox 3651 2974 3815 3013; x_wconf 83' lang='lat' dir='ltr'><strong>manu</strong></span> 
     </span>
    </p>
   </div>
   <div class='ocr_carea' id='block_1_61' title="bbox 2240 3052 3815 3121">
    <p class='ocr_par' dir='ltr' id='par_1_61' title="bbox 2240 3052 3815 3121">
     <span class='ocr_line' id='line_1_61' title="bbox 2240 3052 3815 3121; baseline -0.001 -15"><span class='ocrx_word' id='word_1_450' title='bbox 2240 3067 2477 3115; x_wconf 89' lang='lat' dir='ltr'><strong>cereum,</strong></span> <span class='ocrx_word' id='word_1_451' title='bbox 2502 3062 2555 3107; x_wconf 91' lang='lat' dir='ltr'><strong>et</strong></span> <span class='ocrx_word' id='word_1_452' title='bbox 2585 3052 2773 3108; x_wconf 91' lang='lat' dir='ltr'><strong>domos</strong></span> <span class='ocrx_word' id='word_1_453' title='bbox 2803 3055 3161 3121; x_wconf 87' lang='lat' dir='ltr'><strong>negotiantum</strong></span> <span class='ocrx_word' id='word_1_454' title='bbox 3183 3067 3247 3107; x_wconf 82' lang='lat' dir='ltr'><strong>ex</strong></span> <span class='ocrx_word' id='word_1_455' title='bbox 3269 3052 3455 3105; x_wconf 86' lang='lat' dir='ltr'><strong>ordine</strong></span> <span class='ocrx_word' id='word_1_456' title='bbox 3479 3052 3815 3107; x_wconf 70' lang='lat' dir='ltr'><strong>succenden-</strong></span> 
     </span>
    </p>
   </div>
   <div class='ocr_carea' id='block_1_62' title="bbox 557 3127 3815 3212">
    <p class='ocr_par' dir='ltr' id='par_1_62' title="bbox 557 3127 3815 3212">
     <span class='ocr_line' id='line_1_62' title="bbox 557 3127 3815 3212; baseline 0.002 -27"><span class='ocrx_word' id='word_1_457' title='bbox 557 3136 739 3189; x_wconf 73' lang='lat' dir='ltr'><strong>vulum</strong></span> <span class='ocrx_word' id='word_1_458' title='bbox 772 3136 1094 3201; x_wconf 87' lang='lat' dir='ltr'><strong>nutriebant,</strong></span> <span class='ocrx_word' id='word_1_459' title='bbox 1127 3138 1497 3206; x_wconf 84' lang='lat' dir='ltr'><strong>perquirerent</strong></span> <span class='ocrx_word' id='word_1_460' title='bbox 1526 3138 1682 3208; x_wconf 83' lang='lat' dir='ltr'><strong>hujus</strong></span> <span class='ocrx_word' id='word_1_461' title='bbox 1706 3137 1924 3193; x_wconf 88' lang='lat' dir='ltr'><strong>sceleris</strong></span> <span class='ocrx_word' id='word_1_462' title='bbox 1950 3153 2137 3205; x_wconf 86' lang='lat' dir='ltr'><strong>perso—</strong></span> <span class='ocrx_word' id='word_1_463' title='bbox 2166 3127 2211 3189; x_wconf 86' lang='lat' dir='ltr'><strong>C</strong></span> <span class='ocrx_word' id='word_1_464' title='bbox 2243 3152 2372 3199; x_wconf 65' lang='lat' dir='ltr'><strong>gem.</strong></span> <span class='ocrx_word' id='word_1_465' title='bbox 2407 3143 2642 3212; x_wconf 81' lang='lat' dir='ltr'><strong>Denique</strong></span> <span class='ocrx_word' id='word_1_466' title='bbox 2665 3154 2781 3210; x_wconf 86' lang='lat' dir='ltr'><strong>post</strong></span> <span class='ocrx_word' id='word_1_467' title='bbox 2807 3147 3014 3198; x_wconf 78' lang='lat' dir='ltr'><strong>tertiam</strong></span> <span class='ocrx_word' id='word_1_468' title='bbox 3047 3151 3255 3198; x_wconf 83' lang='lat' dir='ltr'><strong>noctem</strong></span> <span class='ocrx_word' id='word_1_469' title='bbox 3288 3142 3429 3211; x_wconf 91' lang='lat' dir='ltr'><strong>quod</strong></span> <span class='ocrx_word' id='word_1_470' title='bbox 3463 3142 3579 3196; x_wconf 62' lang='lat' dir='ltr'><strong>hmo</strong></span> <span class='ocrx_word' id='word_1_471' title='bbox 3624 3145 3815 3197; x_wconf 82' lang='lat' dir='ltr'><strong>mulier</strong></span> 
     </span>
    </p>
   </div>
   <div class='ocr_carea' id='block_1_63' title="bbox 558 3226 2133 3295">
    <p class='ocr_par' dir='ltr' id='par_1_63' title="bbox 558 3226 2133 3295">
     <span class='ocr_line' id='line_1_63' title="bbox 558 3226 2133 3295; baseline 0.002 -15"><span class='ocrx_word' id='word_1_472' title='bbox 558 3240 704 3288; x_wconf 88' lang='lat' dir='ltr'><strong>nam,</strong></span> <span class='ocrx_word' id='word_1_473' title='bbox 749 3235 805 3280; x_wconf 88' lang='lat' dir='ltr'><strong>et</strong></span> <span class='ocrx_word' id='word_1_474' title='bbox 851 3226 902 3280; x_wconf 91' lang='lat' dir='ltr'><strong>in</strong></span> <span class='ocrx_word' id='word_1_475' title='bbox 939 3234 1231 3294; x_wconf 83' lang='lat' dir='ltr'><strong>conspectu</strong></span> <span class='ocrx_word' id='word_1_476' title='bbox 1269 3226 1387 3295; x_wconf 84' lang='lat' dir='ltr'><strong>ejus</strong></span> <span class='ocrx_word' id='word_1_477' title='bbox 1421 3227 1758 3283; x_wconf 81' lang='lat' dir='ltr'><strong>exhiberent.</strong></span> <span class='ocrx_word' id='word_1_478' title='bbox 1809 3228 1964 3295; x_wconf 86' lang='lat' dir='ltr'><strong>Quod</strong></span> <span class='ocrx_word' id='word_1_479' title='bbox 2012 3243 2133 3283; x_wconf 91' lang='lat' dir='ltr'><strong>cum</strong></span> 
     </span>
    </p>
   </div>
   <div class='ocr_carea' id='block_1_64' title="bbox 560 3317 2134 3388">
    <p class='ocr_par' dir='ltr' id='par_1_64' title="bbox 560 3317 2134 3388">
     <span class='ocr_line' id='line_1_64' title="bbox 560 3317 2134 3388; baseline 0.001 -15"><span class='ocrx_word' id='word_1_480' title='bbox 560 3319 870 3374; x_wconf 79' lang='lat' dir='ltr'><strong>sacerdotes</strong></span> <span class='ocrx_word' id='word_1_481' title='bbox 912 3318 1072 3371; x_wconf 89' lang='lat' dir='ltr'><strong>locuti</strong></span> <span class='ocrx_word' id='word_1_482' title='bbox 1116 3317 1370 3379; x_wconf 86' lang='lat' dir='ltr'><strong>fuissent,</strong></span> <span class='ocrx_word' id='word_1_483' title='bbox 1420 3319 1812 3388; x_wconf 76' lang='lat' dir='ltr'><strong>teSponderunt</strong></span> <span class='ocrx_word' id='word_1_484' title='bbox 1862 3321 2134 3375; x_wconf 90' lang='lat' dir='ltr'><strong>seniores:</strong></span> 
     </span>
    </p>
   </div>
   <div class='ocr_carea' id='block_1_65' title="bbox 563 3408 2141 3482">
    <p class='ocr_par' dir='ltr' id='par_1_65' title="bbox 563 3408 2141 3482">
     <span class='ocr_line' id='line_1_65' title="bbox 563 3408 2141 3482; baseline 0.003 -21"><span class='ocrx_word' id='word_1_485' title='bbox 563 3408 724 3480; x_wconf 56' lang='lat'><strong>[‘05</strong></span> <span class='ocrx_word' id='word_1_486' title='bbox 754 3408 916 3462; x_wconf 79' lang='lat' dir='ltr'><strong>Nobis</strong></span> <span class='ocrx_word' id='word_1_487' title='bbox 960 3423 1178 3474; x_wconf 70' lang='lat' dir='ltr'><strong>Irorsus</strong></span> <span class='ocrx_word' id='word_1_488' title='bbox 1209 3408 1322 3463; x_wconf 71' lang='lat' dir='ltr'><strong>haec</strong></span> <span class='ocrx_word' id='word_1_489' title='bbox 1362 3408 1498 3464; x_wconf 86' lang='lat' dir='ltr'><strong>facta</strong></span> <span class='ocrx_word' id='word_1_490' title='bbox 1543 3412 1850 3479; x_wconf 90' lang='lat' dir='ltr'><strong>displicent,</strong></span> <span class='ocrx_word' id='word_1_491' title='bbox 1878 3422 1934 3466; x_wconf 92' lang='lat' dir='ltr'><strong>et</strong></span> <span class='ocrx_word' id='word_1_492' title='bbox 1972 3413 2141 3482; x_wconf 85' lang='lat' dir='ltr'><strong>magis</strong></span> 
     </span>
    </p>
   </div>
   <div class='ocr_carea' id='block_1_66' title="bbox 563 3498 2137 3573">
    <p class='ocr_par' dir='ltr' id='par_1_66' title="bbox 563 3498 2137 3573">
     <span class='ocr_line' id='line_1_66' title="bbox 563 3498 2137 3573; baseline 0.003 -20"><span class='ocrx_word' id='word_1_493' title='bbox 563 3515 628 3555; x_wconf 88' lang='lat' dir='ltr'><strong>ac</strong></span> <span class='ocrx_word' id='word_1_494' title='bbox 662 3499 829 3568; x_wconf 86' lang='lat' dir='ltr'><strong>magis</strong></span> <span class='ocrx_word' id='word_1_495' title='bbox 866 3513 928 3553; x_wconf 88' lang='lat' dir='ltr'><strong>ea</strong></span> <span class='ocrx_word' id='word_1_496' title='bbox 964 3498 1204 3568; x_wconf 89' lang='lat' dir='ltr'><strong>cupimus</strong></span> <span class='ocrx_word' id='word_1_497' title='bbox 1244 3500 1446 3555; x_wconf 90' lang='lat' dir='ltr'><strong>ulcisci.</strong></span> <span class='ocrx_word' id='word_1_498' title='bbox 1486 3500 1618 3556; x_wconf 80' lang='lat' dir='ltr'><strong>Nam</strong></span> <span class='ocrx_word' id='word_1_499' title='bbox 1657 3517 1763 3557; x_wconf 93' lang='lat' dir='ltr'><strong>non</strong></span> <span class='ocrx_word' id='word_1_500' title='bbox 1796 3513 1969 3573; x_wconf 88' lang='lat' dir='ltr'><strong>potest</strong></span> <span class='ocrx_word' id='word_1_501' title='bbox 2001 3503 2137 3572; x_wconf 85' lang='lat' dir='ltr'><strong>fieri,</strong></span> 
     </span>
    </p>
   </div>
   <div class='ocr_carea' id='block_1_67' title="bbox 567 3591 2143 3666">
    <p class='ocr_par' dir='ltr' id='par_1_67' title="bbox 567 3591 2143 3666">
     <span class='ocr_line' id='line_1_67' title="bbox 567 3591 2143 3666; baseline 0.004 -21"><span class='ocrx_word' id='word_1_502' title='bbox 567 3603 625 3645; x_wconf 87' lang='lat' dir='ltr'><strong>ut</strong></span> <span class='ocrx_word' id='word_1_503' title='bbox 653 3591 698 3646; x_wconf 88' lang='lat' dir='ltr'><strong>si</strong></span> <span class='ocrx_word' id='word_1_504' title='bbox 729 3591 849 3661; x_wconf 88' lang='lat' dir='ltr'><strong>quis</strong></span> <span class='ocrx_word' id='word_1_505' title='bbox 876 3591 1015 3646; x_wconf 85' lang='lat' dir='ltr'><strong>inter</strong></span> <span class='ocrx_word' id='word_1_506' title='bbox 1040 3605 1138 3647; x_wconf 90' lang='lat' dir='ltr'><strong>nos</strong></span> <span class='ocrx_word' id='word_1_507' title='bbox 1174 3592 1453 3661; x_wconf 86' lang='lat' dir='ltr'><strong>culpabilis</strong></span> <span class='ocrx_word' id='word_1_508' title='bbox 1492 3594 1777 3659; x_wconf 89' lang='lat' dir='ltr'><strong>invenitur,</strong></span> <span class='ocrx_word' id='word_1_509' title='bbox 1803 3594 1856 3649; x_wconf 93' lang='lat' dir='ltr'><strong>in</strong></span> <span class='ocrx_word' id='word_1_510' title='bbox 1885 3610 2143 3666; x_wconf 86' lang='lat' dir='ltr'><strong>conspec-</strong></span> 
     </span>
    </p>
   </div>
   <div class='ocr_carea' id='block_1_68' title="bbox 567 3683 2142 3755">
    <p class='ocr_par' dir='ltr' id='par_1_68' title="bbox 567 3683 2142 3755">
     <span class='ocr_line' id='line_1_68' title="bbox 567 3683 2142 3755; baseline 0.003 -17"><span class='ocrx_word' id='word_1_511' title='bbox 567 3695 679 3738; x_wconf 85' lang='lat' dir='ltr'><strong>tum</strong></span> <span class='ocrx_word' id='word_1_512' title='bbox 726 3684 870 3754; x_wconf 84' lang='lat' dir='ltr'><strong>regis</strong></span> <span class='ocrx_word' id='word_1_513' title='bbox 908 3685 1069 3738; x_wconf 80' lang='lat' dir='ltr'><strong>vestri</strong></span> <span class='ocrx_word' id='word_1_514' title='bbox 1113 3683 1425 3748; x_wconf 85' lang='lat' dir='ltr'><strong>deducatur,</strong></span> <span class='ocrx_word' id='word_1_515' title='bbox 1446 3700 1566 3740; x_wconf 85' lang='lat' dir='ltr'><strong>cum</strong></span> <span class='ocrx_word' id='word_1_516' title='bbox 1614 3702 1711 3741; x_wconf 86' lang='lat' dir='ltr'><strong>nos</strong></span> <span class='ocrx_word' id='word_1_517' title='bbox 1750 3687 2013 3755; x_wconf 87' lang='lat' dir='ltr'><strong>possimus</strong></span> <span class='ocrx_word' id='word_1_518' title='bbox 2046 3703 2142 3743; x_wconf 87' lang='lat' dir='ltr'><strong>no-</strong></span> 
     </span>
    </p>
   </div>
   <div class='ocr_carea' id='block_1_69' title="bbox 570 3776 2142 3850">
    <p class='ocr_par' dir='ltr' id='par_1_69' title="bbox 570 3776 2142 3850">
     <span class='ocr_line' id='line_1_69' title="bbox 570 3776 2142 3850; baseline 0.003 -19"><span class='ocrx_word' id='word_1_519' title='bbox 570 3788 800 3832; x_wconf 81' lang='lat' dir='ltr'><strong>strorum</strong></span> <span class='ocrx_word' id='word_1_520' title='bbox 818 3776 1052 3830; x_wconf 90' lang='lat' dir='ltr'><strong>facinora</strong></span> <span class='ocrx_word' id='word_1_521' title='bbox 1069 3777 1231 3844; x_wconf 80' lang='lat' dir='ltr'><strong>regali</strong></span> <span class='ocrx_word' id='word_1_522' title='bbox 1246 3781 1521 3835; x_wconf 85' lang='lat' dir='ltr'><strong>sanctione</strong></span> <span class='ocrx_word' id='word_1_523' title='bbox 1537 3782 1890 3850; x_wconf 89' lang='lat' dir='ltr'><strong>comprimere</strong></span> <span class='ocrx_word' id='word_1_524' title='bbox 1917 3779 1966 3835; x_wconf 69' lang='grc' dir='ltr'><strong>ά.</strong></span> <span class='ocrx_word' id='word_1_525' title='bbox 1990 3782 2142 3836; x_wconf 82' lang='lat' dir='ltr'><strong>Tunc</strong></span> 
     </span>
    </p>
   </div>
   <div class='ocr_carea' id='block_1_70' title="bbox 567 3870 2143 3943">
    <p class='ocr_par' dir='ltr' id='par_1_70' title="bbox 567 3870 2143 3943">
     <span class='ocr_line' id='line_1_70' title="bbox 567 3870 2143 3943; baseline 0.003 -20"><span class='ocrx_word' id='word_1_526' title='bbox 567 3873 878 3924; x_wconf 84' lang='lat' dir='ltr'><strong>sacerdotes</strong></span> <span class='ocrx_word' id='word_1_527' title='bbox 900 3870 1148 3923; x_wconf 85' lang='lat' dir='ltr'><strong>dixerunt</strong></span> <span class='ocrx_word' id='word_1_528' title='bbox 1172 3886 1185 3923; x_wconf 89' lang='lat'><strong>:</strong></span> <span class='ocrx_word' id='word_1_529' title='bbox 1211 3870 1471 3925; x_wconf 82' lang='lat' dir='ltr'><strong>Noveritis</strong></span> <span class='ocrx_word' id='word_1_530' title='bbox 1501 3872 1662 3940; x_wconf 91' lang='lat' dir='ltr'><strong>enim,</strong></span> <span class='ocrx_word' id='word_1_531' title='bbox 1690 3874 1814 3943; x_wconf 85' lang='lat' dir='ltr'><strong>quia</strong></span> <span class='ocrx_word' id='word_1_532' title='bbox 1842 3874 1889 3927; x_wconf 88' lang='lat' dir='ltr'><strong>si</strong></span> <span class='ocrx_word' id='word_1_533' title='bbox 1917 3886 2143 3942; x_wconf 87' lang='lat' dir='ltr'><strong>persona</strong></span> 
     </span>
    </p>
   </div>
   <div class='ocr_carea' id='block_1_71' title="bbox 566 3964 2139 4034">
    <p class='ocr_par' dir='ltr' id='par_1_71' title="bbox 566 3964 2139 4034">
     <span class='ocr_line' id='line_1_71' title="bbox 566 3964 2139 4034; baseline 0.003 -19"><span class='ocrx_word' id='word_1_534' title='bbox 566 3979 688 4032; x_wconf 67' lang='lat' dir='ltr'><strong>quae</strong></span> <span class='ocrx_word' id='word_1_535' title='bbox 728 3964 843 4016; x_wconf 73' lang='lat' dir='ltr'><strong>btec</strong></span> <span class='ocrx_word' id='word_1_536' title='bbox 879 3964 1228 4031; x_wconf 78' lang='lat' dir='ltr'><strong>perpetravit,</strong></span> <span class='ocrx_word' id='word_1_537' title='bbox 1276 3964 1327 4017; x_wconf 90' lang='lat' dir='ltr'><strong>in</strong></span> <span class='ocrx_word' id='word_1_538' title='bbox 1372 3964 1547 4017; x_wconf 90' lang='lat' dir='ltr'><strong>medio</strong></span> <span class='ocrx_word' id='word_1_539' title='bbox 1586 3967 1753 4034; x_wconf 90' lang='lat' dir='ltr'><strong>posita</strong></span> <span class='ocrx_word' id='word_1_540' title='bbox 1801 3982 1907 4020; x_wconf 88' lang='lat' dir='ltr'><strong>non</strong></span> <span class='ocrx_word' id='word_1_541' title='bbox 1949 3966 2139 4032; x_wconf 83' lang='lat' dir='ltr'><strong>fuerit,</strong></span> 
     </span>
    </p>
   </div>
   <div class='ocr_carea' id='block_1_72' title="bbox 570 4055 2145 4125">
    <p class='ocr_par' dir='ltr' id='par_1_72' title="bbox 570 4055 2145 4125">
     <span class='ocr_line' id='line_1_72' title="bbox 570 4055 2145 4125; baseline 0.003 -15"><span class='ocrx_word' id='word_1_542' title='bbox 570 4068 668 4110; x_wconf 76' lang='lat' dir='ltr'><strong>rex</strong></span> <span class='ocrx_word' id='word_1_543' title='bbox 693 4064 875 4108; x_wconf 86' lang='lat' dir='ltr'><strong>noster</strong></span> <span class='ocrx_word' id='word_1_544' title='bbox 906 4070 1026 4109; x_wconf 92' lang='lat' dir='ltr'><strong>cum</strong></span> <span class='ocrx_word' id='word_1_545' title='bbox 1074 4055 1313 4109; x_wconf 76' lang='lat' dir='ltr'><strong>exercitu</strong></span> <span class='ocrx_word' id='word_1_546' title='bbox 1355 4056 1455 4110; x_wconf 85' lang='lat' dir='ltr'><strong>huc</strong></span> <span class='ocrx_word' id='word_1_547' title='bbox 1493 4059 1733 4125; x_wconf 88' lang='lat' dir='ltr'><strong>veniens,</strong></span> <span class='ocrx_word' id='word_1_548' title='bbox 1766 4074 1978 4112; x_wconf 89' lang='lat' dir='ltr'><strong>omnem</strong></span> <span class='ocrx_word' id='word_1_549' title='bbox 2009 4063 2145 4114; x_wconf 88' lang='lat' dir='ltr'><strong>hanc</strong></span> 
     </span>
    </p>
   </div>
   <div class='ocr_carea' id='block_1_73' title="bbox 568 4148 2147 4219">
    <p class='ocr_par' dir='ltr' id='par_1_73' title="bbox 568 4148 2147 4219">
     <span class='ocr_line' id='line_1_73' title="bbox 568 4148 2147 4219; baseline 0.001 -16"><span class='ocrx_word' id='word_1_550' title='bbox 568 4148 844 4219; x_wconf 76' lang='lat' dir='ltr'><strong>regionem</strong></span> <span class='ocrx_word' id='word_1_551' title='bbox 888 4149 1066 4219; x_wconf 88' lang='lat' dir='ltr'><strong>gladio</strong></span> <span class='ocrx_word' id='word_1_552' title='bbox 1108 4149 1460 4218; x_wconf 90' lang='lat' dir='ltr'><strong>incendioque</strong></span> <span class='ocrx_word' id='word_1_553' title='bbox 1506 4150 1730 4203; x_wconf 89' lang='lat' dir='ltr'><strong>vastabit</strong></span> <span class='ocrx_word' id='word_1_554' title='bbox 1762 4166 1776 4203; x_wconf 91' lang='lat'><strong>:</strong></span> <span class='ocrx_word' id='word_1_555' title='bbox 1808 4150 1931 4218; x_wconf 85' lang='lat' dir='ltr'><strong>quia</strong></span> <span class='ocrx_word' id='word_1_556' title='bbox 1977 4151 2147 4204; x_wconf 84' lang='lat' dir='ltr'><strong>mani-</strong></span> 
     </span>
    </p>
   </div>
   <div class='ocr_carea' id='block_1_74' title="bbox 568 4243 2145 4313">
    <p class='ocr_par' dir='ltr' id='par_1_74' title="bbox 568 4243 2145 4313">
     <span class='ocr_line' id='line_1_74' title="bbox 568 4243 2145 4313; baseline 0 -15"><span class='ocrx_word' id='word_1_557' title='bbox 568 4246 763 4300; x_wconf 84' lang='lat' dir='ltr'><strong>festum</strong></span> <span class='ocrx_word' id='word_1_558' title='bbox 798 4256 882 4300; x_wconf 88' lang='lat' dir='ltr'><strong>est</strong></span> <span class='ocrx_word' id='word_1_559' title='bbox 909 4243 1046 4300; x_wconf 89' lang='lat' dir='ltr'><strong>hanc</strong></span> <span class='ocrx_word' id='word_1_560' title='bbox 1080 4243 1414 4299; x_wconf 82' lang='lat' dir='ltr'><strong>interfecisse</strong></span> <span class='ocrx_word' id='word_1_561' title='bbox 1447 4243 1626 4313; x_wconf 89' lang='lat' dir='ltr'><strong>gladio</strong></span> <span class='ocrx_word' id='word_1_562' title='bbox 1653 4244 1996 4313; x_wconf 85' lang='lat' dir='ltr'><strong>episcopum,</strong></span> <span class='ocrx_word' id='word_1_563' title='bbox 2026 4259 2145 4313; x_wconf 66' lang='lat' dir='ltr'><strong>quae</strong></span> 
     </span>
    </p>
   </div>
   <div class='ocr_carea' id='block_1_75' title="bbox 643 4399 2146 4469">
    <p class='ocr_par' dir='ltr' id='par_1_75' title="bbox 643 4399 2146 4469">
     <span class='ocr_line' id='line_1_75' title="bbox 643 4399 2146 4469; baseline -0.002 -11"><span class='ocrx_word' id='word_1_564' title='bbox 643 4410 667 4438; x_wconf 77' lang='grc'><em>⁸</em></span> <span class='ocrx_word' id='word_1_565' title='bbox 695 4401 783 4458; x_wconf 85' lang='lat' dir='ltr'><strong>Sic</strong></span> <span class='ocrx_word' id='word_1_566' title='bbox 850 4402 1087 4456; x_wconf 84' lang='lat' dir='ltr'><strong>Francos</strong></span> <span class='ocrx_word' id='word_1_567' title='bbox 1134 4401 1329 4469; x_wconf 81' lang='lat' dir='ltr'><strong>passim</strong></span> <span class='ocrx_word' id='word_1_568' title='bbox 1374 4399 1607 4468; x_wconf 80' lang='lat' dir='ltr'><strong>appellat</strong></span> <span class='ocrx_word' id='word_1_569' title='bbox 1653 4399 1959 4468; x_wconf 78' lang='lat' dir='ltr'><strong>Gregorius.</strong></span> <span class='ocrx_word' id='word_1_570' title='bbox 2011 4400 2146 4455; x_wconf 83' lang='lat' dir='ltr'><strong>Vino</strong></span> 
     </span>
    </p>
   </div>
   <div class='ocr_carea' id='block_1_76' title="bbox 569 4470 2228 4560">
    <p class='ocr_par' dir='ltr' id='par_1_76' title="bbox 569 4470 2228 4560">
     <span class='ocr_line' id='line_1_76' title="bbox 569 4470 2228 4560; baseline -0.001 -36"><span class='ocrx_word' id='word_1_571' title='bbox 569 4481 747 4554; x_wconf 82' lang='lat' dir='ltr'><strong>autem</strong></span> <span class='ocrx_word' id='word_1_572' title='bbox 794 4472 1166 4560; x_wconf 65' lang='lat' dir='ltr'><strong>absynthiaco,</strong></span> <span class='ocrx_word' id='word_1_573' title='bbox 1213 4471 1556 4560; x_wconf 41' lang='lat' dir='ltr'><strong>nonnbarb-ari</strong></span> <span class='ocrx_word' id='word_1_574' title='bbox 1604 4470 2146 4560; x_wconf 52' lang='lat' dir='ltr'><strong>Stiiluiil,l_sed.eln“0-</strong></span> <span class='ocrx_word' id='word_1_575' title='bbox 2174 4500 2228 4560; x_wconf 70' lang='grc' dir='ltr'><strong><em>Β</em></strong></span> 
     </span>
    </p>
   </div>
   <div class='ocr_carea' id='block_1_77' title="bbox 568 4541 2145 4609">
    <p class='ocr_par' dir='ltr' id='par_1_77' title="bbox 568 4541 2145 4609">
     <span class='ocr_line' id='line_1_77' title="bbox 568 4541 2145 4609; baseline 0 -14"><span class='ocrx_word' id='word_1_576' title='bbox 568 4545 711 4595; x_wconf 79' lang='lat' dir='ltr'><strong>Inani</strong></span> <span class='ocrx_word' id='word_1_577' title='bbox 743 4541 1025 4600; x_wconf 86' lang='lat' dir='ltr'><strong>utebantur</strong></span> <span class='ocrx_word' id='word_1_578' title='bbox 1050 4542 1100 4595; x_wconf 92' lang='lat' dir='ltr'><strong>in</strong></span> <span class='ocrx_word' id='word_1_579' title='bbox 1125 4543 1406 4605; x_wconf 86' lang='lat' dir='ltr'><strong>conviviis,</strong></span> <span class='ocrx_word' id='word_1_580' title='bbox 1440 4550 1497 4595; x_wconf 90' lang='lat' dir='ltr'><strong>nt</strong></span> <span class='ocrx_word' id='word_1_581' title='bbox 1523 4557 1588 4595; x_wconf 80' lang='lat' dir='ltr'><strong>ex</strong></span> <span class='ocrx_word' id='word_1_582' title='bbox 1612 4542 1907 4609; x_wconf 85' lang='lat' dir='ltr'><strong>Capitolino</strong></span> <span class='ocrx_word' id='word_1_583' title='bbox 1938 4542 1987 4595; x_wconf 92' lang='lat' dir='ltr'><strong>in</strong></span> <span class='ocrx_word' id='word_1_584' title='bbox 2013 4541 2145 4595; x_wconf 88' lang='lat' dir='ltr'><strong>Gor-</strong></span> 
     </span>
    </p>
   </div>
   <div class='ocr_carea' id='block_1_78' title="bbox 570 4611 2148 4685">
    <p class='ocr_par' dir='ltr' id='par_1_78' title="bbox 570 4611 2148 4685">
     <span class='ocr_line' id='line_1_78' title="bbox 570 4611 2148 4685; baseline -0.003 -16"><span class='ocrx_word' id='word_1_585' title='bbox 570 4612 757 4685; x_wconf 79' lang='lat' dir='ltr'><strong>diano,</strong></span> <span class='ocrx_word' id='word_1_586' title='bbox 786 4626 840 4669; x_wconf 91' lang='lat' dir='ltr'><strong>et</strong></span> <span class='ocrx_word' id='word_1_587' title='bbox 867 4613 1168 4685; x_wconf 85' lang='lat' dir='ltr'><strong>Lampridio</strong></span> <span class='ocrx_word' id='word_1_588' title='bbox 1198 4612 1249 4667; x_wconf 92' lang='lat' dir='ltr'><strong>in</strong></span> <span class='ocrx_word' id='word_1_589' title='bbox 1275 4612 1659 4679; x_wconf 71' lang='lat' dir='ltr'><strong>llieliogalialo,</strong></span> <span class='ocrx_word' id='word_1_590' title='bbox 1690 4613 1748 4669; x_wconf 88' lang='lat' dir='ltr'><strong>S.</strong></span> <span class='ocrx_word' id='word_1_591' title='bbox 1774 4611 2148 4685; x_wconf 81' lang='lat' dir='ltr'><strong>Ambrosioli-</strong></span> 
     </span>
    </p>
   </div>
   <div class='ocr_carea' id='block_1_79' title="bbox 571 4683 2149 4750">
    <p class='ocr_par' dir='ltr' id='par_1_79' title="bbox 571 4683 2149 4750">
     <span class='ocr_line' id='line_1_79' title="bbox 571 4683 2149 4750; baseline 0.001 -13"><span class='ocrx_word' id='word_1_592' title='bbox 571 4684 674 4739; x_wconf 84' lang='lat' dir='ltr'><strong>bro</strong></span> <span class='ocrx_word' id='word_1_593' title='bbox 694 4683 761 4737; x_wconf 90' lang='lat' dir='ltr'><strong>de</strong></span> <span class='ocrx_word' id='word_1_594' title='bbox 782 4685 972 4747; x_wconf 83' lang='lat' dir='ltr'><strong>&#39;l‘nbia,</strong></span> <span class='ocrx_word' id='word_1_595' title='bbox 996 4683 1049 4739; x_wconf 81' lang='lat' dir='ltr'><strong>et</strong></span> <span class='ocrx_word' id='word_1_596' title='bbox 1074 4685 1193 4736; x_wconf 87' lang='lat' dir='ltr'><strong>aliis</strong></span> <span class='ocrx_word' id='word_1_597' title='bbox 1223 4684 1534 4739; x_wconf 74' lang='lat' dir='ltr'><strong>auctoribus</strong></span> <span class='ocrx_word' id='word_1_598' title='bbox 1565 4693 1727 4750; x_wconf 88' lang='lat' dir='ltr'><strong>patet.</strong></span> <span class='ocrx_word' id='word_1_599' title='bbox 1759 4685 1831 4738; x_wconf 85' lang='lat' dir='ltr'><strong>De</strong></span> <span class='ocrx_word' id='word_1_600' title='bbox 1858 4684 1959 4739; x_wconf 88' lang='lat' dir='ltr'><strong>hoc</strong></span> <span class='ocrx_word' id='word_1_601' title='bbox 1987 4683 2149 4738; x_wconf 80' lang='lat' dir='ltr'><strong>etJo—</strong></span> 
     </span>
    </p>
   </div>
   <div class='ocr_carea' id='block_1_80' title="bbox 573 4754 1468 4811">
    <p class='ocr_par' dir='ltr' id='par_1_80' title="bbox 573 4754 1468 4811">
     <span class='ocr_line' id='line_1_80' title="bbox 573 4754 1468 4811; baseline -0.004 0"><span class='ocrx_word' id='word_1_602' title='bbox 573 4768 672 4811; x_wconf 83' lang='lat' dir='ltr'><strong>llas</strong></span> <span class='ocrx_word' id='word_1_603' title='bbox 703 4754 753 4806; x_wconf 88' lang='lat' dir='ltr'><strong>itt</strong></span> <span class='ocrx_word' id='word_1_604' title='bbox 788 4756 908 4809; x_wconf 83' lang='lat' dir='ltr'><strong>Vita</strong></span> <span class='ocrx_word' id='word_1_605' title='bbox 941 4754 1109 4809; x_wconf 71' lang='lat' dir='ltr'><strong>sancti</strong></span> <span class='ocrx_word' id='word_1_606' title='bbox 1136 4755 1468 4807; x_wconf 75' lang='lat' dir='ltr'><strong>Colutnliani.</strong></span> 
     </span>
    </p>
   </div>
   <div class='ocr_carea' id='block_1_81' title="bbox 646 4822 2147 4892">
    <p class='ocr_par' dir='ltr' id='par_1_81' title="bbox 646 4822 2147 4892">
     <span class='ocr_line' id='line_1_81' title="bbox 646 4822 2147 4892; baseline 0.001 -15"><span class='ocrx_word' id='word_1_607' title='bbox 646 4822 743 4879; x_wconf 70' lang='grc' dir='ltr'>διε</span> <span class='ocrx_word' id='word_1_608' title='bbox 783 4836 899 4880; x_wconf 87' lang='lat' dir='ltr'><strong>erat</strong></span> <span class='ocrx_word' id='word_1_609' title='bbox 941 4828 1103 4892; x_wconf 86' lang='lat' dir='ltr'><strong>cpisc.</strong></span> <span class='ocrx_word' id='word_1_610' title='bbox 1159 4824 1529 4891; x_wconf 83' lang='lat' dir='ltr'><strong>Baiocassintts</strong></span> <span class='ocrx_word' id='word_1_611' title='bbox 1569 4840 1636 4880; x_wconf 79' lang='lat' dir='ltr'><strong>ex</strong></span> <span class='ocrx_word' id='word_1_612' title='bbox 1679 4826 1769 4880; x_wconf 89' lang='lat' dir='ltr'><strong>lib.</strong></span> <span class='ocrx_word' id='word_1_613' title='bbox 1805 4840 1879 4887; x_wconf 71' lang='grc' dir='ltr'><strong>ιχ,</strong></span> <span class='ocrx_word' id='word_1_614' title='bbox 1906 4839 2023 4891; x_wconf 88' lang='lat' dir='ltr'><strong>cap.</strong></span> <span class='ocrx_word' id='word_1_615' title='bbox 2058 4825 2147 4891; x_wconf 77' lang='grc'><strong>13,</strong></span> 
     </span>
    </p>
   </div>
   <div class='ocr_carea' id='block_1_82' title="bbox 572 4895 2146 4965">
    <p class='ocr_par' dir='ltr' id='par_1_82' title="bbox 572 4895 2146 4965">
     <span class='ocr_line' id='line_1_82' title="bbox 572 4895 2146 4965; baseline -0.004 -13"><span class='ocrx_word' id='word_1_616' title='bbox 572 4896 727 4965; x_wconf 80' lang='lat' dir='ltr'><strong>cujus</strong></span> <span class='ocrx_word' id='word_1_617' title='bbox 747 4899 903 4951; x_wconf 77' lang='lat' dir='ltr'><strong>sedes</strong></span> <span class='ocrx_word' id='word_1_618' title='bbox 924 4906 1007 4952; x_wconf 89' lang='lat' dir='ltr'><strong>est</strong></span> <span class='ocrx_word' id='word_1_619' title='bbox 1033 4896 1199 4955; x_wconf 88' lang='lat' dir='ltr'><strong>prima</strong></span> <span class='ocrx_word' id='word_1_620' title='bbox 1224 4896 1277 4949; x_wconf 90' lang='lat' dir='ltr'><strong>in</strong></span> <span class='ocrx_word' id='word_1_621' title='bbox 1307 4895 1551 4965; x_wconf 73' lang='lat' dir='ltr'><strong>Lugdun.</strong></span> <span class='ocrx_word' id='word_1_622' title='bbox 1580 4896 1619 4948; x_wconf 88' lang='lat' dir='ltr'><strong>Il</strong></span> <span class='ocrx_word' id='word_1_623' title='bbox 1643 4906 1764 4963; x_wconf 85' lang='lat' dir='ltr'><strong>post</strong></span> <span class='ocrx_word' id='word_1_624' title='bbox 1789 4895 2146 4963; x_wconf 81' lang='lat' dir='ltr'><strong>metropolitn;</strong></span> 
     </span>
    </p>
   </div>
   <div class='ocr_carea' id='block_1_83' title="bbox 573 4963 2149 5037">
    <p class='ocr_par' dir='ltr' id='par_1_83' title="bbox 573 4963 2149 5037">
     <span class='ocr_line' id='line_1_83' title="bbox 573 4963 2149 5037; baseline 0.001 -17"><span class='ocrx_word' id='word_1_625' title='bbox 573 4963 718 5023; x_wconf 87' lang='lat' dir='ltr'><strong>unde</strong></span> <span class='ocrx_word' id='word_1_626' title='bbox 759 4968 988 5024; x_wconf 73' lang='lat' dir='ltr'><strong>viduata:</strong></span> <span class='ocrx_word' id='word_1_627' title='bbox 1018 4963 1470 5037; x_wconf 72' lang='lat' dir='ltr'><strong>Botbomageusis</strong></span> <span class='ocrx_word' id='word_1_628' title='bbox 1502 4967 1754 5021; x_wconf 73' lang='lat' dir='ltr'><strong>Ecclesia:</strong></span> <span class='ocrx_word' id='word_1_629' title='bbox 1801 4982 1982 5029; x_wconf 88' lang='lat' dir='ltr'><strong>curam</strong></span> <span class='ocrx_word' id='word_1_630' title='bbox 2025 4978 2149 5021; x_wconf 91' lang='lat' dir='ltr'><strong>tunc</strong></span> 
     </span>
    </p>
   </div>
   <div class='ocr_carea' id='block_1_84' title="bbox 574 5043 831 5107">
    <p class='ocr_par' dir='ltr' id='par_1_84' title="bbox 574 5043 831 5107">
     <span class='ocr_line' id='line_1_84' title="bbox 574 5043 831 5107; baseline 0.004 -12"><span class='ocrx_word' id='word_1_631' title='bbox 574 5043 831 5107; x_wconf 82' lang='lat' dir='ltr'><strong>suscepit.</strong></span> 
     </span>
    </p>
   </div>
   <div class='ocr_carea' id='block_1_85' title="bbox 649 5107 2149 5173">
    <p class='ocr_par' dir='ltr' id='par_1_85' title="bbox 649 5107 2149 5173">
     <span class='ocr_line' id='line_1_85' title="bbox 649 5107 2149 5173; baseline -0.001 -9"><span class='ocrx_word' id='word_1_632' title='bbox 649 5120 671 5149; x_wconf 73' lang='grc' dir='ltr'><em>ε</em></span> <span class='ocrx_word' id='word_1_633' title='bbox 705 5112 796 5167; x_wconf 80' lang='lat' dir='ltr'><strong>Sic</strong></span> <span class='ocrx_word' id='word_1_634' title='bbox 824 5126 952 5165; x_wconf 88' lang='lat' dir='ltr'><strong>mss.</strong></span> <span class='ocrx_word' id='word_1_635' title='bbox 977 5119 1029 5166; x_wconf 89' lang='lat' dir='ltr'><strong>et</strong></span> <span class='ocrx_word' id='word_1_636' title='bbox 1055 5116 1228 5173; x_wconf 86' lang='lat' dir='ltr'><strong>recte;</strong></span> <span class='ocrx_word' id='word_1_637' title='bbox 1263 5124 1384 5163; x_wconf 88' lang='lat' dir='ltr'><strong>nam</strong></span> <span class='ocrx_word' id='word_1_638' title='bbox 1409 5109 1833 5165; x_wconf 68' lang='lat' dir='ltr'><strong>Cabillonensem</strong></span> <span class='ocrx_word' id='word_1_639' title='bbox 1861 5107 2149 5162; x_wconf 81' lang='lat' dir='ltr'><strong>Ecclesiam</strong></span> 
     </span>
    </p>
   </div>
   <div class='ocr_carea' id='block_1_86' title="bbox 576 5180 2147 5244">
    <p class='ocr_par' dir='ltr' id='par_1_86' title="bbox 576 5180 2147 5244">
     <span class='ocr_line' id='line_1_86' title="bbox 576 5180 2147 5244; baseline 0 -12"><span class='ocrx_word' id='word_1_640' title='bbox 576 5192 702 5236; x_wconf 76' lang='lat' dir='ltr'><strong>tunc</strong></span> <span class='ocrx_word' id='word_1_641' title='bbox 717 5184 947 5243; x_wconf 80' lang='lat' dir='ltr'><strong>Flavius,</strong></span> <span class='ocrx_word' id='word_1_642' title='bbox 961 5181 1421 5237; x_wconf 83' lang='lat' dir='ltr'><strong>Cavellionensem</strong></span> <span class='ocrx_word' id='word_1_643' title='bbox 1441 5196 1588 5244; x_wconf 88' lang='lat' dir='ltr'><strong>vero,</strong></span> <span class='ocrx_word' id='word_1_644' title='bbox 1605 5180 2147 5241; x_wconf 67' lang='lat' dir='ltr'><strong>seuCuvellicensetn,</strong></span> 
     </span>
    </p>
   </div>
   <div class='ocr_carea' id='block_1_87' title="bbox 582 5250 2146 5320">
    <p class='ocr_par' dir='ltr' id='par_1_87' title="bbox 582 5250 2146 5320">
     <span class='ocr_line' id='line_1_87' title="bbox 582 5250 2146 5320; baseline -0.002 -16"><span class='ocrx_word' id='word_1_645' title='bbox 582 5251 861 5315; x_wconf 81' lang='lat' dir='ltr'><strong>Cavaillon,</strong></span> <span class='ocrx_word' id='word_1_646' title='bbox 892 5253 1151 5320; x_wconf 84' lang='lat' dir='ltr'><strong>Veranus,</strong></span> <span class='ocrx_word' id='word_1_647' title='bbox 1182 5254 1460 5314; x_wconf 76' lang='lat' dir='ltr'><strong>regebant.</strong></span> <span class='ocrx_word' id='word_1_648' title='bbox 1488 5254 1724 5311; x_wconf 73' lang='lat' dir='ltr'><strong>Uterque</strong></span> <span class='ocrx_word' id='word_1_649' title='bbox 1754 5254 1919 5306; x_wconf 73' lang='lat' dir='ltr'><strong>Coac.</strong></span> <span class='ocrx_word' id='word_1_650' title='bbox 1947 5250 2146 5303; x_wconf 82' lang='lat' dir='ltr'><strong>Matisc.</strong></span> 
     </span>
    </p>
   </div>
   <div class='ocr_carea' id='block_1_88' title="bbox 579 5322 2152 5393">
    <p class='ocr_par' dir='ltr' id='par_1_88' title="bbox 579 5322 2152 5393">
     <span class='ocr_line' id='line_1_88' title="bbox 579 5322 2152 5393; baseline 0.003 -24"><span class='ocrx_word' id='word_1_651' title='bbox 579 5338 669 5393; x_wconf 63' lang='lat' dir='ltr'><strong>an.</strong></span> <span class='ocrx_word' id='word_1_652' title='bbox 695 5323 799 5377; x_wconf 73' lang='lat'><strong>585</strong></span> <span class='ocrx_word' id='word_1_653' title='bbox 830 5325 1160 5393; x_wconf 81' lang='lat' dir='ltr'><strong>subscripsit.</strong></span> <span class='ocrx_word' id='word_1_654' title='bbox 1205 5324 1340 5377; x_wconf 86' lang='lat' dir='ltr'><strong>Editi</strong></span> <span class='ocrx_word' id='word_1_655' title='bbox 1373 5325 1512 5377; x_wconf 85' lang='lat' dir='ltr'><strong>male</strong></span> <span class='ocrx_word' id='word_1_656' title='bbox 1541 5322 1958 5376; x_wconf 56' lang='lat' dir='ltr'><strong>Cabillonenwm.</strong></span> <span class='ocrx_word' id='word_1_657' title='bbox 1989 5322 2152 5393; x_wconf 82' lang='lat' dir='ltr'><strong>llujtts</strong></span> 
     </span>
    </p>
   </div>
   <div class='ocr_carea' id='block_1_89' title="bbox 584 5391 2146 5454">
    <p class='ocr_par' dir='ltr' id='par_1_89' title="bbox 584 5391 2146 5454">
     <span class='ocr_line' id='line_1_89' title="bbox 584 5391 2146 5454; baseline 0 -9"><span class='ocrx_word' id='word_1_658' title='bbox 584 5391 773 5445; x_wconf 76' lang='lat' dir='ltr'><strong>Verani</strong></span> <span class='ocrx_word' id='word_1_659' title='bbox 808 5395 919 5447; x_wconf 83' lang='lat' dir='ltr'><strong>Vita</strong></span> <span class='ocrx_word' id='word_1_660' title='bbox 968 5391 1140 5450; x_wconf 65' lang='lat' dir='ltr'><strong>exStat</strong></span> <span class='ocrx_word' id='word_1_661' title='bbox 1190 5406 1334 5448; x_wconf 90' lang='lat' dir='ltr'><strong>tomo</strong></span> <span class='ocrx_word' id='word_1_662' title='bbox 1374 5412 1409 5448; x_wconf 90' lang='lat' dir='ltr'><strong>tt</strong></span> <span class='ocrx_word' id='word_1_663' title='bbox 1442 5396 1693 5449; x_wconf 78' lang='lat' dir='ltr'><strong>Biblioth.</strong></span> <span class='ocrx_word' id='word_1_664' title='bbox 1749 5409 1901 5447; x_wconf 75' lang='lat' dir='ltr'><strong>novae</strong></span> <span class='ocrx_word' id='word_1_665' title='bbox 1930 5392 2146 5454; x_wconf 60' lang='lat' dir='ltr'><strong>Lattbei,</strong></span> 
     </span>
    </p>
   </div>
   <div class='ocr_carea' id='block_1_90' title="bbox 578 5464 2148 5530">
    <p class='ocr_par' dir='ltr' id='par_1_90' title="bbox 578 5464 2148 5530">
     <span class='ocr_line' id='line_1_90' title="bbox 578 5464 2148 5530; baseline 0.004 -21"><span class='ocrx_word' id='word_1_666' title='bbox 578 5478 700 5530; x_wconf 70' lang='lat' dir='ltr'><strong>pag.</strong></span> <span class='ocrx_word' id='word_1_667' title='bbox 745 5464 876 5527; x_wconf 46' lang='lat'><strong>69.);</strong></span> <span class='ocrx_word' id='word_1_668' title='bbox 926 5467 1055 5519; x_wconf 86' lang='lat' dir='ltr'><strong>obiit</strong></span> <span class='ocrx_word' id='word_1_669' title='bbox 1103 5482 1159 5520; x_wconf 94' lang='lat' dir='ltr'><strong>Ill</strong></span> <span class='ocrx_word' id='word_1_670' title='bbox 1210 5468 1330 5519; x_wconf 89' lang='lat' dir='ltr'><strong>ldus</strong></span> <span class='ocrx_word' id='word_1_671' title='bbox 1358 5466 1696 5528; x_wconf 85' lang='lat' dir='ltr'><strong>Novembris,</strong></span> <span class='ocrx_word' id='word_1_672' title='bbox 1746 5466 1835 5519; x_wconf 84' lang='lat' dir='ltr'><strong>sed</strong></span> <span class='ocrx_word' id='word_1_673' title='bbox 1895 5464 2008 5529; x_wconf 64' lang='lat' dir='ltr'><strong>ipso</strong></span> <span class='ocrx_word' id='word_1_674' title='bbox 2063 5465 2148 5516; x_wconf 88' lang='lat' dir='ltr'><strong>die</strong></span> 
     </span>
    </p>
   </div>
   <div class='ocr_carea' id='block_1_91' title="bbox 584 5533 2148 5601">
    <p class='ocr_par' dir='ltr' id='par_1_91' title="bbox 584 5533 2148 5601">
     <span class='ocr_line' id='line_1_91' title="bbox 584 5533 2148 5601; baseline 0.001 -17"><span class='ocrx_word' id='word_1_675' title='bbox 584 5536 767 5586; x_wconf 86' lang='lat' dir='ltr'><strong>Iduum</strong></span> <span class='ocrx_word' id='word_1_676' title='bbox 796 5533 909 5601; x_wconf 84' lang='lat' dir='ltr'><strong>ejus</strong></span> <span class='ocrx_word' id='word_1_677' title='bbox 942 5537 1127 5588; x_wconf 72' lang='lat' dir='ltr'><strong>festum</strong></span> <span class='ocrx_word' id='word_1_678' title='bbox 1159 5538 1461 5590; x_wconf 69' lang='lat' dir='ltr'><strong>celebratur</strong></span> <span class='ocrx_word' id='word_1_679' title='bbox 1492 5538 1545 5589; x_wconf 83' lang='lat' dir='ltr'><strong>in</strong></span> <span class='ocrx_word' id='word_1_680' title='bbox 1575 5553 1666 5589; x_wconf 73' lang='lat' dir='ltr'><strong>sua</strong></span> <span class='ocrx_word' id='word_1_681' title='bbox 1702 5537 1852 5588; x_wconf 86' lang='lat' dir='ltr'><strong>urbe.</strong></span> <span class='ocrx_word' id='word_1_682' title='bbox 1881 5536 2148 5587; x_wconf 75' lang='lat' dir='ltr'><strong>Artemius</strong></span> 
     </span>
    </p>
   </div>
   <div class='ocr_carea' id='block_1_92' title="bbox 578 5605 2146 5670">
    <p class='ocr_par' dir='ltr' id='par_1_92' title="bbox 578 5605 2146 5670">
     <span class='ocr_line' id='line_1_92' title="bbox 578 5605 2146 5670; baseline -0.001 -12"><span class='ocrx_word' id='word_1_683' title='bbox 578 5614 758 5658; x_wconf 84' lang='lat' dir='ltr'><strong>autem</strong></span> <span class='ocrx_word' id='word_1_684' title='bbox 798 5606 1125 5659; x_wconf 77' lang='lat' dir='ltr'><strong>Senonensis</strong></span> <span class='ocrx_word' id='word_1_685' title='bbox 1162 5608 1476 5670; x_wconf 72' lang='lat' dir='ltr'><strong>Sttbscripsit</strong></span> <span class='ocrx_word' id='word_1_686' title='bbox 1515 5609 1680 5659; x_wconf 68' lang='lat' dir='ltr'><strong>(Ione.</strong></span> <span class='ocrx_word' id='word_1_687' title='bbox 1724 5605 1924 5658; x_wconf 69' lang='lat' dir='ltr'><strong>Matisc.</strong></span> <span class='ocrx_word' id='word_1_688' title='bbox 1956 5622 1969 5657; x_wconf 88' lang='lat' dir='ltr'><strong>I</strong></span> <span class='ocrx_word' id='word_1_689' title='bbox 1997 5616 2048 5654; x_wconf 73' lang='lat' dir='ltr'><strong>et</strong></span> <span class='ocrx_word' id='word_1_690' title='bbox 2088 5620 2146 5656; x_wconf 87' lang='lat' dir='ltr'><strong>ll.</strong></span> 
     </span>
    </p>
   </div>
   <div class='ocr_carea' id='block_1_93' title="bbox 578 5675 2150 5741">
    <p class='ocr_par' dir='ltr' id='par_1_93' title="bbox 578 5675 2150 5741">
     <span class='ocr_line' id='line_1_93' title="bbox 578 5675 2150 5741; baseline -0.001 -15"><span class='ocrx_word' id='word_1_691' title='bbox 578 5676 787 5729; x_wconf 69' lang='lat' dir='ltr'><strong>Ilotitur</strong></span> <span class='ocrx_word' id='word_1_692' title='bbox 817 5675 952 5741; x_wconf 89' lang='lat' dir='ltr'><strong>apud</strong></span> <span class='ocrx_word' id='word_1_693' title='bbox 978 5679 1217 5729; x_wconf 76' lang='lat' dir='ltr'><strong>Senones</strong></span> <span class='ocrx_word' id='word_1_694' title='bbox 1247 5678 1332 5729; x_wconf 86' lang='lat' dir='ltr'><strong>die</strong></span> <span class='ocrx_word' id='word_1_695' title='bbox 1358 5676 1428 5728; x_wconf 76' lang='lat'><strong>‘25</strong></span> <span class='ocrx_word' id='word_1_696' title='bbox 1458 5679 1675 5739; x_wconf 80' lang='lat' dir='ltr'><strong>Aprilis.</strong></span> <span class='ocrx_word' id='word_1_697' title='bbox 1704 5677 1976 5739; x_wconf 76' lang='lat' dir='ltr'><strong>Agrmcius</strong></span> <span class='ocrx_word' id='word_1_698' title='bbox 2001 5676 2150 5727; x_wconf 89' lang='lat' dir='ltr'><strong>deni-</strong></span> 
     </span>
    </p>
   </div>
   <div class='ocr_carea' id='block_1_94' title="bbox 576 5745 2147 5816">
    <p class='ocr_par' dir='ltr' id='par_1_94' title="bbox 576 5745 2147 5816">
     <span class='ocr_line' id='line_1_94' title="bbox 576 5745 2147 5816; baseline -0.003 -13"><span class='ocrx_word' id='word_1_699' title='bbox 576 5762 685 5812; x_wconf 71' lang='lat' dir='ltr'><strong>que</strong></span> <span class='ocrx_word' id='word_1_700' title='bbox 707 5745 1039 5806; x_wconf 55' lang='lat' dir='ltr'><strong>Triczmittus</strong></span> <span class='ocrx_word' id='word_1_701' title='bbox 1068 5746 1230 5801; x_wconf 81' lang='lat' dir='ltr'><strong>Cone.</strong></span> <span class='ocrx_word' id='word_1_702' title='bbox 1266 5747 1467 5800; x_wconf 72' lang='lat' dir='ltr'><strong>Matisc.</strong></span> <span class='ocrx_word' id='word_1_703' title='bbox 1500 5762 1535 5799; x_wconf 86' lang='lat' dir='ltr'><strong>tt</strong></span> <span class='ocrx_word' id='word_1_704' title='bbox 1565 5747 1875 5816; x_wconf 61' lang='lat' dir='ltr'><strong>subscripsit</strong></span> <span class='ocrx_word' id='word_1_705' title='bbox 1907 5762 1998 5815; x_wconf 85' lang='lat' dir='ltr'><strong>per</strong></span> <span class='ocrx_word' id='word_1_706' title='bbox 2025 5748 2147 5798; x_wconf 89' lang='lat' dir='ltr'><strong>tuis-</strong></span> 
     </span>
    </p>
   </div>
   <div class='ocr_carea' id='block_1_95' title="bbox 2240 3235 3815 3304">
    <p class='ocr_par' dir='ltr' id='par_1_95' title="bbox 2240 3235 3815 3304">
     <span class='ocr_line' id='line_1_95' title="bbox 2240 3235 3815 3304; baseline -0.002 -13"><span class='ocrx_word' id='word_1_707' title='bbox 2240 3246 2325 3291; x_wconf 89' lang='lat' dir='ltr'><strong>est</strong></span> <span class='ocrx_word' id='word_1_708' title='bbox 2350 3235 2528 3299; x_wconf 76' lang='lat' dir='ltr'><strong>eb‘ata,</strong></span> <span class='ocrx_word' id='word_1_709' title='bbox 2569 3237 2852 3292; x_wconf 81' lang='lat' dir='ltr'><strong>inchoante</strong></span> <span class='ocrx_word' id='word_1_710' title='bbox 2889 3236 3236 3304; x_wconf 87' lang='lat' dir='ltr'><strong>crepusculo,</strong></span> <span class='ocrx_word' id='word_1_711' title='bbox 3265 3235 3477 3303; x_wconf 88' lang='lat' dir='ltr'><strong>quidam</strong></span> <span class='ocrx_word' id='word_1_712' title='bbox 3528 3250 3559 3289; x_wconf 91' lang='lat' dir='ltr'><strong>e</strong></span> <span class='ocrx_word' id='word_1_713' title='bbox 3606 3236 3815 3288; x_wconf 85' lang='lat' dir='ltr'><strong>civibus</strong></span> 
     </span>
    </p>
   </div>
   <div class='ocr_carea' id='block_1_96' title="bbox 2239 3325 3814 3395">
    <p class='ocr_par' dir='ltr' id='par_1_96' title="bbox 2239 3325 3814 3395">
     <span class='ocr_line' id='line_1_96' title="bbox 2239 3325 3814 3395; baseline -0.002 -13"><span class='ocrx_word' id='word_1_714' title='bbox 2239 3341 2472 3382; x_wconf 87' lang='lat' dir='ltr'><strong>accenso</strong></span> <span class='ocrx_word' id='word_1_715' title='bbox 2521 3327 2750 3392; x_wconf 86' lang='lat' dir='ltr'><strong>lumine,</strong></span> <span class='ocrx_word' id='word_1_716' title='bbox 2807 3327 2859 3379; x_wconf 93' lang='lat' dir='ltr'><strong>in</strong></span> <span class='ocrx_word' id='word_1_717' title='bbox 2902 3325 3324 3395; x_wconf 88' lang='lat' dir='ltr'><strong>promptuarium</strong></span> <span class='ocrx_word' id='word_1_718' title='bbox 3378 3335 3461 3378; x_wconf 91' lang='lat' dir='ltr'><strong>est</strong></span> <span class='ocrx_word' id='word_1_719' title='bbox 3511 3326 3814 3394; x_wconf 85' lang='lat' dir='ltr'><strong>ingressus.</strong></span> 
     </span>
    </p>
   </div>
   <div class='ocr_carea' id='block_1_97' title="bbox 2241 3417 3813 3487">
    <p class='ocr_par' dir='ltr' id='par_1_97' title="bbox 2241 3417 3813 3487">
     <span class='ocr_line' id='line_1_97' title="bbox 2241 3417 3813 3487; baseline -0.002 -15"><span class='ocrx_word' id='word_1_720' title='bbox 2241 3417 2767 3487; x_wconf 89' lang='lat' dir='ltr'><strong>assumptoque‘oleo</strong></span> <span class='ocrx_word' id='word_1_721' title='bbox 2796 3425 2821 3463; x_wconf 78' lang='lat'>8</span> <span class='ocrx_word' id='word_1_722' title='bbox 2852 3432 2915 3470; x_wconf 88' lang='lat' dir='ltr'><strong>ac</strong></span> <span class='ocrx_word' id='word_1_723' title='bbox 2946 3417 3154 3470; x_wconf 64' lang='lat' dir='ltr'><strong>caeteris</strong></span> <span class='ocrx_word' id='word_1_724' title='bbox 3174 3430 3292 3484; x_wconf 65' lang='lat' dir='ltr'><strong>quas</strong></span> <span class='ocrx_word' id='word_1_725' title='bbox 3321 3429 3615 3483; x_wconf 82' lang='lat' dir='ltr'><strong>necessaria</strong></span> <span class='ocrx_word' id='word_1_726' title='bbox 3637 3425 3813 3478; x_wconf 80' lang='lat' dir='ltr'><strong>erant,</strong></span> 
     </span>
    </p>
   </div>
   <div class='ocr_carea' id='block_1_98' title="bbox 2241 3505 3808 3575">
    <p class='ocr_par' dir='ltr' id='par_1_98' title="bbox 2241 3505 3808 3575">
     <span class='ocr_line' id='line_1_98' title="bbox 2241 3505 3808 3575; baseline -0.001 -13"><span class='ocrx_word' id='word_1_727' title='bbox 2241 3509 2539 3570; x_wconf 85' lang='lat' dir='ltr'><strong>abscessit.</strong></span> <span class='ocrx_word' id='word_1_728' title='bbox 2595 3505 2794 3562; x_wconf 88' lang='lat' dir='ltr'><strong>lumine</strong></span> <span class='ocrx_word' id='word_1_729' title='bbox 2847 3522 3001 3561; x_wconf 89' lang='lat' dir='ltr'><strong>secus</strong></span> <span class='ocrx_word' id='word_1_730' title='bbox 3054 3506 3318 3575; x_wconf 89' lang='lat' dir='ltr'><strong>cupellam</strong></span> <span class='ocrx_word' id='word_1_731' title='bbox 3369 3506 3472 3560; x_wconf 88' lang='lat' dir='ltr'><strong>olei</strong></span> <span class='ocrx_word' id='word_1_732' title='bbox 3508 3506 3808 3563; x_wconf 85' lang='lat' dir='ltr'><strong>.derelictu.</strong></span> 
     </span>
    </p>
   </div>
   <div class='ocr_carea' id='block_1_99' title="bbox 2245 3599 3812 3669">
    <p class='ocr_par' dir='ltr' id='par_1_99' title="bbox 2245 3599 3812 3669">
     <span class='ocr_line' id='line_1_99' title="bbox 2245 3599 3812 3669; baseline -0.001 -14"><span class='ocrx_word' id='word_1_733' title='bbox 2245 3602 2373 3655; x_wconf 81' lang='lat' dir='ltr'><strong>Erat</strong></span> <span class='ocrx_word' id='word_1_734' title='bbox 2398 3601 2539 3655; x_wconf 90' lang='lat' dir='ltr'><strong>enim</strong></span> <span class='ocrx_word' id='word_1_735' title='bbox 2572 3600 2760 3654; x_wconf 90' lang='lat' dir='ltr'><strong>domus</strong></span> <span class='ocrx_word' id='word_1_736' title='bbox 2790 3599 2905 3653; x_wconf 71' lang='lat' dir='ltr'><strong>haec</strong></span> <span class='ocrx_word' id='word_1_737' title='bbox 2936 3600 3101 3668; x_wconf 90' lang='lat' dir='ltr'><strong>prima</strong></span> <span class='ocrx_word' id='word_1_738' title='bbox 3141 3613 3296 3654; x_wconf 89' lang='lat' dir='ltr'><strong>secus</strong></span> <span class='ocrx_word' id='word_1_739' title='bbox 3334 3611 3562 3665; x_wconf 87' lang='lat' dir='ltr'><strong>portam,</strong></span> <span class='ocrx_word' id='word_1_740' title='bbox 3590 3615 3713 3669; x_wconf 73' lang='lat' dir='ltr'><strong>quae</strong></span> <span class='ocrx_word' id='word_1_741' title='bbox 3746 3600 3812 3653; x_wconf 86' lang='lat' dir='ltr'><strong>ad</strong></span> 
     </span>
    </p>
   </div>
   <div class='ocr_carea' id='block_1_100' title="bbox 2244 3694 3815 3766">
    <p class='ocr_par' dir='ltr' id='par_1_100' title="bbox 2244 3694 3815 3766">
     <span class='ocr_line' id='line_1_100' title="bbox 2244 3694 3815 3766; baseline 0.002 -19"><span class='ocrx_word' id='word_1_742' title='bbox 2244 3694 2519 3748; x_wconf 86' lang='lat' dir='ltr'><strong>meridiem</strong></span> <span class='ocrx_word' id='word_1_743' title='bbox 2562 3694 2741 3763; x_wconf 89' lang='lat' dir='ltr'><strong>pandit</strong></span> <span class='ocrx_word' id='word_1_744' title='bbox 2786 3709 3085 3763; x_wconf 55' lang='lat' dir='ltr'><strong>egressum.</strong></span> <span class='ocrx_word' id='word_1_745' title='bbox 3136 3694 3213 3750; x_wconf 73' lang='lat' dir='ltr'><strong>Et</strong></span> <span class='ocrx_word' id='word_1_746' title='bbox 3248 3713 3355 3766; x_wconf 90' lang='lat' dir='ltr'><strong>quo</strong></span> <span class='ocrx_word' id='word_1_747' title='bbox 3382 3698 3580 3752; x_wconf 91' lang='lat' dir='ltr'><strong>lumine</strong></span> <span class='ocrx_word' id='word_1_748' title='bbox 3619 3711 3815 3763; x_wconf 73' lang='lat' dir='ltr'><strong>appre-</strong></span> 
     </span>
    </p>
   </div>
   <div class='ocr_carea' id='block_1_101' title="bbox 2245 3784 3816 3857">
    <p class='ocr_par' dir='ltr' id='par_1_101' title="bbox 2245 3784 3816 3857">
     <span class='ocr_line' id='line_1_101' title="bbox 2245 3784 3816 3857; baseline 0 -17"><span class='ocrx_word' id='word_1_749' title='bbox 2245 3784 2863 3840; x_wconf 72' lang='lat' dir='ltr'><strong>hensadomusincendio</strong></span> <span class='ocrx_word' id='word_1_750' title='bbox 2875 3788 3350 3850; x_wconf 88' lang='lat' dir='ltr'><strong>concrematur,de</strong></span> <span class='ocrx_word' id='word_1_751' title='bbox 3377 3803 3475 3857; x_wconf 84' lang='lat' dir='ltr'><strong>qua</strong></span> <span class='ocrx_word' id='word_1_752' title='bbox 3502 3796 3555 3840; x_wconf 91' lang='lat' dir='ltr'><strong>et</strong></span> <span class='ocrx_word' id='word_1_753' title='bbox 3583 3786 3705 3841; x_wconf 75' lang='lat' dir='ltr'><strong>alia:</strong></span> <span class='ocrx_word' id='word_1_754' title='bbox 3726 3802 3816 3855; x_wconf 88' lang='lat' dir='ltr'><strong>ap-</strong></span> 
     </span>
    </p>
   </div>
   <div class='ocr_carea' id='block_1_102' title="bbox 2243 3875 3815 3949">
    <p class='ocr_par' dir='ltr' id='par_1_102' title="bbox 2243 3875 3815 3949">
     <span class='ocr_line' id='line_1_102' title="bbox 2243 3875 3815 3949; baseline 0.001 -20"><span class='ocrx_word' id='word_1_755' title='bbox 2243 3877 2503 3949; x_wconf 89' lang='lat' dir='ltr'><strong>prehendi</strong></span> <span class='ocrx_word' id='word_1_756' title='bbox 2534 3885 2829 3945; x_wconf 71' lang='lat' dir='ltr'><strong>cmperunt.</strong></span> <span class='ocrx_word' id='word_1_757' title='bbox 2857 3875 3003 3930; x_wconf 87' lang='lat' dir='ltr'><strong>Tunc</strong></span> <span class='ocrx_word' id='word_1_758' title='bbox 3025 3876 3272 3932; x_wconf 86' lang='lat' dir='ltr'><strong>diruente</strong></span> <span class='ocrx_word' id='word_1_759' title='bbox 3293 3878 3409 3945; x_wconf 73' lang='lat' dir='ltr'><strong>igne</strong></span> <span class='ocrx_word' id='word_1_760' title='bbox 3428 3892 3589 3943; x_wconf 83' lang='lat' dir='ltr'><strong>super</strong></span> <span class='ocrx_word' id='word_1_761' title='bbox 3610 3878 3815 3931; x_wconf 83' lang='lat' dir='ltr'><strong>vinctos</strong></span> 
     </span>
    </p>
   </div>
   <div class='ocr_carea' id='block_1_103' title="bbox 2245 3968 3817 4038">
    <p class='ocr_par' dir='ltr' id='par_1_103' title="bbox 2245 3968 3817 4038">
     <span class='ocr_line' id='line_1_103' title="bbox 2245 3968 3817 4038; baseline -0.002 -13"><span class='ocrx_word' id='word_1_762' title='bbox 2245 3970 2496 4031; x_wconf 62' lang='lat' dir='ltr'><strong>carceris,</strong></span> <span class='ocrx_word' id='word_1_763' title='bbox 2530 3969 2774 4038; x_wconf 90' lang='lat' dir='ltr'><strong>apparuit</strong></span> <span class='ocrx_word' id='word_1_764' title='bbox 2822 3970 2899 4022; x_wconf 87' lang='lat' dir='ltr'><strong>eis</strong></span> <span class='ocrx_word' id='word_1_765' title='bbox 2928 3968 3115 4024; x_wconf 85' lang='lat' dir='ltr'><strong>beatus</strong></span> <span class='ocrx_word' id='word_1_766' title='bbox 3143 3970 3459 4032; x_wconf 85' lang='lat' dir='ltr'><strong>Germanus,</strong></span> <span class='ocrx_word' id='word_1_767' title='bbox 3503 3979 3559 4024; x_wconf 92' lang='lat' dir='ltr'><strong>et</strong></span> <span class='ocrx_word' id='word_1_768' title='bbox 3592 3971 3817 4024; x_wconf 88' lang='lat' dir='ltr'><strong>commi-</strong></span> 
     </span>
    </p>
   </div>
   <div class='ocr_carea' id='block_1_104' title="bbox 2247 4061 3818 4132">
    <p class='ocr_par' dir='ltr' id='par_1_104' title="bbox 2247 4061 3818 4132">
     <span class='ocr_line' id='line_1_104' title="bbox 2247 4061 3818 4132; baseline 0.001 -15"><span class='ocrx_word' id='word_1_769' title='bbox 2247 4077 2416 4118; x_wconf 86' lang='lat' dir='ltr'><strong>nuens</strong></span> <span class='ocrx_word' id='word_1_770' title='bbox 2449 4061 2649 4115; x_wconf 86' lang='lat' dir='ltr'><strong>trabem</strong></span> <span class='ocrx_word' id='word_1_771' title='bbox 2680 4074 2841 4129; x_wconf 89' lang='lat' dir='ltr'><strong>atque</strong></span> <span class='ocrx_word' id='word_1_772' title='bbox 2874 4069 3092 4114; x_wconf 90' lang='lat' dir='ltr'><strong>catenas</strong></span> <span class='ocrx_word' id='word_1_773' title='bbox 3112 4105 3125 4127; x_wconf 95' lang='lat'><strong>,</strong></span> <span class='ocrx_word' id='word_1_774' title='bbox 3155 4063 3345 4132; x_wconf 85' lang='lat' dir='ltr'><strong>quibus</strong></span> <span class='ocrx_word' id='word_1_775' title='bbox 3374 4062 3531 4116; x_wconf 86' lang='lat' dir='ltr'><strong>vincti</strong></span> <span class='ocrx_word' id='word_1_776' title='bbox 3565 4064 3818 4118; x_wconf 76' lang='lat' dir='ltr'><strong>teneban-</strong></span> 
     </span>
    </p>
   </div>
   <div class='ocr_carea' id='block_1_105' title="bbox 2248 4153 3817 4224">
    <p class='ocr_par' dir='ltr' id='par_1_105' title="bbox 2248 4153 3817 4224">
     <span class='ocr_line' id='line_1_105' title="bbox 2248 4153 3817 4224; baseline -0.001 -15"><span class='ocrx_word' id='word_1_777' title='bbox 2248 4164 2353 4217; x_wconf 90' lang='lat' dir='ltr'><strong>tur,</strong></span> <span class='ocrx_word' id='word_1_778' title='bbox 2381 4161 2619 4207; x_wconf 87' lang='lat' dir='ltr'><strong>reserato</strong></span> <span class='ocrx_word' id='word_1_779' title='bbox 2648 4153 2879 4206; x_wconf 71' lang='lat' dir='ltr'><strong>caret-ris</strong></span> <span class='ocrx_word' id='word_1_780' title='bbox 2925 4153 3084 4217; x_wconf 89' lang='lat' dir='ltr'><strong>ostio,</strong></span> <span class='ocrx_word' id='word_1_781' title='bbox 3117 4155 3323 4207; x_wconf 86' lang='lat' dir='ltr'><strong>vinctos</strong></span> <span class='ocrx_word' id='word_1_782' title='bbox 3374 4153 3524 4208; x_wconf 89' lang='lat' dir='ltr'><strong>abire</strong></span> <span class='ocrx_word' id='word_1_783' title='bbox 3571 4157 3817 4224; x_wconf 83' lang='lat' dir='ltr'><strong>permisit</strong></span> 
     </span>
    </p>
   </div>
   <div class='ocr_carea' id='block_1_106' title="bbox 2248 4243 3817 4311">
    <p class='ocr_par' dir='ltr' id='par_1_106' title="bbox 2248 4243 3817 4311">
     <span class='ocr_line' id='line_1_106' title="bbox 2248 4243 3817 4311; baseline -0.002 -10"><span class='ocrx_word' id='word_1_784' title='bbox 2248 4245 2563 4302; x_wconf 89' lang='lat' dir='ltr'><strong>incolumes.</strong></span> <span class='ocrx_word' id='word_1_785' title='bbox 2615 4243 2691 4297; x_wconf 92' lang='lat' dir='ltr'><strong>Illi</strong></span> <span class='ocrx_word' id='word_1_786' title='bbox 2722 4258 2849 4297; x_wconf 88' lang='lat' dir='ltr'><strong>vero</strong></span> <span class='ocrx_word' id='word_1_787' title='bbox 2885 4245 3087 4311; x_wconf 77' lang='lat' dir='ltr'><strong>egressi</strong></span> <span class='ocrx_word' id='word_1_788' title='bbox 3131 4259 3191 4299; x_wconf 88' lang='lat' dir='ltr'><strong>se</strong></span> <span class='ocrx_word' id='word_1_789' title='bbox 3233 4244 3300 4298; x_wconf 90' lang='lat' dir='ltr'><strong>ad</strong></span> <span class='ocrx_word' id='word_1_790' title='bbox 3340 4244 3613 4299; x_wconf 86' lang='lat' dir='ltr'><strong>basilicam</strong></span> <span class='ocrx_word' id='word_1_791' title='bbox 3646 4247 3817 4299; x_wconf 87' lang='lat' dir='ltr'><strong>sancti</strong></span> 
     </span>
    </p>
   </div>
   <div class='ocr_carea' id='block_1_107' title="bbox 2249 4396 3820 4469">
    <p class='ocr_par' dir='ltr' id='par_1_107' title="bbox 2249 4396 3820 4469">
     <span class='ocr_line' id='line_1_107' title="bbox 2249 4396 3820 4469; baseline -0.001 -13"><span class='ocrx_word' id='word_1_792' title='bbox 2249 4416 2366 4456; x_wconf 81' lang='lat' dir='ltr'><strong>sitm</strong></span> <span class='ocrx_word' id='word_1_793' title='bbox 2397 4414 2549 4453; x_wconf 89' lang='lat' dir='ltr'><strong>suum</strong></span> <span class='ocrx_word' id='word_1_794' title='bbox 2577 4414 2587 4449; x_wconf 95' lang='lat'>:</span> <span class='ocrx_word' id='word_1_795' title='bbox 2626 4398 2765 4465; x_wconf 88' lang='lat' dir='ltr'><strong>quod</strong></span> <span class='ocrx_word' id='word_1_796' title='bbox 2797 4396 2885 4469; x_wconf 65' lang='lat' dir='ltr'><strong>hic</strong></span> <span class='ocrx_word' id='word_1_797' title='bbox 2914 4398 3205 4469; x_wconf 80' lang='lat' dir='ltr'><strong>observare</strong></span> <span class='ocrx_word' id='word_1_798' title='bbox 3232 4399 3399 4451; x_wconf 89' lang='lat' dir='ltr'><strong>visum</strong></span> <span class='ocrx_word' id='word_1_799' title='bbox 3435 4407 3549 4461; x_wconf 82' lang='lat' dir='ltr'><strong>est,</strong></span> <span class='ocrx_word' id='word_1_800' title='bbox 3574 4413 3643 4453; x_wconf 88' lang='lat' dir='ltr'><strong>eo</strong></span> <span class='ocrx_word' id='word_1_801' title='bbox 3676 4397 3820 4469; x_wconf 86' lang='lat' dir='ltr'><strong>quod</strong></span> 
     </span>
    </p>
   </div>
   <div class='ocr_carea' id='block_1_108' title="bbox 2252 4467 3821 4537">
    <p class='ocr_par' dir='ltr' id='par_1_108' title="bbox 2252 4467 3821 4537">
     <span class='ocr_line' id='line_1_108' title="bbox 2252 4467 3821 4537; baseline -0.006 -12"><span class='ocrx_word' id='word_1_802' title='bbox 2252 4473 2406 4537; x_wconf 80' lang='lat' dir='ltr'><strong>hujus</strong></span> <span class='ocrx_word' id='word_1_803' title='bbox 2435 4469 2707 4528; x_wconf 71' lang='lat' dir='ltr'><strong>antistitis,</strong></span> <span class='ocrx_word' id='word_1_804' title='bbox 2734 4477 2786 4523; x_wconf 90' lang='lat' dir='ltr'><strong>et</strong></span> <span class='ocrx_word' id='word_1_805' title='bbox 2816 4467 3007 4521; x_wconf 84' lang='lat' dir='ltr'><strong>Felicis</strong></span> <span class='ocrx_word' id='word_1_806' title='bbox 3040 4468 3349 4523; x_wconf 82' lang='lat' dir='ltr'><strong>Be’ilicensis</strong></span> <span class='ocrx_word' id='word_1_807' title='bbox 3374 4469 3617 4533; x_wconf 87' lang='lat' dir='ltr'><strong>nomina,</strong></span> <span class='ocrx_word' id='word_1_808' title='bbox 3644 4467 3821 4524; x_wconf 73' lang='lat' dir='ltr'><strong>nescio</strong></span> 
     </span>
    </p>
   </div>
   <div class='ocr_carea' id='block_1_109' title="bbox 2251 4538 3818 4611">
    <p class='ocr_par' dir='ltr' id='par_1_109' title="bbox 2251 4538 3818 4611">
     <span class='ocr_line' id='line_1_109' title="bbox 2251 4538 3818 4611; baseline 0.001 -18"><span class='ocrx_word' id='word_1_809' title='bbox 2251 4559 2356 4611; x_wconf 87' lang='lat' dir='ltr'><strong>quo</strong></span> <span class='ocrx_word' id='word_1_810' title='bbox 2378 4557 2503 4595; x_wconf 89' lang='lat' dir='ltr'><strong>casu</strong></span> <span class='ocrx_word' id='word_1_811' title='bbox 2533 4543 2583 4593; x_wconf 91' lang='lat' dir='ltr'><strong>in</strong></span> <span class='ocrx_word' id='word_1_812' title='bbox 2606 4538 3085 4611; x_wconf 75' lang='lat' dir='ltr'><strong>subscriptionihus</strong></span> <span class='ocrx_word' id='word_1_813' title='bbox 3104 4540 3322 4593; x_wconf 88' lang='lat' dir='ltr'><strong>Concilii</strong></span> <span class='ocrx_word' id='word_1_814' title='bbox 3347 4540 3554 4594; x_wconf 76' lang='lat' dir='ltr'><strong>Matisc.</strong></span> <span class='ocrx_word' id='word_1_815' title='bbox 3581 4554 3681 4594; x_wconf 87' lang='lat' dir='ltr'><strong>suo</strong></span> <span class='ocrx_word' id='word_1_816' title='bbox 3706 4543 3818 4595; x_wconf 88' lang='lat' dir='ltr'><strong>loco</strong></span> 
     </span>
    </p>
   </div>
   <div class='ocr_carea' id='block_1_110' title="bbox 2251 4608 3606 4673">
    <p class='ocr_par' dir='ltr' id='par_1_110' title="bbox 2251 4608 3606 4673">
     <span class='ocr_line' id='line_1_110' title="bbox 2251 4608 3606 4673; baseline -0.003 -5"><span class='ocrx_word' id='word_1_817' title='bbox 2251 4608 2643 4673; x_wconf 83' lang='lat' dir='ltr'><strong>desiderentur,</strong></span> <span class='ocrx_word' id='word_1_818' title='bbox 2678 4620 2735 4663; x_wconf 90' lang='lat' dir='ltr'><strong>ut</strong></span> <span class='ocrx_word' id='word_1_819' title='bbox 2762 4618 2945 4663; x_wconf 89' lang='lat' dir='ltr'><strong>monet</strong></span> <span class='ocrx_word' id='word_1_820' title='bbox 2965 4608 3282 4664; x_wconf 87' lang='lat' dir='ltr'><strong>Sirmondus</strong></span> <span class='ocrx_word' id='word_1_821' title='bbox 3309 4612 3363 4663; x_wconf 87' lang='lat' dir='ltr'><strong>in</strong></span> <span class='ocrx_word' id='word_1_822' title='bbox 3394 4611 3606 4664; x_wconf 88' lang='lat' dir='ltr'><strong>erratis.</strong></span> 
     </span>
    </p>
   </div>
   <div class='ocr_carea' id='block_1_111' title="bbox 2323 4679 3817 4749">
    <p class='ocr_par' dir='ltr' id='par_1_111' title="bbox 2323 4679 3817 4749">
     <span class='ocr_line' id='line_1_111' title="bbox 2323 4679 3817 4749; baseline 0.002 -17"><span class='ocrx_word' id='word_1_823' title='bbox 2323 4680 2350 4720; x_wconf 78' lang='grc' dir='ltr'>(ι</span> <span class='ocrx_word' id='word_1_824' title='bbox 2378 4682 2526 4747; x_wconf 80' lang='lat' dir='ltr'><strong>Quod</strong></span> <span class='ocrx_word' id='word_1_825' title='bbox 2556 4696 2747 4749; x_wconf 89' lang='lat' dir='ltr'><strong>nempe</strong></span> <span class='ocrx_word' id='word_1_826' title='bbox 2772 4679 2954 4740; x_wconf 88' lang='lat' dir='ltr'><strong>alium,</strong></span> <span class='ocrx_word' id='word_1_827' title='bbox 2977 4690 3167 4749; x_wconf 63' lang='lat' dir='ltr'><strong>praeter</strong></span> <span class='ocrx_word' id='word_1_828' title='bbox 3187 4680 3511 4735; x_wconf 71' lang='lat' dir='ltr'><strong>(Ihlotarium</strong></span> <span class='ocrx_word' id='word_1_829' title='bbox 3531 4681 3817 4749; x_wconf 73' lang='lat' dir='ltr'><strong>iuniorem,</strong></span> 
     </span>
    </p>
   </div>
   <div class='ocr_carea' id='block_1_112' title="bbox 2253 4750 3816 4822">
    <p class='ocr_par' dir='ltr' id='par_1_112' title="bbox 2253 4750 3816 4822">
     <span class='ocr_line' id='line_1_112' title="bbox 2253 4750 3816 4822; baseline -0.003 -14"><span class='ocrx_word' id='word_1_830' title='bbox 2253 4768 2429 4822; x_wconf 87' lang='lat' dir='ltr'><strong>regem</strong></span> <span class='ocrx_word' id='word_1_831' title='bbox 2458 4768 2562 4807; x_wconf 88' lang='lat' dir='ltr'><strong>non</strong></span> <span class='ocrx_word' id='word_1_832' title='bbox 2588 4758 2976 4822; x_wconf 85' lang='lat' dir='ltr'><strong>agnoscerent,</strong></span> <span class='ocrx_word' id='word_1_833' title='bbox 3023 4751 3177 4819; x_wconf 71' lang='lat' dir='ltr'><strong>cujus</strong></span> <span class='ocrx_word' id='word_1_834' title='bbox 3206 4753 3353 4819; x_wconf 88' lang='lat' dir='ltr'><strong>regni</strong></span> <span class='ocrx_word' id='word_1_835' title='bbox 3396 4750 3496 4818; x_wconf 91' lang='lat' dir='ltr'><strong>ipsi</strong></span> <span class='ocrx_word' id='word_1_836' title='bbox 3527 4753 3731 4822; x_wconf 86' lang='lat' dir='ltr'><strong>optima</strong></span> <span class='ocrx_word' id='word_1_837' title='bbox 3744 4764 3816 4806; x_wconf 87' lang='lat' dir='ltr'><strong>tes</strong></span> 
     </span>
    </p>
   </div>
   <div class='ocr_carea' id='block_1_113' title="bbox 2252 4820 3817 4890">
    <p class='ocr_par' dir='ltr' id='par_1_113' title="bbox 2252 4820 3817 4890">
     <span class='ocr_line' id='line_1_113' title="bbox 2252 4820 3817 4890; baseline -0.001 -10"><span class='ocrx_word' id='word_1_838' title='bbox 2252 4820 2404 4880; x_wconf 80' lang='lat' dir='ltr'><strong>erant</strong></span> <span class='ocrx_word' id='word_1_839' title='bbox 2430 4835 2486 4878; x_wconf 91' lang='lat' dir='ltr'><strong>et</strong></span> <span class='ocrx_word' id='word_1_840' title='bbox 2512 4820 2800 4876; x_wconf 86' lang='lat' dir='ltr'><strong>consiliarii</strong></span> <span class='ocrx_word' id='word_1_841' title='bbox 2824 4861 2839 4886; x_wconf 94' lang='lat'><strong>,</strong></span> <span class='ocrx_word' id='word_1_842' title='bbox 2864 4835 3028 4888; x_wconf 89' lang='lat' dir='ltr'><strong>penes</strong></span> <span class='ocrx_word' id='word_1_843' title='bbox 3048 4836 3183 4890; x_wconf 89' lang='lat' dir='ltr'><strong>quos</strong></span> <span class='ocrx_word' id='word_1_844' title='bbox 3200 4863 3214 4886; x_wconf 94' lang='lat'><strong>,</strong></span> <span class='ocrx_word' id='word_1_845' title='bbox 3261 4824 3332 4875; x_wconf 89' lang='lat' dir='ltr'><strong>ob</strong></span> <span class='ocrx_word' id='word_1_846' title='bbox 3360 4821 3497 4890; x_wconf 90' lang='lat' dir='ltr'><strong>regis</strong></span> <span class='ocrx_word' id='word_1_847' title='bbox 3522 4821 3817 4887; x_wconf 84' lang='lat' dir='ltr'><strong>infantiam,</strong></span> 
     </span>
    </p>
   </div>
   <div class='ocr_carea' id='block_1_114' title="bbox 2254 4891 3818 4961">
    <p class='ocr_par' dir='ltr' id='par_1_114' title="bbox 2254 4891 3818 4961">
     <span class='ocr_line' id='line_1_114' title="bbox 2254 4891 3818 4961; baseline -0.003 -10"><span class='ocrx_word' id='word_1_848' title='bbox 2254 4910 2432 4951; x_wconf 88' lang='lat' dir='ltr'><strong>rerum</strong></span> <span class='ocrx_word' id='word_1_849' title='bbox 2462 4891 2853 4949; x_wconf 80' lang='lat' dir='ltr'><strong>administratio</strong></span> <span class='ocrx_word' id='word_1_850' title='bbox 2877 4902 3029 4955; x_wconf 88' lang='lat' dir='ltr'><strong>erat;</strong></span> <span class='ocrx_word' id='word_1_851' title='bbox 3064 4893 3390 4960; x_wconf 87' lang='lat' dir='ltr'><strong>proindeque</strong></span> <span class='ocrx_word' id='word_1_852' title='bbox 3413 4891 3614 4945; x_wconf 89' lang='lat' dir='ltr'><strong>nullum</strong></span> <span class='ocrx_word' id='word_1_853' title='bbox 3652 4897 3743 4961; x_wconf 86' lang='lat' dir='ltr'><strong>jus</strong></span> <span class='ocrx_word' id='word_1_854' title='bbox 3771 4896 3818 4948; x_wconf 93' lang='lat' dir='ltr'><strong>in</strong></span> 
     </span>
    </p>
   </div>
   <div class='ocr_carea' id='block_1_115' title="bbox 2254 4961 3819 5034">
    <p class='ocr_par' dir='ltr' id='par_1_115' title="bbox 2254 4961 3819 5034">
     <span class='ocr_line' id='line_1_115' title="bbox 2254 4961 3819 5034; baseline 0.001 -15"><span class='ocrx_word' id='word_1_855' title='bbox 2254 4980 2349 5019; x_wconf 86' lang='lat' dir='ltr'><strong>eos</strong></span> <span class='ocrx_word' id='word_1_856' title='bbox 2381 4966 2524 5034; x_wconf 89' lang='lat' dir='ltr'><strong>ipsos</strong></span> <span class='ocrx_word' id='word_1_857' title='bbox 2554 4965 2913 5018; x_wconf 88' lang='lat' dir='ltr'><strong>Gnntramnus</strong></span> <span class='ocrx_word' id='word_1_858' title='bbox 2955 4962 3194 5034; x_wconf 83' lang='lat' dir='ltr'><strong>haberet.</strong></span> <span class='ocrx_word' id='word_1_859' title='bbox 3246 4961 3397 5034; x_wconf 85' lang='lat' dir='ltr'><strong>Unde</strong></span> <span class='ocrx_word' id='word_1_860' title='bbox 3438 4961 3713 5021; x_wconf 77' lang='lat' dir='ltr'><strong>Melantius</strong></span> <span class='ocrx_word' id='word_1_861' title='bbox 3738 4982 3819 5021; x_wconf 84' lang='lat' dir='ltr'><strong>se-</strong></span> 
     </span>
    </p>
   </div>
   <div class='ocr_carea' id='block_1_116' title="bbox 2256 5032 3816 5102">
    <p class='ocr_par' dir='ltr' id='par_1_116' title="bbox 2256 5032 3816 5102">
     <span class='ocr_line' id='line_1_116' title="bbox 2256 5032 3816 5102; baseline -0.001 -12"><span class='ocrx_word' id='word_1_862' title='bbox 2256 5036 2375 5090; x_wconf 90' lang='lat' dir='ltr'><strong>dem</strong></span> <span class='ocrx_word' id='word_1_863' title='bbox 2404 5032 2905 5099; x_wconf 38' lang='lat' dir='ltr'><strong>‘Iiotltomagensem</strong></span> <span class='ocrx_word' id='word_1_864' title='bbox 2927 5073 2942 5094; x_wconf 88' lang='lat'><strong>,</strong></span> <span class='ocrx_word' id='word_1_865' title='bbox 2992 5033 3199 5087; x_wconf 72' lang='lat' dir='ltr'><strong>favente</strong></span> <span class='ocrx_word' id='word_1_866' title='bbox 3239 5032 3606 5102; x_wconf 81' lang='lat' dir='ltr'><strong>Fredegunde,</strong></span> <span class='ocrx_word' id='word_1_867' title='bbox 3638 5050 3816 5091; x_wconf 86' lang='lat' dir='ltr'><strong>rursus</strong></span> 
     </span>
    </p>
   </div>
   <div class='ocr_carea' id='block_1_117' title="bbox 2254 5102 3819 5174">
    <p class='ocr_par' dir='ltr' id='par_1_117' title="bbox 2254 5102 3819 5174">
     <span class='ocr_line' id='line_1_117' title="bbox 2254 5102 3819 5174; baseline -0.001 -12"><span class='ocrx_word' id='word_1_868' title='bbox 2254 5108 2507 5171; x_wconf 88' lang='lat' dir='ltr'><strong>obtinuit,</strong></span> <span class='ocrx_word' id='word_1_869' title='bbox 2531 5106 2613 5160; x_wconf 92' lang='lat' dir='ltr'><strong>cui</strong></span> <span class='ocrx_word' id='word_1_870' title='bbox 2638 5104 2929 5173; x_wconf 87' lang='lat' dir='ltr'><strong>Gregorius</strong></span> <span class='ocrx_word' id='word_1_871' title='bbox 2968 5102 3036 5158; x_wconf 80' lang='grc' dir='ltr'><strong>Μ.</strong></span> <span class='ocrx_word' id='word_1_872' title='bbox 3068 5104 3419 5174; x_wconf 79' lang='lat' dir='ltr'><strong>Augustinum</strong></span> <span class='ocrx_word' id='word_1_873' title='bbox 3463 5105 3698 5172; x_wconf 84' lang='lat' dir='ltr'><strong>aliosque</strong></span> <span class='ocrx_word' id='word_1_874' title='bbox 3723 5122 3819 5160; x_wconf 70' lang='lat' dir='ltr'><strong>me</strong></span> 
     </span>
    </p>
   </div>
   <div class='ocr_carea' id='block_1_118' title="bbox 2256 5174 3817 5245">
    <p class='ocr_par' dir='ltr' id='par_1_118' title="bbox 2256 5174 3817 5245">
     <span class='ocr_line' id='line_1_118' title="bbox 2256 5174 3817 5245; baseline 0.001 -20"><span class='ocrx_word' id='word_1_875' title='bbox 2256 5178 2455 5232; x_wconf 77' lang='lat' dir='ltr'><strong>nacltns</strong></span> <span class='ocrx_word' id='word_1_876' title='bbox 2482 5180 2531 5229; x_wconf 90' lang='lat' dir='ltr'><strong>itt</strong></span> <span class='ocrx_word' id='word_1_877' title='bbox 2573 5176 2817 5245; x_wconf 86' lang='lat' dir='ltr'><strong>Angliam</strong></span> <span class='ocrx_word' id='word_1_878' title='bbox 2846 5174 3242 5243; x_wconf 80' lang='lat' dir='ltr'><strong>proficiscentes</strong></span> <span class='ocrx_word' id='word_1_879' title='bbox 3285 5176 3682 5230; x_wconf 86' lang='lat' dir='ltr'><strong>commendavit</strong></span> <span class='ocrx_word' id='word_1_880' title='bbox 3733 5180 3817 5233; x_wconf 85' lang='lat' dir='ltr'><strong>lib.</strong></span> 
     </span>
    </p>
   </div>
   <div class='ocr_carea' id='block_1_119' title="bbox 2256 5247 2625 5303">
    <p class='ocr_par' dir='ltr' id='par_1_119' title="bbox 2256 5247 2625 5303">
     <span class='ocr_line' id='line_1_119' title="bbox 2256 5247 2625 5303; baseline -0.008 0"><span class='ocrx_word' id='word_1_881' title='bbox 2256 5266 2324 5303; x_wconf 71' lang='grc' dir='ltr'><strong>ιχ.</strong></span> <span class='ocrx_word' id='word_1_882' title='bbox 2350 5251 2507 5303; x_wconf 87' lang='lat' dir='ltr'><strong>epist.</strong></span> 
     </span>
    </p>
   </div>
   <div class='ocr_carea' id='block_1_120' title="bbox 2310 5266 3819 5385">
    <p class='ocr_par' dir='ltr' id='par_1_120' title="bbox 2310 5266 3819 5385">
     <span class='ocr_line' id='line_1_120' title="bbox 2310 5266 3819 5385; baseline -0.002 -13"><span class='ocrx_word' id='word_1_883' title='bbox 2310 5266 2713 5385; x_wconf 50' lang='grc' dir='ltr'><strong>ἐθὶἒιῗῖίεὲινῖἱιείι</strong></span> <span class='ocrx_word' id='word_1_884' title='bbox 2740 5316 2904 5372; x_wconf 87' lang='lat' dir='ltr'><strong>Couc.</strong></span> <span class='ocrx_word' id='word_1_885' title='bbox 2940 5316 3138 5372; x_wconf 81' lang='lat' dir='ltr'><strong>Turon.</strong></span> <span class='ocrx_word' id='word_1_886' title='bbox 3185 5333 3240 5381; x_wconf 91' lang='grc' dir='ltr'>ιι,</span> <span class='ocrx_word' id='word_1_887' title='bbox 3274 5333 3365 5372; x_wconf 92' lang='lat' dir='ltr'><strong>an.</strong></span> <span class='ocrx_word' id='word_1_888' title='bbox 3396 5315 3521 5381; x_wconf 82' lang='grc'><strong>567,</strong></span> <span class='ocrx_word' id='word_1_889' title='bbox 3572 5328 3625 5371; x_wconf 91' lang='lat' dir='ltr'><strong>et</strong></span> <span class='ocrx_word' id='word_1_890' title='bbox 3653 5318 3819 5373; x_wconf 72' lang='lat' dir='ltr'><strong>lautia-</strong></span> 
     </span>
    </p>
   </div>
   <div class='ocr_carea' id='block_1_121' title="bbox 2255 5388 3240 5451">
    <p class='ocr_par' dir='ltr' id='par_1_121' title="bbox 2255 5388 3240 5451">
     <span class='ocr_line' id='line_1_121' title="bbox 2255 5388 3240 5451; baseline -0.004 -7"><span class='ocrx_word' id='word_1_891' title='bbox 2255 5400 2338 5445; x_wconf 90' lang='lat' dir='ltr'><strong>tur</strong></span> <span class='ocrx_word' id='word_1_892' title='bbox 2367 5406 2397 5443; x_wconf 91' lang='lat' dir='ltr'><strong>a</strong></span> <span class='ocrx_word' id='word_1_893' title='bbox 2428 5388 2717 5442; x_wconf 84' lang='lat' dir='ltr'><strong>Fortunato</strong></span> <span class='ocrx_word' id='word_1_894' title='bbox 2747 5390 2837 5441; x_wconf 88' lang='lat' dir='ltr'><strong>lib.</strong></span> <span class='ocrx_word' id='word_1_895' title='bbox 2872 5405 2946 5451; x_wconf 83' lang='grc' dir='ltr'>ιιι,</span> <span class='ocrx_word' id='word_1_896' title='bbox 2985 5402 3148 5441; x_wconf 88' lang='lat' dir='ltr'><strong>carm.</strong></span> <span class='ocrx_word' id='word_1_897' title='bbox 3189 5388 3240 5440; x_wconf 69' lang='grc' dir='ltr'>ιι.</span> 
     </span>
    </p>
   </div>
   <div class='ocr_carea' id='block_1_122' title="bbox 2330 5458 3816 5527">
    <p class='ocr_par' dir='ltr' id='par_1_122' title="bbox 2330 5458 3816 5527">
     <span class='ocr_line' id='line_1_122' title="bbox 2330 5458 3816 5527; baseline 0 -16"><span class='ocrx_word' id='word_1_898' title='bbox 2330 5459 2347 5498; x_wconf 75' lang='grc' dir='ltr'><em>τ</em></span> <span class='ocrx_word' id='word_1_899' title='bbox 2395 5462 2602 5524; x_wconf 64' lang='lat' dir='ltr'><strong>licem,</strong></span> <span class='ocrx_word' id='word_1_900' title='bbox 2639 5458 2920 5513; x_wconf 85' lang='lat' dir='ltr'><strong>Bodoleno.</strong></span> <span class='ocrx_word' id='word_1_901' title='bbox 2951 5458 3082 5525; x_wconf 74' lang='lat' dir='ltr'><strong>Cap.</strong></span> <span class='ocrx_word' id='word_1_902' title='bbox 3109 5473 3293 5525; x_wconf 64' lang='grc' dir='ltr'><strong>βιαιο..</strong></span> <span class='ocrx_word' id='word_1_903' title='bbox 3327 5470 3380 5512; x_wconf 88' lang='lat' dir='ltr'><strong>et</strong></span> <span class='ocrx_word' id='word_1_904' title='bbox 3409 5459 3544 5511; x_wconf 89' lang='lat' dir='ltr'><strong>infra</strong></span> <span class='ocrx_word' id='word_1_905' title='bbox 3574 5473 3689 5527; x_wconf 87' lang='lat' dir='ltr'><strong>cap.</strong></span> <span class='ocrx_word' id='word_1_906' title='bbox 3735 5459 3816 5523; x_wconf 70' lang='lat'><strong>42,</strong></span> 
     </span>
    </p>
   </div>
   <div class='ocr_carea' id='block_1_123' title="bbox 2254 5529 3819 5599">
    <p class='ocr_par' dir='ltr' id='par_1_123' title="bbox 2254 5529 3819 5599">
     <span class='ocr_line' id='line_1_123' title="bbox 2254 5529 3819 5599; baseline 0.001 -17"><span class='ocrx_word' id='word_1_907' title='bbox 2254 5532 2447 5585; x_wconf 81' lang='lat' dir='ltr'><strong>dicitur</strong></span> <span class='ocrx_word' id='word_1_908' title='bbox 2474 5530 2820 5599; x_wconf 81' lang='lat' dir='ltr'><strong>Beppoleuus.</strong></span> <span class='ocrx_word' id='word_1_909' title='bbox 2868 5530 2934 5583; x_wconf 83' lang='lat' dir='ltr'><strong>V.</strong></span> <span class='ocrx_word' id='word_1_910' title='bbox 2982 5544 3101 5594; x_wconf 87' lang='lat' dir='ltr'><strong>cap.</strong></span> <span class='ocrx_word' id='word_1_911' title='bbox 3131 5529 3216 5582; x_wconf 69' lang='grc'><strong>45.</strong></span> <span class='ocrx_word' id='word_1_912' title='bbox 3261 5530 3487 5583; x_wconf 85' lang='lat' dir='ltr'><strong>Intentio</strong></span> <span class='ocrx_word' id='word_1_913' title='bbox 3540 5529 3646 5591; x_wconf 88' lang='lat' dir='ltr'><strong>hic,</strong></span> <span class='ocrx_word' id='word_1_914' title='bbox 3692 5532 3819 5584; x_wconf 83' lang='lat' dir='ltr'><strong>sicut</strong></span> 
     </span>
    </p>
   </div>
   <div class='ocr_carea' id='block_1_124' title="bbox 2253 5600 3815 5671">
    <p class='ocr_par' dir='ltr' id='par_1_124' title="bbox 2253 5600 3815 5671">
     <span class='ocr_line' id='line_1_124' title="bbox 2253 5600 3815 5671; baseline 0.003 -19"><span class='ocrx_word' id='word_1_915' title='bbox 2253 5612 2306 5655; x_wconf 91' lang='lat' dir='ltr'><strong>et</strong></span> <span class='ocrx_word' id='word_1_916' title='bbox 2357 5606 2551 5670; x_wconf 76' lang='lat' dir='ltr'><strong>passim</strong></span> <span class='ocrx_word' id='word_1_917' title='bbox 2606 5600 2740 5671; x_wconf 85' lang='lat' dir='ltr'><strong>apud</strong></span> <span class='ocrx_word' id='word_1_918' title='bbox 2772 5602 2957 5671; x_wconf 86' lang='lat' dir='ltr'><strong>Greg.,</strong></span> <span class='ocrx_word' id='word_1_919' title='bbox 3002 5600 3392 5653; x_wconf 81' lang='lat' dir='ltr'><strong>contentionem</strong></span> <span class='ocrx_word' id='word_1_920' title='bbox 3432 5616 3526 5652; x_wconf 88' lang='lat' dir='ltr'><strong>seu</strong></span> <span class='ocrx_word' id='word_1_921' title='bbox 3562 5602 3815 5657; x_wconf 46' lang='lat' dir='ltr'><strong>litetudc‘</strong></span> 
     </span>
    </p>
   </div>
   <div class='ocr_carea' id='block_1_125' title="bbox 2254 5687 2447 5740">
    <p class='ocr_par' dir='ltr' id='par_1_125' title="bbox 2254 5687 2447 5740">
     <span class='ocr_line' id='line_1_125' title="bbox 2254 5687 2447 5740; baseline 0 -16"><span class='ocrx_word' id='word_1_922' title='bbox 2254 5687 2447 5740; x_wconf 77' lang='lat' dir='ltr'><strong>signal.</strong></span> 
     </span>
    </p>
   </div>
   <div class='ocr_carea' id='block_1_126' title="bbox 2325 5741 3756 5813">
    <p class='ocr_par' dir='ltr' id='par_1_126' title="bbox 2325 5741 3756 5813">
     <span class='ocr_line' id='line_1_126' title="bbox 2325 5741 3756 5813; baseline 0.009 -23"><span class='ocrx_word' id='word_1_923' title='bbox 2325 5752 2347 5790; x_wconf 74' lang='grc' dir='ltr'><em>ε</em></span> <span class='ocrx_word' id='word_1_924' title='bbox 2393 5745 2479 5801; x_wconf 82' lang='lat' dir='ltr'><strong>Sic</strong></span> <span class='ocrx_word' id='word_1_925' title='bbox 2500 5744 2704 5806; x_wconf 83' lang='lat' dir='ltr'><strong>Casiu.;</strong></span> <span class='ocrx_word' id='word_1_926' title='bbox 2737 5745 2912 5800; x_wconf 64' lang='lat' dir='ltr'><strong>caeteri</strong></span> <span class='ocrx_word' id='word_1_927' title='bbox 2978 5750 3332 5813; x_wconf 60' lang='lat' dir='ltr'><strong>cumnamque</strong></span> <span class='ocrx_word' id='word_1_928' title='bbox 3360 5756 3438 5809; x_wconf 75' lang='lat' dir='ltr'><strong>eo,</strong></span> <span class='ocrx_word' id='word_1_929' title='bbox 3471 5749 3562 5796; x_wconf 83' lang='lat' dir='ltr'><strong>aut</strong></span> <span class='ocrx_word' id='word_1_930' title='bbox 3588 5741 3654 5798; x_wconf 76' lang='lat' dir='ltr'><strong>ab</strong></span> <span class='ocrx_word' id='word_1_931' title='bbox 3678 5758 3756 5802; x_wconf 77' lang='lat' dir='ltr'><strong>eo.</strong></span> 
     </span>
    </p>
   </div>
  </div>
