3942 6190
101 254 198 308 475

1024 249 1340 309 ΗίΞΤΟΚΙΔ
1382 249 1822 308 FRANCORUM.
1863 252 2065 308 LIBER
2102 254 2448 313 OCTAVUS.
3232 264 3337 319 474

103 375 393 442 ἳὶιωωιίἰ,
425 376 477 428 in
502 388 604 443 qua
629 373 929 440 sepulcrum
958 374 1180 428 habetur
1204 375 1342 431 beati
1374 372 1664 435 Antistitis,
1692 367 1747 427 Δ
1772 382 1951 428 mento
1979 373 2048 429 de
2078 373 2303 444 pellibus
2340 382 2540 430 tantum
2568 384 2828 443 uteretur,
2860 376 3034 432 cibum
3057 378 3125 434 de
3154 377 3339 436 hct-bis

105 471 465 524 contulerunt.
487 466 649 535 Igitur
674 482 796 520 eum
838 482 933 535 per
963 476 1127 522 totam
1149 468 1420 523 civitatem
1452 470 1556 523 huc
1588 476 1669 522 at-

110 578 200 630 que
228 561 354 615 illuc
385 560 547 613 ﬂante
576 567 737 613 vento
766 559 974 614 ﬂamma
1005 558 1257 629 ferretur,
1288 561 1516 631 totisque
1539 561 1669 617 viri-

111 654 197 708 bus
224 663 479 723 regnaret
522 653 823 707 incendium
850 695 867 718 ,
921 656 1349 723 apprOpinqnare
1399 655 1465 709 ad
1502 654 1669 711 aliam

113 756 302 813 portam
326 745 517 810 coepit.
544 744 598 797 in
628 759 729 812 qua
757 744 893 799 beati
918 745 1124 801 Martini
1164 748 1458 801 oratorium
1502 746 1669 800 babe-

116 838 288 890 batur:
322 835 470 903 quod
499 836 567 890 ob
620 836 721 890 hoc
771 835 1057 904 aliquando
1100 836 1298 891 factum
1349 837 1557 903 fuerat,
1602 852 1669 893 eo

114 926 236 997 quod
264 926 333 979 ibi
361 927 571 993 lepram
617 926 875 981 maculosi
925 927 1156 981 hominis
1205 928 1392 982 osculo
1432 928 1673 994 depulis-

112 1026 237 1071 δεμ.
265 1016 354 1069 Vir
383 1027 567 1072 autem
592 1017 679 1086 qui
707 1032 828 1073 eum
853 1018 1075 1071 intextis
1099 1019 1339 1087 virgultis
1362 1019 1413 1072 in
1442 1019 1671 1075 sublime

114 1116 493 1173 construxerat,
527 1109 763 1163 conﬁsus
791 1110 843 1164 in
866 1108 1024 1181 407
1046 1110 1288 1174 Domino,
1318 1100 1415 1164 nec
1436 1110 1505 1165 de
1532 1111 1668 1165 beati

116 1201 311 1254 Martini
348 1200 552 1255 virtute
578 1201 819 1267 difﬁsus,
876 1217 935 1257 se
986 1218 1179 1271 resque
1205 1218 1332 1257 suas
1383 1202 1522 1257 intra
1552 1204 1671 1269 ejus

118 1291 330 1360 parietes
364 1292 619 1359 ambivit,
648 1293 868 1350 dicens:
898 1293 1070 1349 Credo
1099 1298 1265 1361 enim,
1304 1305 1357 1349 et
1390 1294 1521 1349 ﬁdes
1551 1308 1669 1348 mea

117 1406 205 1457 est,
232 1399 365 1463 quod
400 1398 631 1463 repellat
655 1396 723 1452 ab
751 1397 849 1452 hoc
872 1396 991 1451 loco
1013 1395 1337 1459 incendium,
1362 1395 1448 1463 qui
1473 1394 1670 1461 sapius

122 1487 357 1541 incendiis
398 1488 722 1555 imperavit,
748 1498 804 1544 et
831 1488 885 1543 in
916 1487 1019 1543 hoc
1046 1489 1167 1543 loco
1214 1488 1408 1555 leprosi
1441 1486 1670 1541 hominis

118 1587 269 1630 cutem
313 1580 506 1634 osculo
569 1579 815 1635 medente
882 1580 1145 1650 purgavit.
1202 1581 1669 1649 Appropinquante

117 1668 237 1720 enim
268 1669 387 1722 illuc
417 1670 699 1737 incendio,
730 1670 1037 1724 ferebantur
1066 1670 1225 1724 validi
1253 1670 1398 1739 globi
1426 1671 1667 1724 ﬂamma-

1773 466 2067 533 agrestibus
2096 466 2319 523 incoctis
2345 479 2602 533 sumeret;
2630 468 2737 523 vini
2765 484 2893 525 vero
2924 478 3124 526 tantum
3155 487 3245 527 vas
3265 472 3334 530 ad

1772 569 1833 610 os
1884 568 2146 623 poneret,
2210 556 2346 624 quod
2392 560 2559 629 magis
2612 569 2885 627 putaretur
2932 560 3335 618 libareosculo

1770 662 1926 716 quam
1958 646 2188 701 haurire.
2219 648 2322 703 Sed
2354 663 2471 703 cum
2502 648 2673 705 eidem
2694 649 3185 722 Mdevotornm
3231 652 3337 707 lar-

1770 740 1906 808 gitas
1934 740 2237 811 frequenter
2265 741 2540 797 exhiberet
2585 757 2711 798 vasa
2760 744 2861 798 hoc
2888 744 3046 812 plena
3088 744 3292 814 liquore
3316 786 3333 810 ,

1770 830 1976 894 didicit,
2001 832 2139 900 quod
2172 833 2323 900 pejus
2352 842 2463 895 est,
2505 844 2654 888 extra
2687 835 2900 891 modum
2930 836 3257 897 haurire,et
3283 836 3334 892 in

1772 931 1974 977 tantum
2003 922 2222 976 dissolvi
2251 923 2488 992 potione,
2520 933 2579 978 ut
2608 925 2918 993 plerumque
2943 924 3123 979 ebrius
3145 940 3320 981 cerne

1770 1023 1918 1068 retur
1943 1031 1955 1067 :
1988 1015 2127 1069 unde
2152 1018 2349 1070 laetum
2379 1024 2491 1081 est,
2523 1027 2579 1070 ut
2604 1017 2963 1075 invalescente
2989 1021 3333 1083 temulentis,

1772 1112 2011 1173 tempore
2041 1107 2385 1174 procedente,
2407 1123 2439 1161 a
2460 1108 2723 1163 daeumnio
2748 1121 3045 1179 correptus,
3068 1126 3163 1177 per
3180 1126 3340 1165 ener-

1772 1197 1907 1264 giam
1937 1208 2241 1265 vexaretur,
2292 1200 2345 1253 in
2379 1210 2579 1254 tantum
2634 1211 2693 1258 ut
2744 1211 2961 1270 accepto
3013 1203 3220 1269 cultro,
3252 1203 3339 1258 vel

1766 1288 2122 1359 quodcunque
2148 1306 2315 1358 genus
2340 1291 2461 1357 teli,
2489 1292 2571 1347 vel
2601 1293 2851 1362 lapidem,
2880 1304 2971 1349 aut
3016 1293 3210 1349 fustem
3239 1309 3339 1364 po-

1771 1385 1961 1438 tuisset
1986 1386 2248 1453 arripere,
2289 1394 2412 1455 post
2442 1384 2685 1442 homines
2713 1389 2900 1440 insano
2927 1385 3105 1442 furore
3130 1388 3340 1442 discur-

1769 1487 1938 1543 reret;
1980 1478 2122 1534 uude
2172 1479 2467 1533 necessitas
2512 1481 2730 1549 exegit,
2774 1492 2830 1535 ut
2879 1481 3081 1535 catenis
3131 1480 3338 1539 vinctus

1767 1572 2124 1629 custodiretur
2168 1574 2218 1625 in
2250 1573 2465 1627 cellula.
2502 1571 2559 1627 In
2591 1574 2691 1627 hac
2740 1588 2953 1644 quoque
2999 1573 3341 1631 damnatione

1770 1678 1866 1733 per
1893 1662 2113 1718 duorum
2161 1676 2425 1717 annorum
2471 1663 2639 1730 spatia
2685 1663 3023 1720 debacchans
3046 1704 3061 1730 ,
3092 1664 3334 1732 spiritum

120 1762 339 1830 tum,qtd
364 1763 731 1829 percutientes
756 1767 1015 1833 parietem
1047 1731 1287 1830 oratorii;
1318 1763 1559 1832 protinus
1588 1772 1668 1817 te-
1696 1731 1747 1793 Β
1772 1755 2065 1812 exhalavit.
2118 1756 2270 1812 Alius
2318 1770 2530 1826 quoque
2576 1757 2854 1812 Anatolius
2909 1758 3333 1827 Burdegalensis,

119 1853 397 1915 pescebmt.
423 1853 709 1910 Clamabat
738 1868 915 1911 autem
948 1857 1171 1927 populus
1195 1857 1307 1911 viro
1331 1871 1395 1910 ac
1417 1856 1626 1910 mulieri
1654 1873 1667 1909 :

125 1944 300 2013 Fugite,
334 1964 366 2000 ο
408 1949 647 2017 miseri,
704 1960 759 2004 ut
813 1952 1039 2005 evadere
1089 1951 1328 2021 possitis.
1378 1953 1516 2007 Ecce
1560 1952 1670 2023 jam

122 2034 291 2096 ignium
322 2040 535 2107 pondus
566 2056 726 2104 super
749 2056 844 2095 vos
871 2042 1044 2097 deruit
1070 2058 1085 2105 ;
1114 2058 1242 2099 ecce
1273 2043 1465 2097 favilla
1486 2044 1671 2098 incen-

122 2125 180 2177 dii
204 2141 312 2181 cum
342 2131 698 2198 carbonibus,
730 2143 979 2200 tanquam
1011 2133 1217 2187 validus
1245 2133 1439 2200 imber,
1477 2134 1541 2189 ad
1572 2149 1667 2189 vos

124 2230 263 2284 usque
298 2220 650 2276 distenditur.
685 2222 1015 2292 Egredimini
1046 2224 1112 2276 ab
1141 2226 1408 2293 oratorio,
1452 2241 1520 2280 ne
1547 2241 1667 2280 cum

126 2308 280 2362 eodem
309 2313 563 2367 incendio
587 2315 1020 2369 concrememini.
1044 2315 1115 2369 At
1136 2315 1208 2370 illi
1231 2317 1526 2371 orationem
1551 2316 1669 2371 lun-

125 2397 301 2462 deates.
348 2417 629 2472 nunquam
674 2402 742 2457 ab
772 2403 856 2457 bis
905 2404 1121 2459 vocibus
1158 2405 1531 2460 movebantur.
1561 2407 1667 2462 Sed

127 2502 206 2543 nec
227 2492 411 2548 mulier
453 2510 520 2549 se
570 2510 803 2565 unquam
840 2509 871 2548 a
897 2494 1154 2564 fenestra,
1182 2513 1279 2567 per
1306 2514 1463 2569 quam
1492 2499 1665 2555 inter-

127 2582 226 2637 dum
258 2586 483 2643 ﬂamma:
516 2588 970 2659 ingrediebantur,
1000 2591 1232 2657 amovit;
1271 2608 1388 2661 qua:
1415 2601 1531 2647 erat
1567 2607 1665 2662 spe

128 2671 397 2734 ﬁrmissima
447 2680 525 2735 de
575 2680 770 2736 virtute
820 2680 960 2736 beati
1010 2681 1263 2737 antistitis
1312 2686 1662 2752 jprzemunita.

125 2764 360 2838 Tantaque
389 2769 490 2824 fuit
520 2771 696 2827 virtus
741 2771 884 2826 beati
916 2773 1215 2839 pontiﬁcis,
1249 2784 1308 2828 ut
1335 2790 1443 2829 non
1489 2777 1661 2832 solum

126 2850 204 2907 hoc
221 2858 503 2914 oratorium
551 2874 672 2915 cum
718 2861 919 2916 alumni
966 2863 1164 2933 proprii
1207 2863 1369 2919 domo
1395 2866 1657 2935 salvaret,

126 2959 274 3002 verum
296 2953 452 3006 etiam
482 2968 591 3007 nec
616 2954 733 3009 aliis
753 2954 997 3009 domibus
1016 2971 1135 3025 qua:
1162 2956 1214 3010 in
1241 2957 1466 3011 circuitu
1488 2968 1663 3025 erant,

124 3049 281 3095 nocere
303 3042 539 3099 ﬂammis
568 3044 960 3101 dominantibus
980 3048 1341 3116 permisisset:
1373 3050 1550 3119 ibique
1573 3066 1662 3107 ce-

125 3131 229 3185 cidit
252 3134 580 3204 incendium,
611 3137 753 3204 quod
796 3138 862 3192 ab
910 3154 1010 3192 una
1040 3151 1187 3208 parte
1228 3142 1403 3209 pontis
1425 3154 1663 3213 cmperat

124 3220 362 3281 ἀδινῇ-ο.
392 3227 474 3281 Ab
495 3226 611 3281 alia
640 3242 766 3281 vero
795 3238 943 3297 parte
966 3238 1072 3284 tam
1104 3232 1278 3287 valide
1309 3235 1507 3301 {cuncta
1534 3251 1663 3291 con-

128 3310 358 3382 ﬂagravit,
403 3328 460 3372 ut
508 3319 689 3373 amnis
714 3319 871 3373 ﬁnem
918 3322 1244 3389 imponeret.
1273 3323 1662 3383 Verumtamen

127 3404 327 3460 ecclesiae
353 3424 456 3462 non
518 3417 647 3463 sunt
688 3409 889 3465 adustae
918 3428 1038 3467 cum
1078 3415 1324 3471 domibus
1353 3418 1487 3472 suis.
1539 3420 1664 3475 Aie-

131 3489 229 3549 bant
252 3500 381 3553 enim
412 3501 559 3555 banc
584 3501 769 3556 urbem
800 3504 946 3571 quasi
980 3515 1344 3560 consecratam
1374 3508 1540 3564 fuisse
1560 3525 1662 3565 an-

133 3582 334 3654 tiquitus,
364 3602 560 3648 utnon
592 3593 661 3646 ibi
693 3593 993 3650 incendium
1024 3598 1369 3665 praevaleret,
1400 3616 1504 3654 non
1545 3616 1661 3656 ser-

128 3687 245 3745 rens,
275 3699 371 3737 non
400 3685 501 3755 glis
534 3689 890 3756 apparuisset.
919 3688 1099 3759 Nuper
1142 3702 1318 3747 autem
1347 3707 1466 3747 cum
1504 3694 1661 3748 cuni-

129 3769 247 3823 culus
272 3779 434 3843 pontis
460 3779 872 3848 emundaretur,
906 3793 961 3838 et
990 3797 1202 3839 cmnum
1229 3784 1297 3838 de
1343 3800 1449 3853 quo
1483 3785 1660 3854 reple-

133 3868 215 3915 tum
241 3866 418 3937 fuerat,
451 3870 781 3941 auferretur,
805 3885 1106 3944 serpentem
1134 3877 1434 3947 gliremque
1459 3894 1658 3934 aereum

133 3963 422 4020 repererunt.
453 3962 667 4030 Quibus
695 3966 906 4033 ablatis,
936 3974 991 4021 et
1015 3968 1178 4037 glires
1202 3968 1271 4023 ibi
1299 3968 1551 4039 deinceps
1570 3986 1665 4026 ex-

134 4048 191 4142 tra
217 4063 503 4142 numerum,
547 4064 608 4111 et
644 4070 921 4124 serpentes
944 4069 1346 4129 apparuerunt;
1377 4068 1433 4117 et
1478 4071 1663 4132 postea

134 4139 330 4193 incendia
367 4145 607 4213 perferre
628 4149 806 4217 carpit.

186 4224 394 4287 XXXIV.
424 4236 487 4290 Et
524 4241 654 4307 quia
686 4240 932 4311 princeps
956 4241 1295 4298 tenebrarum
1328 4244 1473 4299 mille
1503 4245 1664 4301 habet

133 4324 244 4371 artes
268 4329 517 4391 nucendi;
546 4330 673 4398 quid
700 4331 767 4386 de
798 4335 1054 4388 reclausis
1096 4350 1160 4390 ac
1192 4333 1298 4392 Deo
1327 4337 1538 4393 devotis
1566 4355 1663 4394 nu-

133 4416 410 4499 l’efgestum
436 4419 622 4482 fuerit,
653 4424 900 4490 pandam.
945 4425 1224 4481 Vennocus
1271 4428 1459 4492 Britto,
1503 4444 1654 4499 pres-

134 4491 285 4564 byterii
340 4509 539 4565 honore
588 4513 840 4579 praeditus
860 4555 875 4577 ,
904 4515 1054 4584 cujus
1082 4518 1132 4570 in
1163 4518 1269 4570 alio
1298 4518 1435 4572 libro
1464 4521 1657 4575 memi-

134 4590 273 4648 nimus
298 4598 342 4665 δ,
371 4610 530 4658 tantm
573 4618 633 4659 se
684 4608 1019 4662 abstinentiae
1063 4609 1366 4675 dedicavit,
1400 4622 1453 4664 ιιι
1502 4612 1660 4667 indu-

194 4838 339 4927 :lloc
358 4845 665 4927 miraculum
712 4851 879 4907 refert
906 4850 1177 4927 Sulpicius
1227 4850 1415 4907 Sever.
1456 4851 1509 4907 in
1535 4852 1655 4927 Vita

136 4898 398 4991 aliqua.
412 4898 731 4980 nassa";
746 4898 1178 4991 magian;
1200 4898 1565 4989 ligasset;
1584 4898 1646 4985 ii}

262 4981 501 5066 Sequanae
523 4992 718 5066 _insula
746 4992 812 5066 ad
853 4981 1327 5066 septentrionalem
1360 4995 1507 5066 urbis
1531 4981 1647 5064 por-

139 5048 221 5131 ξῇῐη
259 5048 465 5131 positum
518 5061 681 5114 fuisse
712 5048 977 5117 existimat
1011 5048 1263 5117 Valesius
1296 5065 1347 5117 in
1395 5048 1651 5131 discepta-

137 5118 247 5204 [little
267 5123 335 5204 de
351 5128 574 5204 basilicis
598 5146 714 5199 cap.
746 5132 803 5195 2,
856 5133 1037 5198 procul
1067 5134 1133 5187 ab
1173 5150 1238 5186 eo
1276 5134 1417 5198 loco,
1461 5118 1647 5204 iniquo

138 5192 1114 5277 [Itiﬁncgvisiturecclesia'sancti'Martinia
1138 5204 1353 5270 Campis
1379 5192 1537 5277 v'ujgo
1561 5192 1648 5259 δῇ

138 5260 382 5370 finiuit";
400 5284 427 5321 a
456 5283 601 5335 patre
627 5289 725 5325 suo
754 5275 979 5370 llqp'rico
1002 5260 1502 5370 regefons'tJnctaJtii
1523 5277 1646 5358 ιξιιρ-

156 5333 659 5414 [υ-ΡιεειιἘιτιίιροτιηη
690 5359 779 5397 rex
811 5333 1246 5400 Clumaceiisibus
1286 5347 1643 5401 Benedictinis

140 5400 363 5472 tnonachis
414 5414 605 5466 saeculo
648 5429 698 5467 xu
748 5415 955 5469 labente
1012 5417 1276 5471 attribuit.
1328 5400 1640 5472 Persuasum

141 5463 511 5559 habebat
529 5483 803 5559 llenricus,
835 5489 973 5541 seibi
999 5488 1277 5559 ecclesiam
1305 5500 1638 5554 construere,

140 5530 512 5625 gﬁl‘tfittsillud
544 5530 827 5609 uratoriui’n
848 5568 1070 5611 sxeterat
1098 5575 1109 5610 :
1134 5559 1226 5613 sed
1253 5558 1551 5625 fallebatur,
1577 5530 1645 5612 iu,-

1688 3097 1736 3162 C

1687 4479 1742 4540 Ι)

1772 1864 1926 1920 puer,
1956 1858 2017 1904 ut
2040 1850 2238 1914 ferunt,
2268 1863 2526 1903 annorum
2574 1848 2885 1914 duodecim,
2923 1863 3043 1903 cum
3087 1858 3231 1903 esset
3262 1849 3341 1902 fa-

1768 1945 1942 1999 mulus
1970 1943 2242 2012 cujusdam
2271 1942 2653 2012 negotiatoris,
2687 1942 2834 2010 petiit
2866 1942 2963 1996 sibi
2990 1941 3054 1995 ad
3083 1941 3339 1996 reclusio-

1769 2052 1893 2092 nem
1939 2035 2210 2091 licentiam
2259 2034 2440 2090 tribui.
2473 2034 2577 2089 Sed
2621 2034 2904 2090 resistente
2954 2034 3043 2088 diu
3075 2034 3337 2100 domino,

1770 2138 1961 2198 putans
1995 2143 2116 2184 eum
2167 2129 2220 2181 in
2270 2128 2370 2181 hoc
2418 2135 2723 2195 tepescere,
2762 2134 2919 2195 atque
2965 2125 3186 2194 implere
3230 2138 3336 2180 non

1769 2234 1928 2290 posse
1947 2222 1999 2275 in
2032 2220 2131 2275 hac
2158 2230 2333 2284 aetate,
2358 2218 2501 2289 quod
2524 2219 2789 2273 nitebatur
2814 2228 3068 2286 appetere
3085 2256 3099 2281 ,
3119 2216 3334 2272 tandem

1770 2315 1941 2369 victus
1969 2315 2214 2383 precibus
2243 2313 2426 2368 famuli
2457 2313 2756 2366 facultatem
2788 2312 3002 2374 tribuit,
3027 2320 3085 2365 ut
3112 2310 3165 2364 id
3191 2310 3335 2379 quod

1768 2404 2042 2474 ﬂagitabat
2068 2405 2335 2474 impleret.
2363 2405 2489 2459 Erat
2513 2413 2687 2459 autem
2713 2403 2784 2458 ibi
2806 2412 2989 2473 crypta
3010 2403 3078 2456 ab
3104 2402 3337 2471 antiquis

1770 2499 2097 2552 transvoluto
2112 2496 2330 2569 (Gallice
2349 2496 2529 2567 vollté)
2546 2496 2871 2565 elegantique
2893 2510 3055 2565 opere
3074 2496 3335 2564 exposita,

1770 2590 1821 2644 in
1837 2590 1988 2659 cujus
1998 2591 2189 2659 angulo
2205 2600 2320 2644 erat
2332 2590 2517 2645 cellula
2542 2603 2699 2658 parva
2712 2587 2779 2643 de
2790 2588 3059 2657 quadratis
3074 2587 3337 2656 lapidibus

1768 2684 1968 2749 clausa,
2001 2683 2053 2735 in
2084 2698 2241 2752 quam
2269 2683 2353 2735 vix
2389 2697 2526 2736 unus
2565 2692 2712 2736 stans
2752 2681 2912 2735 homo
2942 2682 3103 2751 recipi
3137 2690 3337 2750 posset.

1769 2773 1826 2827 ln
1844 2773 1982 2829 hanc
2001 2774 2245 2829 cellulam
2269 2789 2402 2844 puer
2424 2774 2737 2842 ingreditur;
2764 2773 2815 2827 in
2843 2774 2941 2828 hac
2967 2787 3060 2841 per
3096 2784 3217 2827 octo
3244 2782 3337 2829 aut

1769 2880 1834 2919 eo
1884 2867 2113 2936 amplius
2162 2881 2333 2921 annos
2378 2874 2757 2929 commoratus,
2787 2868 2930 2920 tenui
2958 2865 3076 2921 cibo
3104 2876 3338 2935 potuque

1767 2967 2072 3024 contentus,
2111 2958 2303 3026 vigiliis
2329 2956 2763 3026 orationibusque
2818 2958 3059 3012 vacabat.
3092 2955 3338 3012 Posthac

1771 3064 2019 3116 pavorem
2047 3050 2277 3103 validum
2301 3063 2607 3117 perpessus,
2628 3048 2859 3102 clamare
2885 3049 3065 3117 cmpit,
3084 3048 3337 3105 intrinse-

1766 3156 1859 3197 cns
1875 3154 1935 3194 se
1956 3140 2212 3208 torqueri.
2236 3137 2386 3193 Unde
2406 3136 2602 3193 factum
2619 3150 2718 3204 est,
2739 3150 2796 3193 ut
2813 3139 3097 3209 adjuvante
3111 3156 3256 3207 eum,
3279 3146 3339 3196 ut

1762 3236 1944 3299 credo,
1975 3232 2249 3286 diabolica:
2278 3230 2439 3300 partis
2470 3229 2689 3294 militia,
2722 3234 2915 3293 amotis
2960 3234 3176 3301 quadris
3218 3234 3336 3303 qui-

1764 3328 1861 3382 bus
1883 3325 2165 3380 conclusus
2190 3323 2487 3385 tenebatur,
2503 3324 2727 3378 elideret
2753 3326 3012 3392 parietem
3035 3325 3089 3378 in
3114 3334 3337 3392 terram,

1763 3418 2022 3472 collidens
2050 3418 2346 3487 palmas,et
2374 3413 2612 3467 clamans
2641 3429 2700 3468 se
2726 3428 2757 3467 a
2789 3416 2988 3469 sanctis
3014 3414 3107 3468 Dei
3133 3417 3334 3481 peruri.

1762 3511 2004 3577 Cumque
2029 3510 2327 3565 diutissime
2354 3512 2403 3564 in
2429 3510 2527 3565 hac
2554 3510 2756 3564 insania
2782 3520 3072 3569 teneretur.
3092 3517 3144 3561 et
3168 3508 3338 3562 sancti

1764 3602 1977 3656 Martini
2018 3603 2259 3658 crebrius
2300 3602 2642 3658 conﬁteretur
2675 3615 2867 3655 nomen
2891 3639 2910 3664 ,
2940 3614 3003 3653 ac
3043 3599 3248 3654 diceret
3274 3613 3335 3653 se

1767 3694 1940 3762 potius
1985 3695 2053 3749 ab
2080 3710 2146 3750 eo
2188 3712 2341 3764 quam
2373 3710 2402 3749 a
2428 3694 2630 3750 sanctis
2673 3693 2792 3747 aliis
2823 3692 3079 3755 cruciari,
3108 3690 3339 3765 Turonis

1764 3784 2064 3839 adducitur.
2113 3784 2217 3841 Sed
2247 3785 2421 3839 malus
2462 3784 2681 3852 spiritus
2701 3825 2717 3849 ,
2751 3782 2913 3838 credo
2933 3821 2951 3848 ,
2992 3784 3061 3836 ob
3092 3772 3337 3836 virtutem

1762 3888 1920 3945 atque
1948 3876 2360 3945 magnitudinem
2386 3878 2557 3931 sancti
2599 3888 2960 3942 compressus,
2995 3886 3333 3941 nequaquam

1766 3967 2032 4020 hominem
2060 3966 2342 4020 mutilavit.
2373 3965 2506 4019 Nam
2539 3967 2590 4018 in
2640 3965 2759 4019 loco
2788 3964 2904 4033 ipso
2934 3978 3028 4033 per
3057 3961 3182 4016 anni
3215 3976 3337 4017 cur-

1765 4059 1990 4114 riculum
2021 4057 2241 4127 degens,
2270 4071 2390 4111 cum
2420 4055 2553 4110 nihil
2576 4055 2703 4110 mali
2733 4062 3023 4123 pateretur,
3053 4066 3333 4123 regressus

1764 4159 1847 4207 est
1883 4168 1896 4205 :
1926 4150 2021 4205 sed
2048 4163 2233 4203 rursus
2260 4149 2452 4219 quibus
2479 4155 2742 4213 caruerat,
2774 4145 3024 4200 incurrit.

1838 4241 2052 4297 XXXV.
2082 4240 2260 4309 Legati
2289 4238 2356 4293 de
2383 4237 2650 4306 HiSpaniis
2672 4238 2739 4291 ad
2764 4251 2941 4307 regem
2969 4234 3333 4291 Guntcbram-

1765 4350 1890 4389 num
1922 4341 2186 4387 venerunt
2209 4347 2329 4386 cum
2358 4331 2533 4385 multis
2564 4329 2895 4395 muneribus,
2939 4342 3123 4399 pacem
3152 4336 3335 4400 peten-

1767 4437 1867 4491 tes,
1892 4426 1985 4481 sed
2017 4425 2293 4481 nibilcerti
2323 4424 2594 4493 accipiunt
2620 4422 2673 4477 in
2697 4421 2984 4493 responsis.
3013 4422 3142 4476 Nam
3163 4420 3327 4493 ωε

1765 4536 1905 4574 anno
1935 4518 2225 4589 prazterito,
2246 4500 2364 4572 cuin
2387 4517 2652 4571 exercitus
2676 4515 3056 4584 Septimaniam
3075 4513 3338 4568 debellas-

1765 4624 1865 4675 set.
1900 4629 2059 4668 naves
2087 4628 2204 4683 qua:
2226 4611 2293 4666 de
2321 4609 2501 4665 Galliis
2530 4610 2583 4665 in
2606 4609 2881 4665 Galliciam
2911 4609 3157 4665 abierant
3198 4618 3246 4674 ο,
3269 4624 3337 4667 ex

1763 4847 1846 4892 est
1876 4844 2052 4889 tamen
2078 4848 2144 4889 ex
2189 4831 2514 4888 Childeberti
2549 4831 2615 4887 Ill
2659 4831 2865 4899 charta,
2923 4846 3079 4903 quam
3122 4830 3175 4884 in
3228 4830 3337 4899 Ap-

1766 4907 1989 4974 pendice
2044 4906 2395 4972 proferemus,
2442 4906 2541 4957 sub
2597 4906 2764 4971 prima
2795 4918 2977 4973 regum
3024 4913 3332 4956 nostrorum

1756 4980 1920 5045 stirpe
1944 4976 2215 5029 basilicam
2238 4974 2406 5029 sancti
2431 4974 2636 5029 Martini
2664 4988 2730 5027 eo
2748 4974 2869 5045 loco
2896 4974 3191 5036 exstitisse,
3219 4985 3329 5039 quo

1758 5044 1897 5102 nunc
1926 5046 2150 5101 ecclesia
2182 5047 2347 5099 sancti
2400 5045 2609 5099 Martini
2661 5061 2689 5098 a
2719 5044 2932 5110 Campis
2986 5050 3184 5111 perstat
3217 5057 3331 5111 :an

1755 5133 1880 5173 vero
1904 5132 1965 5171 ea
1994 5117 2105 5183 ipsa
2131 5116 2199 5169 sit
2226 5132 2382 5183 quam
2415 5117 2500 5169 hic
2534 5114 2824 5184 Gregorius
2866 5113 3065 5179 laudat,
3096 5111 3214 5165 aliis
3243 5110 3326 5166 in-

1753 5188 2066 5259 quirendum
2092 5185 2459 5259 relinquimus.

1822 5257 1850 5297 ¹³
1892 5262 2059 5326 Supra
2090 5257 2179 5311 lib.
2209 5251 2261 5323 v,
2283 5273 2400 5325 cap.
2420 5258 2512 5322 2‘2,
2538 5255 2622 5310 ubi
2649 5254 2841 5309 dicitur
2874 5251 3205 5309 Vuinnocltus
3228 5267 3325 5308 seu

1763 5330 2070 5384 Vinnochus.

1820 5413 1843 5440 ο
1876 5400 1931 5453 ld
1961 5401 2131 5467 ipsum
2160 5398 2438 5465 designare
2460 5394 2623 5450 voluit
2650 5395 2804 5451 Joan.
2841 5395 3031 5451 Biclar.
3066 5394 3116 5448 in
3143 5394 3308 5450 Chro‘

1746 5472 1886 5537 nico,
1917 5472 2007 5525 ubi
2040 5472 2103 5524 ad
2136 5468 2429 5540 Leuvigildi
2460 5483 2657 5540 annum
2696 5468 2757 5540 l7
2810 5469 2972 5522 refert
3013 5467 3326 5540 provinciam

1747 5534 1989 5597 Callatia:
2017 5534 2329 5611 (legendum
2356 5550 2439 5611 est
2466 5554 2530 5594 ex
2562 5538 2663 5593 hoc
2695 5538 2936 5610 Gregorii
2969 5534 3333 5611 Idcn,Galle-

143 5604 943 5691 Eligitgllalesins,nec—mirumnessc
958 5604 1115 5691 dicit:
1134 5604 1643 5684 'titiie
1744 5615 1858 5691 cile,
1885 5628 1979 5667 seu
2008 5604 2285 5682 Cal'lwciw)
2311 5629 2343 5667 a
2373 5609 2693 5665 Francorum
2721 5604 3043 5687 inféstatione
3071 5610 3232 5665 fuisse
3257 5608 3332 5669 lie

143 5678 393 5741 miterasset
423 5678 606 5757 prioris
639 5678 792 5753 illius
808 5678 1638 5769 aidfil'icii"vestigititnriiertum

1746 5689 1991 5743 beralam.
