3942 6190
657 263 730 317 ’75
1609 268 1668 324 S.
1709 266 2036 327 GREGORII
2078 264 2386 321 EPISCOPI
2423 260 2853 325 TURONENSIS

3774 274 3873 329 I76

621 386 769 453 jussu
793 379 1117 436 Leuvicltildi
1150 382 1289 454 regis
1314 392 1533 440 vastatae
1562 398 1710 453 sunt,
1743 404 1828 443 res
1854 389 2066 453 ablatze,
2097 383 2190 438 ho-
2222 383 2273 440 Δ
2300 381 2544 436 manibus
2595 384 2752 439 etiam
2806 396 3033 453 propriis
3085 382 3370 439 verberare
3433 384 3871 454 progrediebatur

621 474 792 528 mines
822 473 945 527 carsi
973 484 1130 544 atque
1159 474 1457 543 interfecti,
1490 481 1724 533 nonnulli
1752 482 1947 549 captivi
1976 481 2192 537 abducti

621 572 766 618 sunt.
802 564 876 617 Ex
902 565 1093 635 quibus
1121 568 1272 635 pauci
1300 568 1693 636 quodammodo
1740 571 1953 641 scaphis
1997 572 2189 642 erepti,

623 653 808 723 patriae
835 669 951 722 quae
977 666 1092 708 acta
1127 655 1335 710 fuerant
1365 660 1758 713 nuntiaverunt.

693 744 929 799 XXXVI.
966 746 1122 813 Igitur
1151 748 1287 817 apud
1318 750 1717 807 Cltildehertum
1749 769 1930 825 regem
1972 756 2194 826 Magno-

624 835 812 889 valdus
845 837 1018 889 causis
1042 838 1263 892 occultis
1288 855 1349 892 ex
1378 838 1531 908 jussu
1560 843 1698 910 regis
1743 842 2055 899 interficitur
2094 847 2196 902 hoc

626 925 803 980 modo.
835 926 1019 982 Stante
1047 926 1176 982 infra
1210 930 1483 990 Mettensis
1514 934 1658 988 urbis
1687 936 1938 1003 palatium
1969 954 2112 1008 rege,
2142 950 2196 996 et

624 1015 807 1071 ludum
834 1029 1123 1087 spectante,
1156 1023 1383 1091 qualiter
1406 1024 1601 1078 animal
1630 1018 1839 1081 caterva
1884 1045 2073 1084 canutn
2094 1033 2199 1086 cir-

625 1110 930 1164 cumdatum
962 1111 1299 1181 fatigabatur,
1335 1115 1710 1181 Magnovaldus
1756 1121 2064 1175 arcessitur.
2097 1123 2197 1191 Qui

626 1200 869 1265 veniens,
899 1212 953 1255 et
982 1204 1224 1258 nesciens
1251 1221 1369 1270 quae
1395 1207 1595 1276 agenda
1626 1219 1801 1275 erant,
1831 1226 1949 1266 cum
1982 1216 2198 1284 reliquis

626 1291 917 1348 dissolutus
945 1296 1076 1360 risu,
1109 1299 1409 1365 prospicere
1450 1300 1702 1369 pecudem
1734 1305 1914 1373 coepit.
1945 1307 2015 1360 At
2042 1308 2086 1361 is
2112 1309 2196 1363 cui

626 1380 830 1437 iussum
863 1384 1053 1451 fuerat,
1080 1400 1196 1440 cum
1217 1389 1412 1443 videret
1441 1405 1563 1445 eum
1587 1396 1890 1461 spectaculo
1914 1398 2195 1470 intentum,

626 1471 815 1529 librata
843 1475 1035 1542 securi,
1064 1489 1220 1546 caput
1247 1479 1365 1550 ejus
1395 1483 1572 1549 illisit;
1599 1486 1693 1554 qui
1726 1488 1921 1544 cecidit
1959 1502 2010 1545 et
2058 1508 2201 1548 mor-

628 1573 750 1619 tuus
782 1576 879 1633 est,
912 1580 973 1620 ac
999 1584 1090 1637 per
1118 1569 1404 1625 fenestram
1452 1573 1643 1630 domus
1684 1578 1969 1647 proiectus,
2018 1597 2047 1635 a
2090 1586 2201 1638 suis

626 1658 865 1725 sepultus
894 1670 994 1727 est,
1027 1677 1216 1731 resque
1243 1665 1358 1731 ejus
1389 1667 1630 1733 protinus
1656 1668 1898 1738 direptae,
1927 1681 1981 1726 et
2009 1676 2201 1729 aerario

2294 472 2525 539 multos,
2554 489 2618 530 ac
2663 474 2884 530 dicere:
2918 474 3051 528 Nunt
3102 474 3220 529 ideo
3265 474 3386 545 quia
3431 476 3662 531 clericus
3712 478 3870 534 factus

2294 580 2436 632 sum,
2463 567 2603 619 ultor
2650 567 2962 635 injuriarum
2994 582 3232 621 mearum
3283 582 3387 622 non
3417 570 3547 623 ero?
3593 569 3708 625 Sed
3755 571 3868 640 quid

2295 657 2468 713 dicam
2498 658 2564 712 de
2591 659 2820 725 ceteris,
2854 675 2973 714 cum
3018 674 3117 714 nec
3163 660 3291 726 ipsis
3346 674 3556 728 quoque
3603 666 3868 730 germanis

2296 759 2558 819 parceret,
2588 750 2681 804 sed
2706 750 2849 817 ipsos
2879 749 3045 819 magis
3074 752 3429 819 exspoliaret?
3458 751 3591 805 Cum
3608 768 3725 820 quo
3746 769 3870 807 nun-

2296 855 2451 909 quam
2472 840 2735 910 justitiam
2760 840 2823 895 dc
2853 841 3011 895 rebus
3042 841 3276 910 paternis
3303 843 3629 897 maternisve
3660 847 3865 912 assequi

2299 943 2598 1003 potuerunt.
2633 935 2827 1002 Quinto
2856 946 3032 991 autem
3079 950 3219 991 anno
3265 936 3605 1006 episcopatus
3653 940 3739 993 sui
3786 956 3868 993 ex-

2296 1029 2472 1099 pleto,
2502 1046 2620 1083 cum
2646 1030 2756 1100 jam
2785 1041 2991 1084 sextum
3036 1030 3359 1101 ingrediens,
3404 1032 3624 1099 epulum
3673 1033 3866 1087 civibus

2297 1136 2416 1175 cum
2440 1122 2697 1176 immensa
2727 1121 2905 1193 laetitia
2931 1134 3312 1191 prmparasset:
3338 1137 3369 1177 a
3394 1124 3543 1178 febre
3569 1136 3865 1193 correptus,

2297 1225 2492 1265 annum
2523 1228 2680 1281 quem
2703 1225 2938 1283 coeperat
2962 1215 3201 1283 promtus
3224 1223 3393 1270 morte
3417 1216 3738 1271 imminente
3763 1218 3862 1270 ﬁni-

2297 1304 2394 1356 vit.
2424 1302 2480 1358 In
2502 1304 2651 1373 cujus
2676 1304 2847 1361 locum
2873 1305 3282 1361 Bertchramnus
3313 1307 3613 1364 Parisiacus
3646 1319 3670 1348 ε
3704 1310 3862 1364 archi-

2297 1392 2553 1449 diaconus
2601 1398 2918 1466 subrogatus
2965 1408 3070 1452 est.
3117 1397 3217 1463 Qui
3263 1399 3456 1454 multas
3499 1400 3863 1456 altercationes

2298 1495 2421 1540 cum“
2450 1486 2631 1542 relicta
2655 1488 2790 1543 illius
2813 1489 3045 1545 defuncti
3070 1490 3317 1547 habuisse
3342 1493 3617 1560 probatur,
3647 1510 3717 1549 eo
3737 1495 3864 1563 quod

2298 1591 2412 1643 res,
2444 1593 2563 1643 quae
2589 1589 2829 1650 tempore
2856 1581 3132 1650 Badcgisili
3161 1583 3394 1652 episcopi
3442 1585 3695 1641 ecclesia;
3741 1587 3863 1641 data:

2300 1670 2529 1736 fuerant,
2562 1679 2808 1742 tanquam
2832 1676 3073 1744 proprias
3112 1678 3393 1742 retinebat,
3426 1677 3615 1734 dicens
3648 1698 3661 1732 :
3696 1678 3865 1734 Militia

626 1748 869 1818 publico,
898 1761 1152 1820 quantum
1182 1766 1450 1823 repertum
1474 1765 1591 1821 est,
1634 1756 1756 1811 sant
1801 1758 1981 1815 illatae.
2035 1766 2203 1818 Autu-
2230 1765 2279 1826 B
2305 1762 2418 1816 haec
2448 1762 2544 1818 fuit
2573 1765 2668 1819 viri
2693 1766 2818 1834 mei,
2846 1775 2901 1821 et
2930 1766 3054 1822 licet
3081 1768 3262 1834 invita,
3296 1779 3470 1822 tamen
3491 1780 3694 1823 cuncta
3721 1768 3863 1824 resti-

631 1838 845 1892 mabant
877 1847 1048 1895 tamen
1077 1843 1312 1911 quidam,
1344 1846 1579 1914 eoquod
1609 1858 1732 1917 post
1770 1863 1994 1906 mortem
2024 1853 2203 1909 fratris

628 1927 853 1985 diversis
899 1935 1061 2001 plagis
1113 1936 1391 2006 conjugem
1447 1936 1687 1993 aﬂectam
1729 1941 2097 2000 interfecisset.
2148 1959 2203 2003 et

630 2035 847 2077 uxorem
880 2027 1059 2079 fratris
1087 2038 1311 2084 ascxsset
1356 2038 1503 2097 toro,
1535 2033 1800 2089 exstitisse
1836 2050 2049 2092 causam
2098 2054 2199 2109 qua

626 2110 1036 2170 interimeretur.

699 2203 962 2260 XXXVII.
996 2208 1238 2264 Postlth
1261 2209 1601 2268 Childeberto
1628 2217 1734 2284 regi
1760 2216 1897 2272 filius
1920 2228 2075 2274 natus
2095 2230 2199 2288 est,

626 2292 718 2360 qui
763 2308 791 2346 a
842 2294 1143 2363 Magnerico
1192 2298 1542 2355 Treverorum
1589 2306 1838 2374 episcopo
1870 2318 1896 2343 ἰ
1928 2310 1995 2364 de
2048 2325 2203 2364 sacro

626 2381 777 2437 fonte
802 2396 1103 2452 susceptus,
1130 2388 1532 2465 Theodobertus
1562 2404 1645 2449 est
1672 2399 1932 2454 vocitatus
1966 2420 1976 2453 :
2005 2403 2069 2454 de
2096 2418 2202 2472 quo

632 2482 834 2528 tantum
859 2478 1105 2546 gaudium
1133 2480 1559 2541 Guntcbramnus
1583 2503 1676 2542 rex
1713 2489 1912 2556 habuit,
1944 2500 1999 2545 ut
2021 2497 2200 2550 statim

629 2568 830 2639 legatos
859 2573 1113 2643 dirigens,
1153 2578 1318 2631 multa
1348 2580 1395 2634 ei
1429 2596 1646 2652 munera
1680 2588 2089 2653 transmitteret,
2123 2590 2203 2644 di-

627 2674 757 2714 cens
790 2679 802 2714 :
834 2662 934 2717 Per
963 2665 1103 2720 hunc
1124 2668 1262 2721 enim
1314 2670 1449 2726 Deus
1490 2674 1698 2741 erigere
1747 2675 2067 2732 Francorum
2112 2696 2200 2735 re-

624 2773 787 2827 gnum
832 2762 1040 2831 propria
1070 2764 1361 2833 majestatis
1400 2783 1509 2823 suae
1558 2771 1755 2837 pietate
1796 2773 2127 2843 dignabitur,
2153 2776 2200 2832 si

632 2851 756 2907 huic
784 2864 950 2923 pater,
980 2868 1071 2911 aut
1099 2859 1209 2928 ipse
1238 2861 1429 2916 vixerit
1455 2865 1611 2931 patri.

700 2945 984 3003 XXXVIII.
1017 2951 1169 3006 Anno
1199 2952 1425 3023 denique
1476 2958 1756 3014 undecimo
1794 2962 1940 3031 regni
1988 2962 2199 3021 Cltilde-

628 3039 767 3095 berti
794 3043 955 3113 regis,
988 3044 1140 3113 legati
1174 3047 1362 3101 iterum
1392 3048 1458 3103 de
1487 3050 1751 3120 Hispaniis
1784 3067 2067 3120 venerunt,
2102 3073 2196 3126 pa-

2304 1857 2424 1911 tuit.
2461 1858 2585 1913 Erat
2614 1858 2753 1913 enim
2787 1858 3039 1914 ineffabili
3068 1860 3294 1925 malitia;
3347 1875 3467 1914 nam
3506 1861 3710 1930 Srpius
3754 1861 3869 1914 viris

2303 1951 2479 2003 omnia
2519 1950 2765 2019 pudenda
2808 1965 2929 2004 cum
2968 1951 3096 2019 ipsis
3148 1949 3346 2005 ventris
3393 1950 3622 2017 pellibus
3673 1951 3864 2015 incidit,

2302 2038 2518 2096 feminis
2546 2040 2833 2096 secretiora
2862 2040 3101 2109 corporis
3127 2041 3240 2095 loca
3282 2041 3492 2096 laminis
3522 2042 3867 2098 candentibus

2304 2134 2557 2203 perussit,
2589 2134 2683 2188 sed
2714 2142 2769 2188 et
2792 2134 2955 2188 multa
2985 2134 3085 2187 alia
3114 2133 3292 2203 inique
3318 2135 3502 2203 gessit,
3550 2149 3673 2203 qua:
3705 2146 3866 2189 tacere

2304 2228 2497 2281 melius
2529 2226 2729 2295 putavi.
2760 2227 2900 2280 Obiit
2938 2234 2993 2280 et
3020 2225 3294 2281 Sabaudus
3321 2224 3346 2261 ά
3384 2227 3718 2282 Arelatensis
3761 2227 3866 2295 epi-

2304 2332 2519 2385 sc0pus,
2544 2317 2597 2371 in
2623 2317 2772 2384 cujus
2826 2316 3001 2370 locum
3050 2315 3208 2387 411
3258 2314 3495 2371 Licerius
3524 2318 3665 2388 regis
3712 2316 3867 2373 Gunt-

2303 2410 2545 2465 chramui
2592 2408 2980 2465 referendarius
3006 2419 3088 2464 est
3121 2411 3341 2465 ascitus.
3371 2409 3562 2465 Gravis
3590 2421 3718 2466 tunc
3748 2410 3865 2465 Pro-

2304 2503 2532 2557 vinciam
2562 2503 2731 2571 ipsam
2761 2502 2874 2556 lues
2892 2503 3207 2571 depopulata
3238 2512 3342 2559 est.
3371 2502 3509 2558 Obiit
3537 2515 3590 2558 et
3610 2504 3865 2559 Evantius

2305 2593 2621 2649 Viennensis
2640 2594 2919 2663 episcopus
2945 2603 2991 2659 ο,
3022 2594 3072 2648 ἰιι
3095 2594 3245 2669 cujus
3269 2595 3448 2650 sedem
3471 2594 3621 2649 Virus
3648 2597 3865 2666 presby-

2305 2697 2386 2741 ter
2407 2687 2474 2741 de
2501 2686 2832 2741 senatoribus
2855 2703 2979 2757 rege
2996 2687 3222 2757 eligente
3242 2688 3592 2742 substituitur.
3612 2686 3865 2758 Multique

2303 2793 2369 2833 eo
2396 2794 2537 2834 anno
2580 2780 2914 2834 sacerdotum
2962 2796 3024 2834 ex
3074 2781 3174 2835 hoc
3221 2781 3421 2835 mundo
3462 2782 3857 2851 migraverunt:

2303 2868 2441 2938 quod
2475 2871 2749 2936 praeterire
2772 2870 2909 2923 volui
2942 2869 2986 2935 ί,
3017 2885 3081 2924 eo
3110 2870 3251 2938 quod
3273 2872 3639 2942 unusquisque
3666 2873 3718 2927 in
3744 2872 3860 2926 urbe

2303 2976 2396 3014 sua
2427 2962 2508 3015 sui
2540 2961 2813 3030 reliquerit
2843 2973 3180 3018 monimenta.

2376 3053 2488 3108 XL.
2520 3054 2640 3108 Fuit
2666 3064 2839 3108 autem
2863 3062 2919 3107 et
2948 3055 2997 3107 itt
3029 3055 3159 3109 urbe
3190 3054 3451 3110 Turonica
3480 3055 3725 3126 Pelagius
3749 3055 3856 3124 qui-

629 3149 747 3188 cem
787 3146 1028 3203 petentes
1060 3155 1073 3190 :
1101 3139 1193 3193 sed
1242 3141 1370 3195 nihil
1419 3144 1549 3198 certi
1589 3146 1919 3209 obtinentes.
1965 3155 2195 3223 regressi
2223 3151 2270 3215 C
2302 3150 2444 3217 dam,
2471 3147 2522 3202 in
2553 3147 2698 3201 omni
2746 3146 2946 3200 malitia
2994 3146 3333 3224 exercitatus,
3387 3147 3593 3202 nullum
3642 3147 3853 3217 judicent

622 3235 766 3281 sunt.
816 3228 1137 3285 Ricltaredus
1180 3241 1389 3298 autem,
1437 3236 1576 3292 filius
1626 3239 1980 3310 Leuvicbiltli,
2030 3261 2197 3314 usque

625 3319 924 3376 Narbonam
954 3322 1118 3394 410
1146 3326 1308 3394 venit,
1338 3338 1392 3382 et
1421 3328 1557 3384 intra
1589 3334 1871 3391 terminum
1900 3336 2193 3397 Galliarum

626 3411 989 3480 praedas-egit,
1020 3424 1074 3468 et
1102 3415 1235 3469 clam
1266 3412 1540 3486 regressus
1565 3431 1681 3481 est-

698 3500 942 3558 XXXIX.
974 3504 1051 3559 Eo
1078 3504 1105 3545 δ
1135 3521 1274 3561 anno
1323 3511 1472 3565 multi
1514 3514 1881 3583 episcoporum
1924 3518 2191 3578 obierunt.

627 3592 951 3664 Badegisilus
975 3613 1104 3653 vero
1118 3597 1582 3659 Cenomannorum
1607 3608 1907 3679 episcopus,
1936 3614 2018 3668 vir
2040 3616 2196 3671 valde

625 3685 873 3759 stevusin
905 3690 1119 3756 populo,
1151 3691 1404 3745 auferens
1432 3695 1543 3749 sive
1572 3696 1823 3763 diripiens
1868 3701 2064 3768 injuste
2109 3720 2195 3760 res

624 3774 954 3834 diversorum
986 3799 999 3834 :
1028 3782 1093 3836 ad
1122 3783 1274 3852 cujus
1300 3788 1531 3842 animum
1561 3791 1808 3846 acerbum
1838 3807 1996 3864 atque
2022 3798 2194 3852 immi-

627 3877 733 3923 tem
758 3870 949 3940 conjur
981 3888 1282 3933 accesserat
1306 3880 1514 3947 savior,
1546 3898 1663 3951 qua:
1694 3884 1839 3939 illum
1873 3889 1922 3940 iit
1951 3892 2196 3944 commit-

629 3964 800 4017 tendis
829 3967 1139 4033 sceleribus,
1188 3971 1527 4041 nequissimis
1575 3978 1780 4031 consilii
1806 3979 2032 4035 stimulls
2073 4000 2193 4051 pcr-

623 4056 863 4125 urgebat.
895 4058 1002 4113 Nec
1025 4064 1323 4128 prteteribat
1368 4066 1500 4128 dies,
1543 4078 1973 4126 autmotncntum
1999 4076 2184 4143 ullum,

622 4147 677 4201 in
707 4165 810 4205 duo
839 4165 943 4205 non
974 4161 1066 4206 aut
1094 4154 1144 4207 in
1172 4156 1358 4221 spoliis
1388 4158 1605 4221 civium.
1637 4174 1726 4214 aut
1754 4161 1806 4215 itt
1852 4165 2074 4219 diversis
2117 4168 2192 4219 al-

625 4242 998 4296 tercationibus
1034 4257 1383 4310 grassaretur.
1419 4249 1663 4314 Quotidie
1688 4262 1863 4305 autem
1892 4269 2009 4307 eum
2051 4255 2197 4325 judi-

622 4329 773 4386 cibus
793 4347 978 4389 causas
1009 4337 1301 4403 discutere,
1348 4342 1560 4396 militias
1587 4346 1870 4399 saeculares
1916 4362 2191 4407 exercere.

622 4424 816 4480 saevire
842 4425 896 4480 in
937 4428 1090 4492 alios,
1121 4431 1255 4485 alios
1293 4432 1527 4487 cwdibus
1569 4450 1726 4507 agere
1773 4452 1875 4490 non
1926 4441 2191 4509 cessabat,

2303 3252 2563 3304 metuens,
2597 3254 2693 3306 pro
2730 3253 2795 3293 eo
2822 3238 2963 3309 quod
2991 3238 3351 3307 iumentorum
3382 3238 3649 3295 ﬁscaliuru
3693 3248 3854 3294 custo-

2299 3330 2391 3387 des
2415 3331 2513 3385 sub
2540 3332 2657 3398 ejus
2686 3338 2944 3399 potestate
2972 3329 3347 3385 consisterent.
3378 3330 3458 3385 Ob
3488 3330 3591 3386 hoc
3614 3331 3763 3395 furta,
3782 3344 3851 3384 su-

2300 3432 2550 3490 perventa
2580 3431 2629 3487 8,
2661 3422 3021 3489 pervasioues,
3069 3422 3264 3487 credes,
3295 3423 3618 3492 diversaque
3644 3424 3848 3489 scelera,

2300 3522 2406 3568 tam
2438 3515 2489 3567 in
2521 3513 2830 3568 fluminibus
2858 3527 3013 3581 quam
3042 3512 3093 3565 in
3139 3513 3316 3577 terris,
3345 3528 3503 3582 agere
3551 3530 3660 3569 non
3687 3527 3846 3570 cessa-

2300 3604 2409 3659 bat.
2438 3604 2569 3659 Nam
2601 3604 2913 3673 plerumque
2937 3601 3276 3665 arcessitum,
3321 3614 3376 3656 et
3402 3603 3703 3660 minacibus
3728 3603 3847 3657 lent-

2298 3698 2501 3767 busque
2530 3696 2725 3761 verbis,
2758 3706 2815 3750 ut
2854 3695 2921 3747 ab
2967 3696 3065 3747 hac
3110 3695 3307 3748 malitia
3335 3694 3647 3761 desisteret,
3691 3694 3848 3765 prohi-

2299 3789 2424 3843 bere
2452 3786 2594 3841 volui
2627 3804 2641 3842 :
2673 3787 2764 3841 sed
2795 3787 2962 3855 magis
2988 3786 3107 3840 odia
3150 3801 3305 3854 quam
3354 3785 3588 3855 aliquem
3644 3786 3847 3840 fructum

2293 3882 2515 3951 jIISlilItP.
2535 3882 2604 3935 ab
2628 3895 2693 3934 eo
2728 3880 2929 3947 recepi,
2974 3879 3123 3947 juxta
3165 3878 3293 3933 illud
3341 3877 3729 3935 Salomoniacat
3765 3879 3846 3930 Sa-

2299 3974 2510 4042 pientia:
2541 3970 2874 4039 proverbium
2908 3987 2922 4023 :
2952 3969 3123 4038 Argue
3148 3970 3381 4033 stultum,
3411 3969 3628 4036 adjiciat
3656 3969 3785 4024 odire
3807 3975 3845 4017 te

2298 4067 2477 4136 (Prov.
2509 4081 2579 4131 ix,
2613 4064 2689 4133 8).
2723 4064 2852 4117 Nam
2886 4073 3085 4117 tantum
3118 4063 3168 4116 in
3198 4078 3282 4117 me
3311 4062 3487 4115 odium
3514 4063 3679 4117 miser
3706 4061 3844 4114 habeo

2298 4161 2407 4223 hat,
2440 4166 2498 4210 ttt
2536 4158 2732 4223 saepius
2761 4154 3000 4224 spoliatis
3028 4156 3287 4222 caesisque
3332 4153 3641 4208 hominibus
3668 4160 3842 4208 sancta:

2294 4252 2553 4313 ecclesiae,
2582 4249 2853 4303 exanimes
2882 4248 3172 4317 reliquerit,
3217 4260 3406 4301 causas
3432 4245 3665 4314 qualiter
3688 4240 3841 4297 eccle-

2294 4343 2387 4396 siae
2421 4342 2500 4395 vel
2556 4341 2791 4394 basilica:
2837 4341 3007 4394 sancti
3049 4339 3255 4393 Martini
3300 4338 3493 4391 damna
3544 4334 3837 4392 intenderet.

2294 4433 2588 4501 inquirens.
2622 4431 2773 4488 Unde
2804 4431 3000 4485 factum
3028 4439 3138 4499 est,
3168 4440 3224 4485 ut
3251 4430 3475 4500 quadam
3505 4427 3624 4483 vice
3653 4424 3841 4481 venienv

690 4590 716 4618 ⁸
744 4581 1059 4663 Goliturdie
1085 4586 1156 4642 25
1183 4588 1303 4663 .Iulii
1328 4605 1343 4653 ;
1385 4589 1621 4663 sepultus
1650 4599 1731 4644 est
1761 4592 1811 4644 in
1858 4595 2181 4648 monasterio
2211 4596 2260 4656 Ι)
2288 4610 2384 4663 per
2413 4593 2573 4648 fluvio
2592 4590 2716 4644 Cala
2748 4589 2983 4663 dimisit,
3013 4585 3477 4663 rogansabbatem
3507 4584 3725 4663 illustris.
3756 4577 3839 4663 logi

621 4654 787 4704 sancti
818 4654 1048 4727 Martini,
1078 4673 1107 4709 a
1139 4659 1312 4725 seipso
1360 4654 1595 4723 conditu,
1643 4662 1780 4727 quod
1835 4666 1993 4717 etiam
2043 4680 2184 4719 nunc

620 4725 920 4803 esstat'sub
948 4728 1134 4803 ordine
1156 4729 1525 4803 lienedictino.
1578 4725 1701 4799 Ejus
1756 4733 1920 4787 Vitam
1971 4736 2185 4803 scripsit

621 4791 913 4871 Iibervinus
941 4797 1125 4871 abbas,
1155 4797 1393 4871 laudatur
1416 4816 1446 4854 a
1481 4791 1768 4856 Fortunato
1790 4804 1883 4859 lib.
1912 4820 1987 4871 ιιι,
2013 4791 2182 4861 carm.

619 4863 709 4925 II,
737 4873 791 4916 et
815 4866 1009 4933 passim
1038 4883 1065 4918 a
1091 4878 1273 4921 nostro
1299 4867 1573 4933 Gregorio.

692 4933 729 5011 ξ)-
752 4934 861 4990 Hoc
904 4946 1059 5011 eaput
1106 4954 1239 5011 cuni
1275 4947 1500 5011 quatuor
1542 4943 1882 5011 sequentibus
1933 4945 2083 5000 deest
2128 4946 2179 5001 in

618 5003 767 5081 (λιιι).
800 5021 851 5063 a.
883 5016 935 5081 et
959 5005 1079 5081 Yat.
1114 5009 1186 5062 De
1212 5008 1515 5081 Badegesilo
1544 5003 1700 5075 supra
1733 5015 1824 5068 lib.
1861 5030 1934 5079 VI,
1969 5031 2085 5080 cap.
2113 5017 2175 5081 9;

618 5077 929 5147 subscripsit
958 5079 1193 5133 Concilio
1221 5079 1613 5134 Martisconettsi
1644 5098 1702 5147 ιι,
1733 5099 1871 5138 anno
1901 5077 2179 5141 5'85._Con'-

612 5142 706 5267 gi:
734 5142 847 5214 ejus
877 5148 1233 5219 Magnatrtttlis
1258 5152 1553 5220 appellatur
1582 5142 1732 5207 infra.
1767 5156 1857 5208 lib.
1896 5173 1951 5221 χ,
1977 5173 2095 5225 cap.
2120 5159 2175 5213 5.

666 5218 1028 5267 Istintzuentlus
1054 5230 1137 5267 est
1164 5236 1192 5267 a
1240 5221 1581 5267 Ret-tenesiltL
1611 5223 1697 5267 mli
1727 5226 1966 5267 namdmn
1998 5228 2175 5267 endam

657 5215 1028 5295 [istinguendus
1054 5230 1137 5295 est
1164 5236 1203 5295 Ξ
1240 5215 1583 5292 Bertrgesilo,
1611 5223 1699 5292 qui
1727 5215 1966 5281 eamdem
1998 5215 2177 5282 sedem

619 5282 699 5366 bis
726 5282 933 5366 injasit,
966 5299 1023 5344 ut
1073 5293 1123 5346 in
1162 5282 1503 5347 Testamento
1532 5282 1641 5347 suo.
1665 5298 2007 5366 conqueritur
2056 5313 2181 5353 san-

614 5365 730 5408 ctus
760 5356 1118 5415 Bertramnns.

689 5426 871 5505 f_Ejns
902 5433 1027 5505 .{I_ct:t
1059 5433 1314 5487 habentur
1345 5444 1488 5488 tumo
1518 5428 1583 5488 lll
1610 5437 1851 5490 Analect.
1881 5436 2174 5504 Mabillon.,

613 5490 1346 5579 ubi.ipstus_Testat_nentum,
1372 5521 1479 5579 quo
1525 5508 1660 5579 inter
1703 5506 1823 5579 alia”
1851 5490 2012 5561 multa

614 5563 775 5618 variis
802 5563 1563 5643 ecclesiisdnnavit,'ba'silicze
1592 5577 1729 5629 beati
1767 5575 2047 5643 Vincentii,
2072 5563 2168 5634 ἰιιιί

613 5648 808 5709 corpus
834 5637 977 5709 beati
1016 5640 1283 5704 Germani,
1315 5658 1342 5693 a
1373 5657 1477 5709 quo
1521 5647 1780 5698 enutritus
1836 5637 2045 5707 fuerat.
2080 5665 2165 5702 re-

614 5705 855 5777 quiescit,
898 5708 1068 5762 villatu
1103 5710 1311 5765 Bobanc
1340 5705 1693 5768 III-[CII‘IIOI‘IO
1738 5705 2037 5784 Stampcnsi
2078 5736 2164 5773 su-

2288 4650 2460 4728 illius,
2491 4674 2549 4717 ut
2578 4677 2767 4717 nomen
2797 4663 2910 4727 ejus
2939 4650 2989 4713 iu
3024 4650 3161 4712 libro
3183 4658 3317 4728 vitae
3355 4657 3633 4710 recitetur.
3665 4650 3837 4728 fariis

2288 4724 2531 4791 conciliis
2563 4724 2838 4786 interfuit;
2856 4730 3070 4783 Festum
3098 4729 3211 4797 ejus
3242 4727 3546 4781 celebratur
3588 4728 3638 4780 in
3664 4724 3835 4797 Mart}

2290 4807 2391 4859 rul.
2424 4804 2697 4861 Gallicana
2735 4802 2821 4855 die
2854 4800 2938 4852 Ill.
2971 4800 3108 4854 Non.
3129 4795 3444 4851 Februarii.
3480 4797 3555 4852 De
3582 4812 3647 4851 eo
3688 4795 3835 4860 Pape-

2289 4876 2538 4931 brochius
2564 4875 2627 4928 ad
2658 4873 2796 4927 diem
2827 4871 2859 4925 6
2886 4869 3029 4923 Junii
3061 4867 3407 4922 Bollandia’ni.

2360 4951 2387 4983 α
2422 4946 2493 4999 De
2523 4946 2621 4999 hoc
2649 4958 2805 5011 supra
2839 4942 2929 4995 lib.
2958 4955 3031 5007 tv,
3056 4955 3176 5007 cap.
3206 4938 3309 5011 5t);
3341 4937 3537 4991 dicitur
3564 4936 3713 5011 vulgo
3740 4930 3830 5010 Stt-

2285 5018 2510 5087 paudus.
2542 5008 3011 5087 \lariis:Conciliis_
3056 5009 3309 5087 interfuit,
3346 5019 3408 5087 et
3452 5008 3831 5087 vicariatutu'in

2287 5072 2471 5142 Galliis
2498 5102 2526 5139 a
2558 5083 2771 5154 Pelagio
2800 5097 2934 5154 papa
2965 5082 3207 5135 obtinuit.
3242 5072 3318 5133 De
3344 5078 3556 5133 Licerio
3595 5075 3722 5129 infra
3748 5072 3827 5124 lib.

2282 5170 2359 5223 Ix,
2389 5172 2505 5226 cap.
2532 5154 2622 5208 25.
3377 5219 3388 5229 ⁸

2358 5238 2381 5265 ο
2411 5228 2660 5281 Evantius
2704 5222 3019 5292 subscripsit
3058 5220 3221 5275 Cone.
3266 5219 3473 5292 Matisc.
3499 5234 3538 5286 t,
3569 5210 3827 5292 an._5§|;

2287 5298 2451 5368 Lugd.
2482 5294 2841 5370 titt,_an‘.‘583;
2889 5285 3096 5370 valent.
3130 5307 3187 5356 tt,
3227 5305 3316 5370 an.
3367 5285 3617 5370 §84,;et-
3646 5285 3824 5370 Matii?-

2283 5385 2340 5433 tt,
2366 5358 2461 5423 an.
2494 5358 2616 5421 585.
2653 5358 2864 5420 Festum
2909 5364 3025 5432 ejus
3071 5362 3308 5416 nonnulli
3348 5360 3436 5414 die
3485 5360 3552 5414 15
3592 5358 3824 5414 Januarii,

2282 5442 2369 5494 alii
2400 5445 2432 5496 5
2464 5438 2643 5505 b‘cbr.,
2677 5437 2934 5491 recolunt.

2356 5509 2373 5547 τ
2400 5511 2609 5583 Βεςῐη.,
2635 5509 2795 5583 nolui.
3058 5576 3070 5583 _
3112 5576 3123 5583 _
3224 5574 3235 5583 ι
3504 5574 3533 5583 ν,
3692 5575 3706 5583 _
3738 5564 3748 5583 3

2348 5592 2371 5627 ε
2398 5581 2453 5635 Id
2479 5574 2852 5650 cst,'rapinas,
2882 5592 2976 5633 seu
3024 5574 3299 5631 violentias
3331 5574 3634 5644 repentinas
3659 5575 3711 5625 et
3738 5578 3825 5620 tm.

2275 5666 2539 5720 pracvnsas.
