3942 6190
99 224 174 277 »177

990 224 1308 281 HISTORIA
1348 224 1790 283 FRANCORUM.
1835 226 2035 282 LIBER
2076 225 2413 283 OCTAVUS.

3203 230 3308 286 478

99 349 161 395 tes
183 339 411 393 homines
435 347 668 405 nostros,
697 346 854 409 atque
877 339 1124 394 ecbiuum
1151 340 1201 393 iu
1226 338 1365 393 vasis
1386 338 1630 394 deleren-
1655 343 1709 401 Α
1736 340 1967 410 migisilo
1993 355 2201 410 quoque
2242 348 2438 395 metum
2484 340 2692 406 intulit,
2736 342 2828 397 sed
2881 344 3183 412 pacilicatus
3225 356 3309 401 es:

99 441 161 485 tes
180 430 412 493 caderet,
449 439 766 498 protereret,
797 431 1020 500 ipsaque
1044 445 1168 485 vasa
1197 439 1432 501 caperet.
1476 429 1632 497 Quod

101 522 258 576 factum
280 537 395 577 cum
427 523 828 589 comperissem,
875 538 998 576 eum
1032 537 1061 575 a
1088 524 1459 577 communione
1517 537 1635 576 sus-

102 613 244 682 pendi,
269 627 369 667 non
396 615 556 682 quasi
584 613 722 666 ultor
749 612 956 683 injuriae
987 628 1143 677 meat,
1175 613 1267 667 sed
1317 621 1378 668 ut
1428 612 1633 667 facilius

104 721 195 757 eum
221 704 280 757 ab
306 703 403 757 hac
436 703 644 758 insania
693 704 972 759 redderem
1025 704 1384 759 emendatum.
1433 703 1501 757 At
1547 703 1634 758 ille

104 793 250 848 electis
275 794 555 849 duodecim
581 795 727 859 viris,
771 804 823 848 ut
877 794 979 848 hoc
1006 795 1180 850 scelus
1210 793 1494 864 pejeraret,
1541 793 1635 847 ad-

106 889 231 943 venit.
259 887 356 944 Sed
388 902 511 942 cum
537 902 633 957 ego
661 887 858 941 nullum
888 888 1077 941 vellem
1108 896 1497 941 sacramentum
1525 899 1635 938 sus-

104 982 262 1048 cipere,
289 979 593 1047 compulsus
621 980 689 1032 ab
718 993 804 1044 eo,
835 980 916 1033 vel
947 994 975 1031 a
1006 979 1209 1033 civibus
1238 979 1455 1042 nostris,
1481 991 1634 1030 amo-

106 1072 156 1123 tis
200 1069 399 1138 reliquis
429 1109 444 1134 ,
491 1069 662 1137 ipsius
718 1078 919 1123 tantum
970 1069 1328 1139 jurumentum
1386 1068 1630 1134 suscepi,

106 1161 300 1229 iussique
324 1176 436 1214 eum
469 1161 639 1228 recipi
687 1162 741 1214 in
784 1161 1233 1214 communionem.
1286 1160 1412 1212 Erat
1457 1168 1632 1212 autem

107 1266 155 1306 eo
176 1260 387 1321 tempore
413 1253 619 1306 mensis
647 1251 863 1319 primus.
893 1250 1222 1304 Advenienle
1247 1256 1423 1302 autem
1452 1262 1634 1303 mense

108 1346 272 1413 quinto,
301 1359 395 1413 quo
425 1353 579 1413 prata
608 1347 795 1405 secari,
808 1345 1003 1406 solent,
1034 1352 1238 1411 pratum
1262 1341 1637 1397 sanctimonia-

109 1436 224 1500 lium,
245 1436 373 1506 quod
402 1438 635 1490 termino
666 1435 795 1503 prati
824 1436 903 1489 sui
934 1433 1258 1497 adhaerebat,
1286 1432 1549 1494 pervadit.
1578 1432 1634 1486 In

111 1541 188 1595 quo
211 1525 367 1582 statim
401 1536 458 1581 ut
486 1527 678 1581 falcem
701 1527 867 1589 misit,
901 1526 1046 1580 febre
1081 1534 1379 1593 correptus,
1407 1524 1496 1579 die
1522 1532 1633 1578 ter-

112 1618 164 1669 tia
188 1618 400 1686 spiritum
430 1618 724 1673 exhalavit.
768 1619 1092 1685 Deposuerat
1122 1617 1261 1671 enim
1307 1616 1406 1670 sibi
1454 1617 1634 1685 sepul-

1732 448 1851 487 cum
1882 447 1968 490 eo.
1995 432 2269 487 Accedens
2298 441 2475 487 autem
2506 433 2571 486 ad
2605 433 2809 497 urbem,
2846 434 2970 488 dum
3001 436 3309 503 epularetur

1733 538 1853 578 cum
1883 523 2108 578 diversis
2137 523 2189 576 in
2221 523 2430 591 tristega
2459 534 2506 589 ε,
2540 523 2716 577 subito
2741 524 2963 579 effracto
2991 525 3191 594 pulpito
3210 526 3307 580 do-

1734 631 1873 681 mus,
1906 615 1989 667 vix
2018 614 2304 690 semivivus
2344 616 2531 681 evasit,
2561 615 2741 669 multis
2783 615 2943 686 413
2994 616 3302 684 debilitatis,

1734 708 1784 760 in
1816 707 2016 760 eisdem
2042 718 2214 760 tamen
2234 706 2384 760 malis
2408 706 2698 775 perdurans
2719 723 2839 775 quas
2878 709 3023 776 prius
3047 718 3304 777 gesserat.

1734 798 1896 852 Multa
1927 808 2051 852 tunc
2080 808 2133 852 et
2164 798 2523 867 Fredegundis
2552 798 2604 852 in
2638 814 2802 867 regno
2833 799 2927 852 ﬁlii
2951 801 3032 854 sui
3057 798 3122 853 de
3150 799 3306 856 rebus

1732 889 1850 958 ejus
1891 890 2104 944 evertit.
2136 888 2255 955 Ipse
2281 904 2490 959 quoque
2519 889 2581 941 ad
2616 888 2953 943 Rhedonicos
2983 890 3221 956 rediens,
3252 900 3308 944 et

1733 995 1825 1034 eos
1853 980 1962 1050 regi
1987 978 2384 1034 Guntchramno
2414 980 2641 1034 subdere
2669 982 2908 1049 cupiens,
2954 982 3117 1035 ﬁlium
3144 996 3301 1034 suum
3342 968 3345 973 ί

1734 1071 1787 1125 in
1823 1071 2067 1125 bocloco
2116 1071 2349 1138 reliquit.
2406 1072 2505 1137 Qui
2562 1087 2669 1124 non
2728 1072 2891 1125 multo
2945 1071 3310 1126 intercedente

1736 1172 1995 1231 tempore,
2020 1163 2344 1215 irruentibus
2367 1162 2689 1216 Rhedonicis
2712 1162 3059 1233 interemptus
3084 1172 3165 1218 est
3185 1178 3308 1217 cum

1736 1255 1915 1309 multis
1951 1255 2225 1309 honoratis
2256 1255 2402 1308 viris.
2458 1255 2569 1309 Hoc
2601 1271 2739 1311 anno
2770 1256 2935 1311 multa
2963 1256 3111 1326 signa
3142 1270 3309 1325 appa-

1736 1362 1990 1408 ruerunt:
2022 1368 2142 1406 nim
2176 1367 2360 1406 mense
2382 1355 2610 1421 septimo
2632 1352 2851 1406 arbores
2882 1352 3009 1405 visa:
3048 1359 3170 1405 sunt
3212 1349 3311 1404 ﬂo-

1737 1446 1939 1507 ruisse,
1970 1443 2061 1499 sed
2094 1453 2148 1499 et
2198 1444 2378 1498 multa:
2424 1460 2543 1512 quae
2594 1445 2738 1512 prius
2794 1459 2949 1512 poma
2992 1443 3309 1506 habuerant,

1737 1551 1877 1591 nova
1909 1536 2187 1600 dederunt,
2220 1552 2334 1603 qua:
2366 1552 2531 1605 usque
2559 1537 2624 1589 ad
2652 1537 2853 1592 Natalis
2886 1537 3147 1591 Dominici
3180 1548 3312 1591 tem-

1738 1644 1865 1696 pora
1893 1627 1945 1681 in
1978 1629 2103 1695 ipsis
2133 1627 2413 1681 arboribus
2436 1627 2629 1679 habitae
2657 1636 2802 1681 sunt.
2848 1629 3043 1697 Fulgor
3073 1644 3166 1698 per
3205 1643 3313 1683 caa-

115 1726 226 1765 crum
265 1712 312 1765 in
357 1712 578 1767 basilica
627 1713 795 1767 sancti
847 1710 1054 1765 Martini
1108 1711 1211 1765 vici
1261 1709 1632 1774 Condalensis,
1667 1706 1714 1765 B
1741 1720 1845 1774 lum
1869 1720 1921 1772 in
1954 1718 2167 1772 modum
2196 1718 2454 1787 serpentis
2485 1719 2785 1787 cucurrisse
2810 1720 2960 1773 visus
2991 1730 3095 1773 est.

117 1804 239 1875 512
266 1804 394 1874 quod
447 1806 722 1859 detectum
770 1804 853 1858 sui
904 1813 957 1858 et
987 1812 1014 1841 ει
1044 1802 1317 1858 ell'ractum
1370 1800 1423 1854 in
1470 1800 1635 1855 frusta

118 1900 354 1965 reperiunt.
388 1899 476 1954 Sic
504 1909 693 1969 postea
724 1900 776 1953 in
808 1898 1015 1969 porticu
1062 1898 1230 1968 ipsius
1279 1896 1511 1951 basilicae
1556 1906 1639 1952 est

117 1989 331 2055 sepultus;
366 2006 487 2044 vasa
517 2006 732 2061 quoque
760 1991 954 2057 echini,
991 2005 1108 2060 qua:
1140 1990 1485 2059 pejeraverat,
1517 2000 1640 2058 post

121 2082 271 2135 obitum
298 2083 427 2138 illius
456 2085 526 2139 ab
553 2084 674 2152 ejus
698 2084 1061 2153 promptuario
1086 2092 1211 2137 sunt
1238 2082 1431 2138 delata.
1458 2081 1634 2135 Mani-

85 2160 97 2173 ”
120 2168 261 2226 Iestata
286 2184 362 2228 est
381 2186 560 2229 autem
595 2174 763 2228 virtus
783 2174 951 2228 beata:
980 2173 1158 2227 Mariae
1190 2171 1239 2241 δ,
1274 2174 1325 2227 in
1357 2171 1509 2243 cujus
1539 2172 1637 2227 ba-

124 2264 230 2317 silica
254 2266 398 2320 miser
428 2276 828 2321 sacramentum
860 2263 1080 2335 protulit
1108 2266 1356 2320 mendax.

176 2354 282 2414 XLI.
308 2357 432 2412 Cum
465 2372 650 2414 autem
675 2375 767 2429 per
797 2369 960 2414 totam
994 2369 1188 2414 terram
1211 2374 1374 2413 sonus
1404 2358 1493 2413 ille
1521 2372 1640 2424 per-

127 2456 307 2503 curreret
332 2448 706 2505 Prmtextatum
727 2451 1033 2521 episc0pum
1055 2464 1082 2502 a
1108 2449 1453 2521 Fredegunde
1476 2449 1641 2505 fuisse

126 2536 415 2610 interiectum,
449 2542 536 2596 illa
576 2557 784 2613 quoque
814 2558 920 2613 quo
971 2542 1178 2597 facilius
1220 2542 1585 2613 detergeretur
1609 2556 1639 2596 a

131 2628 315 2698 crimine,
335 2635 723 2703 apprehensum
751 2650 970 2704 puerum
1001 2635 1131 2689 caedi
1168 2634 1326 2704 jussit
1355 2635 1642 2689 vehemen-

132 2729 203 2779 ter.
220 2724 373 2780 dicens
396 2746 407 2780 :
430 2728 507 2783 Tu
536 2729 641 2783 hoc
671 2729 1055 2798 blaspliemium
1084 2744 1245 2798 super
1286 2742 1371 2783 me
1398 2728 1639 2791 intulisti,

136 2823 175 2864 ut
196 2811 529 2873 Pratextatum
561 2821 709 2875 urbis
733 2820 1175 2891 Itothomagensis
1196 2819 1500 2889 episcopum
1529 2820 1640 2889 gla-

134 2902 196 2956 dio
217 2918 480 2975 appeteres.
511 2912 577 2966 Et
608 2911 824 2965 tradidit
844 2927 963 2965 eum
993 2912 1168 2980 nepoti
1203 2911 1367 2979 ipsius
1395 2911 1639 2965 sacerdo-

137 2992 197 3045 tis.
215 2994 293 3061 Qui
318 3015 428 3054 cum
454 3017 578 3057 eum
612 3003 665 3056 in
688 3001 947 3069 supplicio
979 3000 1259 3069 posuisset,
1288 3015 1498 3055 omnem
1531 3015 1640 3054 rem

138 3087 353 3147 evidenter
378 3097 602 3163 aperuit,
651 3094 886 3164 dixitque
912 3112 924 3147 :
949 3094 994 3148 A
1037 3094 1218 3164 regina
1257 3094 1396 3147 enim
1442 3092 1642 3147 Frede—
1673 3082 1717 3144 C

140 3179 267 3243 80Μο
288 3197 485 3241 centum
515 3186 720 3241 solidos
746 3185 947 3253 accepi.
974 3194 1033 3239 ut
1061 3185 1161 3240 boc
1187 3182 1454 3250 facerem;
1487 3199 1514 3236 a
1539 3183 1647 3238 Me-

141 3268 259 3326 lantio
283 3291 396 3331 vero
421 3280 695 3350 episcopo,
724 3279 1136 3348 quinquaginta;
1169 3287 1224 3333 et
1267 3279 1334 3332 ab
1379 3275 1645 3331 archidia-

142 3374 236 3416 ωηο
251 3369 476 3440 civitatis,
498 3373 638 3427 alios
666 3371 1075 3442 quinquaginta;
1108 3371 1326 3440 insuper
1351 3378 1407 3425 et
1425 3370 1642 3438 promis-

144 3466 223 3508 sum
244 3458 399 3527 habui,
430 3473 484 3517 ut
512 3464 775 3535 ingenuus
808 3463 1015 3530 ﬁerem,
1044 3464 1184 3519 sicut
1230 3470 1286 3516 et
1328 3477 1464 3515 uxor
1506 3474 1641 3514 mea.

144 3539 181 3593 In
203 3546 277 3603 hac
301 3567 414 3608 voce
444 3556 608 3615 illius,
641 3552 920 3625 evaginato
966 3553 1124 3607 homo
1154 3552 1240 3608 ille
1282 3552 1459 3621 gladio
1503 3567 1645 3620 prae-

144 3632 287 3694 dictum
313 3660 446 3702 reum
495 3651 545 3704 in
596 3648 765 3704 frusta
809 3648 1058 3703 concidit.
1109 3646 1474 3716 Fredegundis
1522 3660 1647 3698 vero

145 3722 397 3822 llelantinm,
426 3755 579 3809 quem
630 3738 773 3810 prius
801 3741 1109 3809 episc0pum
1154 3744 1423 3806 posuerat,
1472 3735 1651 3790 eccle-

148 3828 211 3868 sia:
235 3821 442 3882 instituit.

195 3904 315 3965 XLII.
352 3916 523 3972 Duma
563 3918 916 3989 Fredegunde
958 3919 1292 3989 Beppoleuus
1338 3918 1445 3973 dux
1496 3918 1650 3976 valde

150 3992 412 4077 fatigantur,
430 4025 524 4065 nec
550 4013 708 4081 juxta
732 4026 1010 4080 personam
1041 4027 1193 4066 suam
1221 4012 1271 4066 ei
1304 4011 1475 4066 honor
1496 4011 1648 4066 debi-

150 4090 205 4139 tus
225 4090 606 4163 impenderetur,
636 4116 861 4157 cernens
883 4117 940 4157 se
962 4101 1187 4172 despici,
1215 4103 1280 4156 ad
1305 4102 1651 4157 Guntchram-

150 4186 237 4231 llum
261 4198 413 4253 regem
441 4192 585 4247 abiit.
618 4194 663 4247 Δ
692 4208 795 4263 quo
844 4201 1059 4262 accepta
1116 4202 1378 4262 potestate
1423 4194 1648 4248 ducatus

150 4276 265 4335 super
285 4277 506 4337 civitates
533 4288 651 4340 illas
672 4327 687 4350 ,
720 4302 836 4355 qua:
864 4286 929 4339 ad
962 4284 1329 4341 Chlotbarium
1363 4287 1647 4356 Chilperici

152 4361 250 4426 r"‘s‘is
273 4367 416 4427 ﬁlium
444 4380 794 4444 pertinebant,
820 4393 938 4431 cum
968 4394 1155 4447 magna
1177 4379 1411 4447 potentia
1439 4380 1643 4449 pergit;

152 4449 214 4501 sed
238 4468 261 4507 a
285 4457 582 4523 Rhedonicis
613 4483 717 4522 non
746 4478 829 4523 est
857 4477 1123 4537 receptus.
1166 4470 1469 4538 Audegavis
1516 4484 1643 4524 vero
1673 4455 1722 4514 D

155 4545 336 4617 Veniens,
365 4559 512 4613 multa
544 4561 684 4615 mala
710 4562 904 4615 ibidem
936 4563 1121 4631 gessit,
1165 4562 1237 4614 ita
1277 4572 1336 4614 ut
1382 4576 1640 4627 annonas,

155 4631 321 4733 “suum,
342 4649 531 4719 vinum,
561 4664 619 4709 et
640 4653 892 4725 quidquid
920 4655 1157 4722 reperire
1183 4655 1443 4723 potuisset
1473 4654 1525 4708 in
1549 4655 1645 4709 do-

158 4726 281 4784 mibus
309 4739 483 4798 citium
516 4747 579 4799 ad
631 4761 763 4815 quas
806 4755 1124 4810 accesserat,
1182 4761 1280 4801 nec
1329 4748 1646 4815 exspectatis

155 4816 351 4907 claribus,
380 4834 622 4906 disruptis
670 4838 821 4891 oetiis
862 4838 1191 4902 devastaret‘;
1240 4839 1538 4907 multosque
1580 4838 1646 4893 de

158 4902 471 4982 habitatoribus
497 4902 594 4986 loci
639 4931 874 4995 cmdibus
903 4931 1076 4984 aﬂ‘ecit
1106 4902 1490 5001 protrivitqueq
1539 4930 1644 4984 Do-

210 5115 231 5154 ὴ
246 5048 423 5154 asyli-3
448 5065 714 5154 detectum,
726 5068 835 5149 eice
860 5065 1149 5134 c/fractum.

403 5121 547 5191 sancti
580 5121 811 5191 Martini.

159 5191 799 5304 Trzgglnbim..etjitegm.,
843 5208 1060 5304 .lristt'co.
1094 5206 1412 5304 Ibem-nihil
1456 5206 1642 5304 habet.

370 5286 491 5352 sunt
513 5270 727 5333 aediﬁcia
762 5270 811 5331 in
843 5291 947 5334 tres
987 5279 1410 5352 emuignutioues
1454 5278 1644 5333 distin-

162 5334 483 5432 cudiqlfll'lpi‘l‘utn
510 5365 631 5432 vero
649 5361 734 5432 est
761 5352 967 5432 culmen
997 5334 1143 5429 recti:

164 5403 602 5511 dgiiugicblotarii
649 5403 1131 5511 IIIIII5.PII:UVIt.ICIa
1187 5419 1247 5511 in.
1276 5418 1409 5472 duas
1466 5428 1643 5511 partes

416 5486 517 5583 Elia
547 5493 865 5583 Arelatensis
892 5491 1176 5570 Provincia.
1198 5490 1358 5583 dicta,
1402 5481 1501 5544 sub
1528 5507 1633 5559 qua

168 5540 538 5651 ᾗξῖἓᾞξῑῃίξξίν
554 5564 1018 5651 elC-..ITnulntratnno
1043 5540 1500 5651 cassitixaltera‘m,
1520 5540 1639 5641 qua:

174 5621 437 5693 ἶ¹ξ³⁸⁵¹ἶξ⁴¹⁰5ἱ5
466 5621 723 5687 Provineia
755 5621 1371 5689 dicebatur.Massiliam,
1406 5621 1639 5685 Avi-nio-

182 5688 275 5749 "u‘i
296 5690 440 5757 Αίὶπεθε
460 5702 652 5761 Sextias
685 5716 733 5760 et
770 5706 868 5760 alia
897 5704 1087 5774 oppida
1118 5703 1215 5759 sub
1240 5716 1300 5756 se
1330 5688 1634 5769 habentem,

1808 1809 1989 1865 XLIII.
2029 1810 2183 1864 Anno
2206 1824 2415 1878 quoque
2440 1807 2761 1863 duodecimo
2788 1808 3114 1863 Childeberti
3145 1808 3311 1877 regis,

1737 1904 1969 1958 Nicetius
1999 1906 2268 1957 Arvernus
2307 1912 2481 1957 rector
2508 1902 2851 1956 Massiliensis
2880 1902 3170 1956 Provinciae
3199 1899 3225 1939 ἀ
3257 1912 3313 1959 et

1738 1995 2057 2062 reliquarum
2085 1993 2315 2057 urbium,
2344 2007 2463 2062 qua:
2507 1992 2557 2045 in
2598 1991 2699 2046 illis
2727 1992 2963 2060 partibus
2991 1991 3057 2045 ad
3088 2007 3313 2060 regnum

1738 2086 1881 2155 regis
1931 2084 2095 2153 ipsius
2143 2081 2503 2152 pertinebant,
2552 2089 2636 2135 est
2682 2081 2977 2136 ordinatus.
3039 2084 3315 2139 Antestius

1740 2192 1872 2233 vero
1922 2178 1973 2232 in
2023 2179 2309 2247 Audegavo
2352 2193 2381 2231 a
2432 2193 2556 2248 rege
2596 2177 2995 2233 Guntcbramno
3043 2179 3314 2247 dirigitur,

1741 2271 1917 2324 multis
1948 2269 2140 2325 ibidem
2171 2268 2378 2323 damnis
2427 2267 2670 2337 aIﬁigens
2714 2283 2844 2335 eos,
2896 2269 2986 2338 qui
3039 2270 3089 2323 in
3144 2277 3317 2322 morte

1743 2360 2013 2414 Doinnolaa
2037 2361 2217 2414 uxoris
2255 2359 2483 2414 Nectarii
2511 2360 2649 2413 misti
2692 2360 2936 2414 luerunt:
2966 2374 3155 2429 resque
3187 2360 3318 2427 Bep-

1742 2451 1921 2522 poleni
1964 2461 2012 2517 ε,
2045 2467 2110 2506 eo
2140 2451 2280 2521 quod
2312 2451 2470 2506 fuerit
2501 2452 2656 2521 hujus
2684 2463 2841 2521 caput
2869 2452 3109 2519 sceleris,
3144 2451 3199 2505 in
3230 2450 3319 2503 ﬁs-

1741 2557 1860 2596 cum
1889 2542 2166 2612 redigens,
2200 2540 2486 2596 Nauinetas
2514 2542 2759 2603 accessit,
2788 2556 2851 2597 ac
2882 2542 3145 2595 lacessere
3176 2539 3319 2594 Non-

1743 2633 1973 2689 nicbium
2001 2634 2305 2703 episcopum
2334 2635 2513 2702 cmpit,
2546 2634 2729 2688 dicens
2756 2652 2766 2685 :
2794 2632 2923 2700 Quia
2953 2627 3089 2686 [ilius
3119 2640 3239 2687 tuus
3267 2633 3319 2687 in

1741 2726 1844 2781 hoc.
1882 2726 2115 2781 facinore
2153 2736 2236 2781 est
2272 2727 2551 2789 admistus,
2584 2734 2641 2778 ut
2666 2725 2851 2794 dignas
2881 2740 2975 2793 pro
3013 2725 3319 2779 commissis

1744 2819 1856 2873 suis
1879 2833 2061 2886 pinnas
2088 2818 2195 2871 luat
2223 2820 2469 2872 meritum
2498 2817 2681 2886 exigit.
2708 2817 2813 2872 Sed
2838 2832 2968 2886 puer
2993 2817 3320 2871 conscientia

1745 2920 2028 2965 accusante
2068 2911 2300 2974 territus,
2341 2909 2406 2963 ad
2433 2910 2796 2962 CIIIOIIIaI‘IlIm
2837 2908 3003 2961 ﬁlium
3033 2907 3320 2976 Cliilperici

1746 3002 1970 3073 aufugit.
2025 3002 2312 3066 Antestius.
2347 3016 2478 3055 vero
2523 3001 2755 3069 acceptis
2806 2999 3207 3068 ﬁdejussoribus
3253 2997 3321 3051 ab

1748 3095 2020 3165 episcopo,
2066 3103 2124 3146 ut
2171 3093 2223 3146 in
2273 3091 2554 3161 praesentia
2599 3094 2738 3160 regis
2781 3091 3011 3156 adesset,
3056 3087 3324 3145 Santonus

1751 3188 1918 3242 venit.
1949 3186 2123 3242 Sonus
2161 3195 2335 3239 autem
2361 3184 2441 3239 bis
2471 3184 2659 3238 diebus
2698 3183 2919 3246 exierat,
2951 3180 3091 3251 quod
3118 3180 3320 3236 Frede-

1749 3279 1942 3349 gundis
1978 3278 2214 3333 occultos
2255 3279 2305 3330 in
2332 3276 2607 3344 Hispanias
2652 3276 2872 3329 nuntios
2901 3274 3174 3343 dirigeret,
3206 3288 3326 3328 eos-

1749 3371 1870 3425 dem
1920 3384 1950 3423 a
1980 3369 2213 3424 Palladio
2253 3369 2555 3422 Santonica:
2602 3367 2747 3421 urbis
2772 3367 3022 3435 episcopo
3051 3365 3185 3419 clam
3209 3378 3327 3419 sus.

1748 3473 1965 3531 ceptos,
2000 3470 2056 3516 et
2112 3468 2321 3514 mantea
2361 3460 2698 3514 transmissos
2730 3459 2908 3513 fuisse.
2956 3457 3121 3511 Erant
3149 3466 3326 3512 autem

1749 3565 1816 3605 eo
1851 3562 2092 3617 tempore
2121 3551 2236 3604 dies
2259 3550 2683 3619 Quadragesimm
2712 3558 2931 3613 sanctar,
2962 3557 3014 3603 et
3044 3551 3327 3618 episcopus

1751 3645 1803 3700 in
1836 3643 2060 3698 insulam
2083 3642 2244 3715 414
2274 3644 2456 3706 maris,
2486 3642 2738 3696 orationis
2766 3657 2921 3696 causa
2950 3650 3247 3695 secesserat
3274 3640 3319 3695 ι.

1750 3734 2051 3791 Secundum
2081 3734 2518 3788 consuetudinem
2548 3743 2754 3797 autem,
2786 3735 2911 3787 dum
2944 3733 3006 3788 ad
3036 3732 3325 3787 Dominica:

1750 3828 1929 3884 Catum
1966 3828 2096 3881 festa
2140 3826 2205 3879 ad
2251 3826 2529 3879 ecclesiam
2571 3842 2722 3879 suam
2755 3827 2947 3894 populo
2977 3832 3325 3891 exspectante

1750 3922 1982 3984 rediret,
2023 3918 2091 3971 ab
2121 3918 2361 3971 Antcstio
2406 3919 2457 3970 in
2490 3918 2573 3970 via
2604 3917 2847 3972 vallatur.
2872 3918 2970 3982 Qui
3014 3915 3194 3988 [Forte
3217 3915 3323 3986 cui]

1752 4028 1851 4068 nec
1888 4011 2126 4065 discussa
2166 4011 2241 4063 rei
2283 4008 2508 4062 veritate
2545 4008 2754 4062 dicebat
2794 4024 2808 4061 :
2855 4009 2971 4062 Non
3011 4007 3326 4080 ingredieris

1752 4106 1957 4172 urbem,
1989 4104 2080 4158 sed
2129 4103 2317 4160 exsilio
2360 4102 2819 4168 condemnaberis,
2875 4104 2996 4173 quia
3041 4103 3324 4172 suscepisti

1756 4204 1968 4257 nuntios
1992 4202 2219 4257 inimicae
2244 4199 2443 4255 domini
2473 4202 2635 4255 nostri
2663 4202 2820 4270 regis.
2854 4203 2924 4255 At
2952 4201 3076 4255 ille:
3109 4200 3321 4267 Nescio,

1751 4295 1844 4361 ait,
1868 4296 1992 4363 quid
2025 4296 2277 4365 loquaris.
2306 4295 2503 4348 Tamen
2532 4295 2653 4362 quia
2683 4295 2799 4348 dies
2825 4293 2993 4348 sancti
3020 4291 3319 4362 imminent,

1751 4388 2065 4441 accedamus
2123 4386 2189 4440 ad
2254 4384 2459 4452 urbem,
2522 4384 2868 4454 decursisque
2928 4381 3323 4439 solemnitatnm

1749 4489 2051 4534 sanctarum
2077 4478 2245 4547 festis,
2268 4487 2451 4547 postea
2484 4490 2812 4546 quaecunque
2832 4476 3060 4531 volueris
3089 4491 3322 4544 oppone,

1749 4572 2006 4627 rationem
2037 4586 2067 4624 a
2104 4587 2198 4648 me.
2213 4570 2441 4640 accipies
2464 4588 2477 4623 :
2504 4571 2621 4640 quia
2652 4569 2792 4638 quod
2818 4581 3029 4638 reputas
3058 4568 3190 4622 nihil
3214 4580 3319 4622 est.

1747 4664 1816 4720 At
1844 4665 1931 4719 ille
1957 4682 1969 4717 :
1997 4664 2357 4733 Nequaquam,
2386 4665 2574 4732 inquit,
2606 4664 2697 4717 sed
2753 4678 2858 4718 non
2890 4666 3117 4732 attinges
3142 4664 3325 4717 limina

1747 4755 1989 4809 ecclesiae
2016 4762 2141 4819 tuae,
2169 4755 2289 4822 quia
2316 4754 2547 4809 inﬁdelis
2585 4755 2873 4823 apparuisti
2901 4754 3116 4809 domino
3143 4763 3326 4807 nostro

1750 4843 1883 4913 regi.
1931 4844 2066 4913 Quid
2111 4844 2293 4911 plura?
2335 4856 2543 4899 tenetur
2586 4844 2637 4898 in
2678 4847 2760 4898 via
2796 4845 3100 4913 episcopus,
3132 4843 3324 4896 domus

1751 4935 1993 4999 ecclesia:
2021 4935 2359 5003 describitur,
2403 4949 2594 5004 resque
2636 4935 2980 5006 diripiuntur.
3012 4931 3170 4985 Cives
3198 4946 3320 4985 cum

1747 5069 2046 5140 Sigibertus
2090 5067 2339 5140 obtinuit.
2400 5067 2604 5140 Prioris
2657 5075 2892 5140 rectores
2940 5062 3134 5140 sacpius
3184 5062 3322 5140 apud

1747 5132 1954 5194 γεῖθι-ες
2006 5139 2286 5191 historicos
2334 5137 2540 5203 patricii
2605 5136 2984 5204 appellantur,
3031 5132 3323 5200 aliquando

1747 5212 1906 5266 etiam
1935 5210 2116 5264 duces.
2161 5208 2477 5261 I’ostcrioris
2508 5223 2634 5260 vero
2668 5207 2899 5272 praefecti
2938 5218 3317 5270 nonnunquam

1750 5284 1953 5353 patric-ii
1982 5281 2105 5353 (IICII
2131 5289 2283 5338 sunt;
2333 5279 2417 5330 hic
2444 5277 2676 5330 Nicetius
2693 5292 2871 5353 Iactor
2896 5275 3216 5353 appellatur.

1823 5362 1847 5389 ο
1882 5352 1981 5407 Ed.
2012 5351 2235 5423 aliquot,
2271 5358 2329 5409 ut
2353 5363 2510 5416 supra
2542 5363 2659 5416 cap.
2690 5347 2779 5413 5:2,
2810 5344 3071 5400 Boboleui.
3107 5346 3321 5415 licgm,,

1747 5422 2028 5477 Bobelleni.

1824 5493 1840 5531 ί
1870 5493 1993 5546 11ωο
2019 5501 2135 5547 erat
2164 5497 2465 5545 sanctorum
2495 5487 2731 5542 virorum
2750 5487 3103 5550 consuetudo,
3132 5493 3187 5539 ut
3216 5485 3325 5539 die.

1748 5566 1845 5620 bus
1866 5563 2292 5632 Quadragcsima:
2316 5562 2365 5614 in
2396 5574 2634 5632 eremurm
2657 5562 2989 5618 secederent.
3017 5558 3142 5619 Vide
3166 5554 3323 5623 Ρτωσ.

1747 5636 1927 5694 saeculi
1957 5650 1973 5690 1
2005 5631 2357 5704 Benedictiui,
2393 5647 2539 5688 num.
2568 5631 2687 5691 III.
