3942 6190
651 276 752 329 479

1634 271 1695 329 S.
1738 267 2062 327 ϐῐίΕϐΟΙῖιι
2110 265 2408 321 EPISCOPI
2460 265 2889 324 TURONENSIS
3794 281 3878 338 ιω

651 388 867 444 homine
887 397 911 424 ιι
951 388 1196 443 obtinere
1241 402 1344 441 non
1396 394 1618 456 queunt,
1664 395 1723 440 ut
1760 385 1946 440 saltem
1981 384 2062 440 vel
2091 383 2232 438 cele-
2257 381 2306 438 Δ
2335 379 2486 446 Quod
2512 382 2874 437 misericordia
2903 383 3113 439 Domini
3137 401 3241 441 non
3268 389 3514 458 permisit
3543 407 3560 445 :
3591 389 3728 450 inter
3771 413 3878 468 quos

651 479 802 534 brata
848 479 1183 534 solemnitate
1215 478 1451 548 paschali
1487 477 1818 532 discutiatur.
1865 477 2064 544 [iisque
2103 490 2229 545 sup-

656 570 990 638 plicantibus,
1020 581 1072 624 et
1101 571 1191 625 illo
1217 570 1500 630 renitente.
1527 570 1736 622 tandem
1764 567 2014 637 patefacit
2038 569 2230 622 vulnus

653 661 791 727 quod
844 663 1037 714 laieliat
1089 664 1137 714 in
1187 671 1419 730 pectore.
1463 661 1545 723 Si,
1589 660 1781 729 inquit,
1817 661 2031 714 domum
2069 676 2228 731 quam

658 752 791 804 intra
826 754 1075 806 territorii
1101 754 1311 808 Biturici
1346 755 1632 808 terminum
1660 755 1855 808 habere
1881 753 2228 822 dignoscitur,

656 859 790 896 mea:
817 844 1002 897 ditioui
1038 845 1171 898 facta
1211 846 1512 900 venditione
1538 845 1857 911 subdiderit,
1886 862 2003 916 quae
2031 847 2234 917 ﬂagita-

657 935 726 987 tis
776 933 912 987 facio
951 953 962 988 :
1007 938 1238 1004 aliaquin
1286 954 1390 990 non
1439 937 1658 1008 eifugiet
1701 952 1889 991 manus
1936 954 2102 1008 meas,
2133 940 2234 995 nisi

659 1023 903 1078 trudatur
931 1026 980 1079 in
1004 1028 1270 1081 exsilium.
1318 1027 1501 1083 Metuit
1531 1043 1726 1096 negare
1747 1028 2028 1098 episcopus
2053 1047 2065 1082 :
2093 1031 2231 1084 scri-

658 1117 791 1182 psit,
830 1117 1280 1190 subscripsitque,
1317 1135 1378 1173 ac
1409 1119 1626 1175 tradidit
1659 1136 1873 1190 agrum;
1906 1133 1960 1176 et
1992 1123 2070 1176 sic
2095 1122 2235 1178 datis

659 1205 1059 1274 tidejussoribus
1101 1211 1166 1263 de
1197 1211 1480 1278 przesentia
1532 1226 1625 1266 sua
1671 1223 1795 1266 ante
1840 1227 2038 1280 regem,
2079 1214 2132 1266 in
2158 1213 2238 1267 ci-

662 1297 882 1350 vitatein
928 1299 1129 1368 ingredi
1161 1301 1453 1367 permissus
1479 1312 1578 1356 est.
1607 1303 1910 1356 Transactis
1942 1303 2101 1371 igitur
2125 1301 2237 1357 die-

661 1385 760 1440 bus
800 1390 1028 1454 sanctis,
1069 1390 1134 1442 ad
1170 1407 1346 1460 regem
1391 1394 1562 1462 pergit
1599 1413 1612 1447 :
1657 1395 1827 1447 adluit
1856 1405 1908 1447 et
1936 1394 2234 1460 Antestius,

660 1478 753 1531 sed
799 1479 927 1531 nihil
975 1480 1042 1534 de
1088 1481 1169 1535 his
1212 1497 1332 1550 qua:
1390 1486 1690 1552 Opponebat
1736 1487 2017 1554 episcopo,
2068 1485 2240 1554 potuit

659 1570 976 1638 approbare.
1005 1572 1293 1641 Episcopus
1311 1584 1486 1629 autem
1510 1576 1574 1629 ad
1595 1576 1778 1630 urbem
1805 1577 1979 1629 redire
1999 1575 2236 1645 jubetur,

661 1674 716 1717 et
746 1680 910 1734 usque
941 1668 1005 1720 ad
1040 1671 1301 1738 synodum
1347 1671 1572 1725 futuram
1603 1673 1877 1738 dilatatur,
1909 1673 1952 1726 si
1986 1673 2118 1727 forte
2144 1672 2242 1726 ali-

661 1771 764 1824 qua
808 1759 876 1812 de
917 1759 998 1812 his
1042 1776 1158 1828 qua!
1211 1763 1637 1830 opponebantur,
1692 1765 1990 1819 evidentius
2035 1763 2239 1833 possint
2266 1756 2315 1818 Β
2341 1780 2489 1836 abire
2514 1781 2770 1851 disponit,
2799 1785 2984 1839 divisis
3012 1786 3180 1854 prius,

659 1851 873 1915 agnosci
906 1848 950 1903 δ.
985 1850 1168 1904 Adfuit
1193 1862 1247 1906 et
1275 1853 1604 1909 N0nnichius
1649 1855 1951 1925 episcopus,
1982 1858 2068 1926 qui
2099 1857 2236 1911 datis

659 1940 837 1992 multis
869 1943 1175 1996 muneribus
1206 1944 1467 2000 abscessit
1499 1957 1546 2001 ε.
1950 2014 1952 2016 τ

732 2029 916 2085 XLIV.
957 2032 1322 2104 Fredegundis
1368 2053 1496 2091 vero
1539 2040 1688 2108 quasi
1719 2038 1880 2112 415
1909 2056 1977 2095 ex
2021 2043 2237 2097 nomine

661 2120 756 2176 ﬁlii
796 2124 896 2185 sui,
945 2125 1147 2192 legatos
1195 2127 1260 2181 ad
1306 2128 1765 2186 Guntchramnum
1813 2147 1992 2202 regem
2035 2134 2234 2202 dirigit.

661 2214 761 2280 Qui
793 2227 1027 2270 reserata
1058 2226 1333 2286 petitione,
1359 2235 1579 2288 accepto
1624 2236 1901 2288 reSpouso.
1933 2223 2239 2278 valedicen-

660 2314 742 2359 tes
781 2308 1112 2374 abscedunt;
1159 2310 1252 2364 sed
1305 2314 1488 2367 nescio
1519 2315 1709 2381 quibus
1746 2319 1920 2370 causis
1964 2317 2237 2385 paululum

660 2396 800 2464 apud
854 2407 1109 2452 metatum
1158 2414 1312 2454 suum
1359 2407 1613 2458 remorati
1657 2416 1801 2461 sunt.
1847 2409 2004 2463 Mane
2057 2419 2236 2463 autem

658 2485 821 2552 facto,
870 2489 1188 2557 procedente
1234 2507 1358 2561 rege
1398 2493 1463 2546 ad
1514 2496 1817 2560 matutinas,
1856 2512 1918 2551 ac
1967 2507 2238 2565 prmeunte

560 2594 562 2596 ·
660 2593 853 2641 cerea,
894 2581 1038 2635 visus
1074 2590 1155 2635 est
1189 2581 1349 2637 homo
1386 2585 1534 2654 quasi
1573 2587 1753 2641 ebrius
1791 2587 1843 2640 in
1895 2589 2088 2657 angulo
2115 2604 2238 2643 ora-

660 2670 781 2724 torii
809 2669 1120 2740 dormitare,
1160 2674 1433 2729 accinctus
1461 2676 1656 2746 gladio,
1681 2678 1831 2746 cujus
1857 2678 2004 2733 hasta
2037 2681 2238 2750 pariete

657 2763 1072 2819 sustentabatur.
1124 2767 1234 2822 Hoc
1269 2770 1384 2824 viso
1418 2787 1513 2825 rex
1555 2773 1889 2837 exclamavit,
1918 2775 2102 2830 dicens
2129 2792 2234 2832 non

657 2867 777 2908 esse
816 2855 1150 2924 simpliciter,
1198 2858 1468 2916 hominem
1516 2864 1616 2918 sub
1655 2864 1756 2919 hoc
1798 2866 2018 2921 horrore
2063 2869 2236 2923 noctis

659 2946 751 2998 tali
785 2947 834 2999 in
875 2947 991 3001 loco
1019 2951 1316 3018 quiescere.
1351 2953 1650 3022 Oppressus
1684 2968 1882 3022 autem,
1908 2971 1959 3014 et
1994 2961 2122 3014 loris
2151 2978 2236 3016 re-

657 3039 890 3101 vinctus,
937 3041 1362 3112 interrogabatur
1396 3048 1520 3113 quid
1565 3049 1664 3106 sibi
1711 3049 1824 3105 hmc
1875 3052 2067 3106 vellent
2114 3069 2234 3121 qua:

658 3139 858 3195 ageret.
903 3129 1008 3184 Nec
1046 3147 1193 3186 mora
1238 3136 1501 3204 supplicio
1541 3139 1812 3207 subditus,
1845 3141 1972 3196 dicit

659 3219 796 3286 gatis
821 3219 908 3288 qui
937 3221 1267 3280 advenerant
1309 3228 1560 3282 emissum
1589 3231 1771 3295 fuisse,
1797 3241 1851 3286 ut
1879 3249 1972 3287 rex
2011 3233 2232 3289 deberet

659 3308 909 3365 interﬁci.
983 3312 1217 3384 Denique
1271 3320 1590 3387 apprehensi
1643 3323 1796 3392 legati
1843 3325 2228 3394 lt‘redeguudis,

659 3400 793 3453 nihil
833 3403 899 3457 de
933 3403 1014 3457 his
1044 3422 1161 3475 qua:
1191 3409 1499 3480 interrogati
1519 3423 1642 3468 sunt
1681 3417 2019 3477 conlilentur.
2047 3419 2231 3474 dicen-

662 3501 783 3549 tes:
825 3495 930 3550 Nos
977 3498 1105 3554 nihil
1155 3501 1221 3554 ad
1267 3503 1406 3558 aliud
1454 3508 1637 3574 missi,
1676 3510 1776 3564 nisi
1818 3520 1874 3564 ut
1910 3511 2228 3582 legationem

661 3598 815 3652 quam
841 3589 1196 3656 suggessimus
1222 3591 1573 3650 deferremus.
1602 3598 1748 3655 Tunc
1776 3601 2045 3658 hominem
2077 3603 2229 3660 illum

661 3675 883 3732 diversis
919 3679 1088 3749 plagis
1117 3681 1383 3750 alTectum,
1414 3696 1468 3740 et
1496 3691 1700 3744 carceri
1735 3693 2113 3761 mancipatum,
2149 3696 2229 3750 le-

659 3777 807 3836 gatos
843 3787 936 3836 per
971 3771 1178 3828 diversa
1213 3775 1324 3830 loca
1364 3779 1554 3836 exsilio
1589 3783 1928 3840 condemnari
1974 3789 2232 3857 prircipit.

661 3858 1092 3918 ManifeSti~sime
1132 3866 1276 3921 enim
1323 3869 1492 3936 patuit
1539 3872 1638 3927 sub
1674 3873 1775 3929 hoc
1813 3875 1935 3932 dolo
1978 3892 2005 3932 a
2034 3879 2235 3935 Frede-

661 3952 836 4020 gunde
867 3952 1031 4010 fuisse
1060 3956 1314 4028 directos,
1335 3970 1390 4014 ut
1413 3977 1591 4032 regem
1627 3965 1930 4024 interﬁcere
1954 3969 2232 4027 deberent.

2331 472 2513 529 Baddo
2541 471 2567 512 ἀ
2596 477 2778 532 senior
2806 477 3116 534 habebatur.

2401 589 2560 645 XLV.
2602 591 2732 646 Cum
2779 603 2954 648 autem
3002 594 3160 663 legati
3209 595 3276 651 de
3300 598 3580 669 Hispaniis
3623 603 3798 660 crebro
3825 608 3876 664 ad

2330 695 2508 750 regem
2535 681 2993 737 Guntchramnum
3019 687 3280 756 venirent,
3311 698 3364 745 et
3391 691 3598 747 nullius
3628 697 3764 762 pacis
3783 712 3880 767 gn.

2332 771 2458 825 tiam
2487 771 2728 826 obtinere
2756 775 3073 842 potuissent,
3107 777 3202 833 sed
3241 783 3407 850 magis
3438 783 3717 842 inimicitia
3741 792 3879 858 pullu-

2334 861 2487 930 laret,
2531 880 2623 919 rex
2659 865 3091 924 Guntcbramnus
3113 871 3454 942 Albigensem
3503 877 3690 933 urbem
3730 886 3878 950 nepoti

2334 971 2432 1011 suo
2461 958 2805 1015 Childebcrto
2845 962 3096 1017 reddidit.
3141 965 3292 1030 Quod
3337 981 3573 1024 cernens
3614 971 3876 1031 Desiderius

2335 1050 2463 1114 dux,
2486 1066 2572 1120 qui
2607 1053 2838 1109 maxime
2877 1055 2929 1109 in
2953 1055 3193 1125 ejusdem
3218 1058 3366 1113 urbis
3397 1062 3674 1117 territorio
3699 1065 3878 1123 meliora

2338 1139 2601 1197 facultatis
2630 1157 2742 1197 suae
2782 1145 3122 1212 condiderat;
3153 1146 3315 1220 416
3352 1150 3553 1208 timens
3581 1169 3649 1209 ne
3674 1156 3786 1211 ultio
3805 1171 3856 1213 ex

2336 1241 2609 1301 peteretur
2641 1234 2708 1287 ab
2740 1250 2804 1289 eo
2832 1245 3050 1304 propter
3086 1239 3355 1307 antiquam
3393 1241 3747 1304 inimicitiam.
3764 1246 3872 1314 quod

2336 1324 2619 1394 aliquando
2658 1325 2711 1380 in
2736 1326 2922 1381 eadem
2961 1329 3175 1384 civitate
3201 1333 3498 1386 exercitum
3525 1334 3764 1404 gloriose
3789 1351 3870 1390 tne-

2337 1418 2522 1472 nioriae
2550 1418 2801 1488 Sigiberti
2843 1420 2982 1488 regis
3007 1422 3240 1491 graviter
3273 1422 3564 1490 aﬂecisset,
3590 1441 3707 1481 cum
3727 1428 3874 1482 Tetra-

2337 1507 2423 1562 dia
2473 1523 2641 1565 uxore
2683 1525 2801 1576 sua,
2843 1525 3000 1580 quam
3037 1511 3242 1567 Eulalio
3288 1522 3411 1568 tunc
3449 1517 3690 1571 Arverno
3730 1518 3874 1573 comiti

2339 1598 2649 1662 abstulerat,
2684 1600 2736 1654 in
2763 1603 2989 1656 termino
3015 1602 3284 1658 Tolosano
3307 1619 3432 1658 cum
3471 1609 3632 1663 rebus
3671 1611 3876 1663 omnibus

2342 1692 2612 1745 transiens
2656 1693 2948 1747 exercitum
2997 1704 3333 1759 commovet,
3375 1710 3430 1754 et
3473 1709 3658 1754 contra
3693 1701 3876 1756 Gotthos

3222 1801 3280 1844 ut
3326 1790 3536 1853 ferunt,
3572 1791 3723 1846 rebus
3769 1793 3874 1846 inter

2339 1872 2479 1928 lilios
2508 1883 2562 1928 et
2583 1874 2861 1946 coujugem
2893 1894 2906 1929 :
2931 1889 3313 1950 assumptoque
3342 1897 3528 1938 secum
3556 1885 3876 1939 Austrovaldo

2337 1965 2553 2034 comite,
2584 1966 2968 2022 Carcassonam
3011 1971 3178 2039 petiit.
3213 1972 3649 2042 Prmparaverant
3675 1978 3798 2030 enim
3830 1990 3874 2030 se

2338 2057 2441 2111 hoc
2465 2058 2645 2112 audito
2667 2059 2813 2115 urbis
2837 2062 2977 2116 illius
3003 2063 3167 2128 cives,
3190 2069 3341 2135 quasi
3372 2071 3626 2124 resistere
3646 2071 3874 2124 volentes:

2337 2152 2617 2206 audierant
2663 2162 2840 2208 autem
2888 2155 2954 2210 de
2985 2155 3069 2210 his
3101 2158 3272 2227 prius.
3313 2159 3557 2230 Denique
3599 2162 3720 2216 inito
3762 2162 3872 2216 bello

2339 2238 2522 2311 fugere
2551 2242 2734 2298 Gotthi
2783 2258 3056 2313 coeperunt
3077 2289 3093 2314 ,
3126 2260 3179 2302 et
3210 2248 3519 2307 Desiderius
3546 2267 3663 2306 cum
3690 2253 3904 2306 Austro-'

2340 2334 2498 2388 valdo
2527 2349 2556 2388 a
2586 2344 2736 2407 tergo
2760 2337 2966 2393 cazdere
2999 2340 3228 2396 hostem.
3273 2342 3386 2396 Illis
3415 2359 3622 2412 quoque
3667 2344 3871 2413 fugienti-

2338 2424 2461 2492 bus,
2486 2427 2570 2482 bic
2597 2443 2718 2482 cum
2749 2431 2930 2498 paucis
2955 2432 3019 2486 ad
3049 2434 3234 2490 urbem
3263 2437 3490 2490 accessit
3519 2454 3531 2489 :
3562 2436 3731 2490 lassati
3757 2437 3871 2490 enim

2336 2518 2548 2575 fuerant
2571 2524 2781 2592 equites
2810 2523 2915 2594 [AL
2945 2524 3089 2596 equi]
3119 2528 3410 2582 sociorum.
3443 2528 3583 2582 Tunc
3609 2529 3672 2582 ad
3695 2539 3868 2597 portant

2339 2611 2488 2667 urbis
2532 2615 2812 2682 accedens,
2844 2617 3071 2671 vallatus
3116 2633 3144 2671 a
3177 2619 3386 2673 civibus
3425 2622 3509 2689 qui
3551 2621 3678 2673 intra
3717 2634 3870 2672 muros

2339 2712 2512 2770 erant,
2541 2704 2851 2760 interiectus
2878 2715 2961 2761 est
2988 2724 3106 2762 cum
3137 2708 3218 2763 bis
3250 2712 3501 2764 omnibus
3526 2711 3607 2780 qui
3638 2726 3752 2764 eum
3783 2709 3868 2764 {ne

2338 2801 2461 2848 rant
2489 2796 2753 2864 prosecuti
2780 2814 2793 2849 :
2827 2796 2893 2849 ita
2926 2807 2984 2851 ut
3013 2798 3096 2853 vix
3126 2799 3274 2867 pauci
3305 2801 3500 2855 exinde
3524 2800 3868 2870 quodammodo

2338 2886 2646 2953 evaderent,
2695 2888 2786 2957 qui
2834 2905 2945 2942 rem
2973 2930 2987 2954 ,
3040 2900 3099 2944 ut
3151 2902 3295 2961 gesta
3347 2894 3538 2959 fuerat,
3586 2895 3863 2948 nuntiarent.

2335 2976 2724 3033 Austrovaldus
2750 2995 2875 3033 vero
2904 2981 3128 3036 audiens
3155 2984 3488 3040 Desiderium
3529 2997 3790 3048 mortuum,
3814 2982 3864 3036 de

2338 3069 2423 3120 via
2453 3083 2729 3138 regressus
2776 3071 2840 3124 ad
2883 3087 3060 3142 regem
3108 3077 3378 3142 perrexit,
3427 3077 3516 3147 qui
3561 3091 3673 3131 mox
3710 3077 3754 3128 in
3774 3075 3863 3142 ejus

2011 3157 2068 3196 Se
2104 3159 2133 3195 ³
2165 3146 2230 3197 Ιε·
2259 3148 2306 3212 C
2335 3164 2512 3218 locum
2537 3164 2644 3218 dux
2673 3167 2943 3219 statuitur.

2410 3286 2593 3341 XLVI.
2653 3286 2896 3341 Posthaac
2937 3297 2958 3323 ο
2988 3287 3370 3345 Leuvichildus
3421 3307 3513 3347 rex
3559 3292 3858 3360 Hispanorum

2339 3385 2598 3447 aegrotare
2637 3377 2818 3444 cmpit,
2851 3376 2967 3440 sed,
3005 3388 3060 3430 ut
3089 3378 3301 3446 quidam
3354 3390 3618 3447 asserunt,
3649 3378 3860 3448 poeniten-

2340 3470 2465 3522 tiam
2491 3483 2587 3536 pro
2616 3483 2798 3523 errore
2821 3469 3070 3522 hzeretico
3099 3485 3284 3539 agens,
3317 3482 3376 3527 et
3407 3475 3668 3528 obtestans
3689 3485 3746 3524 ne
3767 3467 3857 3522 huic

2337 3558 2527 3614 barresi
2556 3560 2831 3627 quisquam
2861 3560 3183 3629 reperiretur
3211 3577 3623 3628 consentaneus,
3654 3562 3699 3616 in
3723 3562 3856 3628 legem

2336 3651 2650 3705 catholicam
2708 3651 2943 3718 transiit;
3003 3667 3067 3707 ac
3125 3668 3218 3721 per
3270 3666 3478 3724 septem
3531 3656 3636 3710 dies
3678 3655 3723 3708 in
3763 3652 3857 3705 ηοω

2337 3744 2631 3812 perduraus
2659 3759 2752 3810 pro
2783 3743 2864 3797 his
2892 3760 3010 3812 qum
3037 3755 3221 3799 contra
3253 3745 3426 3801 Deum
3473 3748 3646 3816 inique
3690 3744 3857 3798 molitus

2337 3843 2421 3889 est
2452 3831 2495 3901 ί,
2525 3835 2767 3904 spiritum
2799 3833 3469 3909 exhalavit:regnavitque
3500 3834 3791 3893 Richaredus
3813 3828 3856 3882 ﬁ-

2341 3927 2444 3982 lius
2469 3927 2584 3996 ejus
2613 3941 2707 3996 pro
2732 3942 2819 3982 eo.

660 4070 3852 4121 Ἥ

1105 4209 1457 4286 417-418
1517 4195 2116 4281 INCIPIUNT
2174 4199 2759 4285 CAPITULA
2819 4201 3124 4283 LIBRI
3179 4201 3484 4285 NONI.

664 4339 723 4419 ξε
754 4342 828 4419 Qa
858 4344 1142 4419 Hic/taredo
1173 4357 1218 4400 et
1244 4349 1420 4419 legatis
1444 4355 1574 4418 ejus.

775 4413 849 4488 De
870 4417 1003 4468 obitu
1025 4417 1181 4470 beatm
1217 4411 1564 4488 Rchgundis.

661 4481 778 4570 II.
805 4483 880 4570 Pe
907 4502 963 4570 eo
985 4490 1208 4570 quinquin
1240 4481 1404 4570 culti-io
1429 4494 1494 4542 ad
1525 4492 1965 4570 Guntchrqrnnum
1994 4515 2160 4570 regem
2188 4502 2341 4557 venit.

661 4552 947 4633 I_}’.__Quod
982 4556 1303 4633 Qliildeberto
1329 4561 1461 4616 alius
1486 4574 1633 4618 natus
1663 4575 1736 4619 est
1756 4567 1921 4633 ﬁlius.

675 4623 732 4678 γ.
765 4623 842 4678 De
869 4628 1137 4696 prodigiis.

731 4768 758 4795 ι
799 4759 854 4813 Id
881 4769 959 4813 est
984 4760 1044 4813 ab
1068 4761 1290 4826 homine,
1319 4766 1523 4820 scilicet
1545 4769 1807 4825 Antestio.

730 4828 759 4868 δ
797 4831 1123 4908 Laudatur_a
1160 4832 1448 4908 Fortunato
1496 4838 1587 4892 lib.
1619 4855 1654 4903 I,
1681 4857 1846 4895 carm.
1876 4845 1931 4908 3,
1963 4846 2031 4897 ob
2059 4845 2226 4900 aediﬁ-

661 4911 830 4956 catam
859 4910 1043 4955 sancto
1067 4902 1342 4967 Stephano
1371 4902 1670 4963 ecclesiam.
1699 4902 1929 4967 Alteram
1980 4917 2032 4967 in
2063 4916 2228 4970 honn.

661 4989 773 5027 rem
825 4979 1126 5026 sanctorum
1171 4972 1329 5038 Petri,
1363 4975 1530 5040 Pauli,
1565 4979 1838 5038 Laurentii
1888 4996 1939 5038 et
1966 4984 2227 5041 Pancratii

661 5041 968 5123 aedificarat,
991 5044 1039 5094 in
1064 5059 1164 5110 qua
1199 5046 1451 5123 tredecim
1477 5061 1627 5103 erant
1652 5053 1854 5116 altaria,
1883 5057 1972 5108 sed
2004 5068 2232 5123 quatuor

662 5129 728 5167 ex
766 5114 847 5168 his
886 5124 1194 5192 consecrata
1221 5130 1330 5192 _no_u
1356 5116 1583 5180 fuerant,
1613 5124 1754 5188 quod
1790 5114 2040 5192 reliquias
2072 5127 2121 5179 in
2153 5129 2232 5182 eis

663 5184 1000 5261 reponendus
1024 5185 1195 5261 nullas
1219 5185 1456 5261 haberet,
1477 5200 1531 5242 ut
1549 5184 1689 5258 patet
1718 5209 1778 5247 ex
1808 5184 1971 5248 sancti
1991 5196 2231 5261 Gregorii

662 5252 907 5327 Maepist.
932 5253 1020 5321 50,
1050 5255 1136 5307 lib.
1164 5273 1215 5320 v,
1239 5257 1326 5311 ubi
1353 5252 1598 5327 reliquias
1623 5280 1750 5327 quas
1779 5267 1844 5318 ab
1875 5282 1940 5319 eo
1965 5252 2229 5324 Palladius

663 5325 996 5404 el'llagitarat,
1016 5341 1076 5404 se
1101 5327 1209 5404 ipsi
1218 5325 1579 5404 transmittere
1609 5325 1792 5388 beatus
1817 5344 2038 5389 testatur
2061 5339 2231 5404 ponti-

663 5392 772 5455 fex,
791 5396 883 5466 qui
917 5406 971 5448 et
999 5398 1151 5460 epist.
1182 5396 1250 5450 52
1278 5399 1512 5466 ejusdem
1535 5403 1653 5456 libri
1681 5392 2107 5464 eidemJ’alladio
2124 5413 2232 5463 Au-

664 5465 930 5543 gustinum
972 5466 1208 5543 aliosque
1231 5465 1516 5543 monachos
1549 5474 1599 5524 in
1616 5476 1854 5543 Angliam
1879 5487 2063 5532 euntes
2084 5496 2231 5533 com-

663 5532 951 5616 mendavit.
987 5532 1185 5614 [Sumen
1215 5536 1331 5616 ejus
1384 5541 1434 5616 iu
1461 5540 1612 5616 fastis
1644 5532 1892 5599 Ecclesiae
1923 5532 2134 5616 legitur,
2167 5532 2229 5604 ac

662 5604 968 5694 iri‘tisanc‘tus.
996 5605 1043 5657 in
1075 5607 1538 5694 propria-ecclesia
1574 5613 1880 5693 honoratur.
1905 5604 2231 5694 Subscripsit

663 5671 1018 5744 Conc_Paris.
1045 5691 1112 5733 iv,
1138 5671 1224 5726 an.
1251 5677 1373 5737 5‘75,
1403 5689 1455 5732 et
1480 5681 1680 5735 Matisc.
1708 5701 1764 5744 Il,
1795 5702 1932 5739 anno
1959 5671 2083 5742 585.

739 5752 760 5780 ε
788 5739 878 5797 liic
900 5755 1010 5798 erat
1035 5749 1313 5818 episcopus
1333 5749 1699 5810 Namnetensis
1721 5739 1910 5813 Felicis
1931 5739 2226 5828 successor,

2257 4779 2308 4838 D
2334 4785 2389 4829 ut
2419 4775 2616 4849 dicitur
2655 4789 2811 4844 supra
2857 4777 2958 4849 lib.
2983 4793 3062 4849 vr,
3090 4793 3208 4849 Cap.
3238 4782 3335 4848 15,;
3366 4781 3605 4835 laudatur
3643 4781 3749 4832 item
3773 4775 3846 4849 lib.

2331 4861 2384 4900 tv
2412 4847 2479 4900 de
2506 4847 2688 4901 Mirac.
2720 4848 2884 4901 sancti
2916 4847 3169 4913 Martini,
3196 4847 3433 4915 cap.26.
3468 4856 3610 4906 Alius
3636 4849 3717 4903 fuit
3741 4848 3848 4915 ejus

2329 4918 2450 4971 dem
2471 4916 3147 4994 s_edi_s_episc._lVonnichius
3166 4936 3258 4975 seu
3272 4923 3581 4982 Nunichius,
3595 4922 3674 4986 qui
3691 4914 3848 4994 mulo

2331 4989 2595 5063 superiori
2611 4985 2775 5063 Coac.
2800 4989 3080 5063 Venetensi
3101 4996 3456 5063 subscripsit;
3485 4985 3662 5063 cuique
3687 4985 3848 5058 Apolli-

2333 5057 2759 5129 narisisidonius
2789 5061 3003 5126 scripsit
3027 5062 3188 5129 epist.
3223 5065 3288 5118 15
3319 5057 3410 5119 lib.
3439 5057 3550 5118 vni.

2406 5127 2431 5165 ά
2471 5128 2601 5182 Cod.
2627 5131 2779 5184 Colb.
2811 5145 2887 5197 a.,
2921 5127 3089 5184 Bono.

2410 5209 2434 5277 ξ
2477 5199 2586 5277 1μίοο
2614 5212 2773 5277 caput
2800 5201 2950 5277 deest
2978 5201 3031 5254 in
3061 5203 3213 5277 (ξοην.
3247 5217 3296 5258 a.
3323 5215 3375 5260 et
3400 5206 3517 5260 Vat.
3611 5276 3616 5277 ί
3678 5271 3717 5277 __
3775 5267 3801 5277 _,

2412 5267 2703 5350 ’.βεηονίὶ
2743 5270 2956 5350 «ιυίξῐρεη
2977 5273 3266 5350 feritatem
3312 5292 3375 5330 ex
3405 5276 3652 5350 Gregorio
3677 5271 3733 5325 Μ.

2337 5357 2393 5395 In
2425 5341 2648 5415 Dialog.,
2677 5357 2793 5415 cap.
2828 5343 2885 5394 51
2917 5357 2932 5395 :
2969 5341 3072 5395 Sed
3096 5347 3259 5414 gentis
3284 5364 3388 5401 sum
3413 5341 3584 5400 timore
3606 5341 3848 5415 perterritus

2335 5415 2401 5466 ad
2434 5413 2584 5476 ﬁdem
2612 5413 2912 5466 catholicam
2945 5413 3200 5484 pervenire
3227 5435 3322 5470 non
3353 5419 3550 5470 meruit.
3599 5419 3663 5468 lle
3695 5413 3846 5484 Leuvi-

2335 5485 2478 5554 gildi'
2513 5485 2860 5554 conversione
2910 5483 3041 5554 nihil
3071 5487 3556 5542 scribnutJoannes
3582 5483 3845 5539 Biciarensis

2334 5553 2516 5627 abbas,
2541 5563 2629 5627 aut
2652 5553 2884 5627 Isidorus
2907 5553 2972 5606 ad
2999 5570 3159 5608 teram
3193 5558 3314 5621 606,
3360 5560 3480 5612 licet
3501 5560 3639 5624 plura
3661 5554 3844 5627 habeas!

2335 5625 2401 5677 de
2432 5625 2539 5676 illo.
2575 5625 2705 5678 Eum
2735 5625 2800 5676 ad
2831 5639 3012 5692 poenas
3045 5639 3321 5692 perpetuas
3362 5646 3424 5684 ex
3458 5623 3550 5681 hac
3577 5629 3670 5678 vita
3695 5623 3841 5675 demi-

2333 5709 2518 5819 grasse
2543 5693 2616 5748 ait
2638 5694 2827 5750 Paulus
2850 5695 3210 5764 Emeritensis,
3235 5714 3348 5769 cap.
3371 5701 3430 5755 ιϐ
3450 5699 3512 5754 de
3536 5697 3656 5753 Vitis
3675 5701 3842 5764 patrum

2363 5764 2562 5819 ‘mcrit.

2363 5764 2562 5820 imcrit.
