3942 6190
642 223 739 278 ι83

1637 217 1695 273 S.
1738 215 2062 273 GREGORII
2102 214 2404 271 EPISCOPI
2442 212 2869 270 TURONENSIS

3784 215 3895 269 488

708 338 795 395 111.
828 337 1030 392 Interea
1074 344 1097 373 ⁸
1148 334 1362 389 advenit
1417 333 1675 388 festivitas
1732 334 1897 389 sancti
1946 332 2197 397 Marcelli,
2227 338 2272 393 Α
2298 331 2579 401 jactitabat
2608 348 2623 385 :
2648 329 2714 385 ad
2744 344 2922 399 quem,
2963 342 3082 399 quia
3117 342 3347 397 przesens
3373 338 3480 380 non
3511 341 3703 393 eram,
3733 331 3893 383 rusti-

632 447 753 502 qua:
780 430 919 500 apud
964 428 1147 484 urbem
1179 427 1602 482 Cabillonensem
1640 440 1822 481 mense
1857 426 2082 494 septimo
2111 439 2202 478 ce-

638 521 897 583 lebratur,
954 528 1008 573 et
1046 518 1479 574 Guntchranmus
1525 532 1618 570 rex
1666 516 1852 569 adfuit.
1890 514 2083 570 Verum
2116 513 2204 568 ubi

638 611 867 678 peractis
916 608 1243 663 Solemnibus
1278 606 1339 670 δ,
1386 605 1451 659 ad
1503 614 1898 659 sacrosanctum
1957 605 2202 658 altarium

638 700 1064 756 communicandi
1086 701 1253 767 gratia
1283 698 1615 760 accessisset,
1640 696 1784 749 venit
1813 697 2025 767 quidam
2054 696 2201 765 quasi

635 792 837 863 aliquid
865 801 1230 862 suggesturus.
1270 790 1368 856 Qui
1398 789 1522 843 dum
1568 796 1815 858 properat
1839 787 1996 858 421
2023 798 2204 842 contra

637 898 817 952 regem
844 923 859 944 ,
906 882 1078 936 culter
1104 882 1152 935 ei
1193 880 1259 933 de
1290 889 1446 933 manu
1468 878 1744 937 dilabitur,
1769 879 2209 947 apprehensoque

637 982 898 1042 repente,
933 972 1093 1025 alium
1141 972 1372 1025 cultrum
1425 971 1758 1039 evaginatum
1804 970 1855 1023 in
1903 985 2061 1023 manu
2091 969 2207 1039 ejus

642 1064 932 1131 reperiunt.
963 1063 1069 1116 Nec
1099 1076 1244 1115 mora
1264 1102 1280 1129 ,
1321 1061 1543 1116 eductus
1571 1076 1599 1114 a
1627 1061 1840 1115 basilica
1866 1070 2068 1126 sancta,
2096 1060 2209 1113 vin-

642 1163 761 1208 ctus
784 1195 798 1217 ,
830 1164 883 1206 et
930 1153 1206 1207 tormentis
1233 1151 1474 1206 addictus
1498 1192 1513 1217 ,
1556 1150 1836 1205 conﬁtetur
1870 1151 2209 1205 seemissum

645 1244 712 1298 ad
737 1244 1159 1298 interﬁciendum
1191 1258 1391 1313 regem,
1423 1243 1604 1297 dicens
1630 1260 1642 1294 :
1675 1242 1764 1297 Sic
1798 1243 1938 1296 enim
1966 1242 2212 1296 tractavit

644 1336 734 1404 qui
776 1350 861 1389 me
910 1336 1072 1388 misit.
1139 1334 1270 1401 Quia
1320 1334 1568 1402 cognovit
1619 1349 1711 1388 rex
1756 1334 2040 1388 multorum
2074 1336 2123 1388 in
2153 1349 2213 1388 se

640 1427 761 1482 odia
790 1437 1093 1497 aggregata,
1126 1438 1181 1481 et
1205 1438 1483 1495 suspectus
1514 1441 1583 1481 ne
1608 1428 1957 1493 percutiatur,
1997 1428 2213 1483 omnino

647 1533 706 1574 se
733 1535 760 1572 a
790 1521 903 1573 suis
934 1520 1119 1573 vallari
1151 1519 1426 1588 prmcipit:
1458 1534 1556 1573 nec
1589 1520 1851 1588 reperitur
1878 1519 2053 1573 aditus
2083 1535 2215 1588 qua-

650 1609 772 1663 liter
793 1610 857 1664 ad
907 1625 1026 1665 eum
1073 1625 1191 1663 cum
1234 1610 1426 1679 gladiis
1477 1610 1646 1676 possit
1687 1610 1979 1674 accedere,
2030 1610 2128 1663 nisi
2160 1610 2211 1663 in

2303 429 2438 483 citas
2484 429 2660 497 populi
2709 427 2876 480 multa
2934 423 3284 489 conﬂuxerat,
3339 422 3655 477 deterentes
3711 437 3890 477 secum

2304 534 2475 574 caacos
2502 531 2559 573 et
2583 519 2806 583 debiles,
2849 533 2983 584 quos
3031 533 3134 571 non
3190 516 3473 570 sanctitate
3518 529 3755 578 sanare.
3806 516 3890 570 sed

2305 625 2487 665 errore
2515 610 2890 665 necromantici
2930 610 3129 677 ingenii
3157 610 3431 674 quaerebat
3460 606 3730 661 illudere.
3766 607 3889 659 Nam

2306 702 2404 755 hos
2429 702 2517 762 qui
2539 709 2692 755 erant
2725 701 3021 770 paralyticr,
3052 710 3142 753 aut
3166 700 3266 753 alia
3309 697 3549 763 impediti
3574 698 3887 761 debilitate,

2302 794 2525 862 jubebat
2550 793 2723 848 valide
2754 792 2994 857 extendi,
3020 802 3075 846 ut
3096 807 3228 861 quos
3256 792 3467 845 virtutis
3495 789 3704 845 divina
3737 791 3889 860 largi-

2308 885 2450 938 tione
2474 883 2700 952 dirigere
2723 898 2827 937 non
2858 892 3087 952 poterat,
3118 880 3269 950 quasi
3305 896 3398 949 per
3424 882 3757 934 industriam
3789 895 3890 934 res-

2307 980 2560 1026 tauraret.
2596 971 2828 1039 Denique
2856 970 3325 1040 apprehendebant
3350 971 3503 1038 pueri
3526 970 3660 1039 ejus
3707 983 3887 1023 manus

2310 1060 2603 1125 hominum,
2631 1060 2717 1115 alii
2739 1074 2864 1115 vero
2887 1060 3069 1130 pedes,
3095 1070 3396 1129 tractosque
3420 1060 3674 1114 diversas
3698 1061 3752 1113 iu
3778 1075 3889 1128 par-

2311 1162 2412 1216 tes,
2445 1153 2515 1206 ita
2544 1160 2602 1206 ut
2622 1154 2774 1206 nervi
2803 1161 3117 1221 putarentur
3144 1150 3388 1217 abrumpi
3421 1168 3434 1203 :
3486 1165 3615 1205 cum
3648 1165 3760 1204 non
3808 1164 3883 1204 aa-

2312 1251 2583 1308 narentur,
2613 1242 3015 1297 dimittehantur
3043 1243 3336 1296 exanimes.
3367 1241 3517 1296 Unde
3551 1241 3764 1295 factum
3788 1251 3883 1307 est,

2317 1341 2373 1386 ut
2403 1334 2453 1386 in
2485 1335 2585 1387 hoc
2612 1333 2871 1402 supplicio
2920 1333 3067 1386 multi
3108 1332 3350 1401 spiritum
3394 1332 3752 1395 exhalarent;
3783 1341 3879 1383 tan~

2316 1432 2535 1493 tumque
2571 1425 2736 1477 miser
2755 1423 2924 1477 elatus
2952 1431 3091 1480 erat.
3118 1432 3173 1475 ut
3201 1423 3461 1476 minorem
3494 1432 3520 1468 κ
3559 1436 3626 1476 se
3680 1422 3881 1477 beatum

2312 1516 2591 1570 Ilartinum
2624 1531 2743 1569 esse
2772 1516 2991 1579 diceret,
3024 1530 3082 1569 se
3103 1530 3227 1568 vero
3258 1516 3512 1583 apostolis
3555 1523 3878 1581 coaequaret.

2315 1607 2421 1662 Nec
2464 1608 2677 1675 mirum,
2722 1623 2765 1661 ει
2816 1607 2902 1661 hic
2930 1607 3156 1661 similem
3197 1622 3255 1661 se
3284 1608 3424 1661 dicat
3450 1608 3745 1675 apostolis,
3774 1621 3883 1659 cum

640 1698 884 1765 ecclesia,
914 1699 965 1752 in
996 1714 1096 1768 qua
1118 1714 1338 1754 securus
1364 1708 1418 1753 et
1439 1698 1567 1751 nihil
1599 1708 1837 1753 metuens
1876 1706 2018 1753 stare
2041 1698 2217 1768 digno-
2241 1706 2290 1766 B
2318 1698 2406 1753 ille
2434 1709 2619 1752 auctor
2645 1698 2916 1766 nequitiae,
2941 1713 2969 1749 a
2996 1712 3101 1767 quo
3126 1700 3223 1750 ista
3257 1697 3580 1767 procedunt,
3616 1698 3881 1752 Christum

640 1790 826 1855 scitur,
858 1790 1340 1845 transverberetur.
1377 1791 1479 1845 Sed
1511 1798 1566 1844 et
1587 1790 1668 1843 bis
1696 1790 1759 1843 de
1789 1790 1978 1860 quibus
2004 1790 2208 1844 locutus

642 1880 742 1935 fuit
765 1882 1113 1950 apprehensis
1133 1922 1148 1947 ,
1191 1882 1372 1935 multis
1403 1883 1755 1952 interemptis,
1790 1885 1929 1936 hunc
1960 1882 2211 1936 verbera-

643 1978 754 2025 tum
804 1973 969 2042 plagis
1008 1972 1211 2026 dimisit
1240 1973 1416 2025 vivum
1444 2013 1459 2039 ,
1490 1975 1611 2042 quia
1660 1976 1806 2027 nefas
1856 1974 2058 2041 putavit
2089 1984 2136 2039 σε,
2163 1972 2210 2027 si

641 2064 686 2116 is
712 2062 801 2130 qui
823 2063 891 2117 ab
919 2063 1141 2116 ecclesia
1176 2062 1398 2116 eductus
1424 2064 1613 2128 fuerat,
1647 2073 2005 2117 truncaretur.

711 2151 798 2207 ιν.
828 2152 856 2189 εί
896 2153 973 2206 Eo
1019 2168 1160 2206 anno
1209 2152 1549 2208 Childeberto
1592 2154 1705 2224 regi
1734 2155 1869 2209 alius
1896 2156 2032 2209 lilius
2058 2166 2213 2210 natus

640 2251 743 2308 est,
770 2258 925 2310 quem
982 2242 1217 2295 Veranus
1253 2240 1637 2298 Cavillonensis
1662 2253 1685 2281 θ
1716 2246 1995 2315 episc0pus
2045 2250 2215 2302 suscio

641 2329 792 2397 piens
817 2345 845 2381 a
876 2330 1105 2394 lavacro,
1139 2329 1457 2384 Theudorici
1482 2346 1673 2387 nomen
1698 2335 1891 2402 posuit.
1918 2334 2049 2390 Erat
2070 2336 2211 2391 enim

653 2436 720 2477 eo
742 2431 977 2490 tempore
1008 2422 1119 2489 ipse
1148 2422 1379 2488 pontifex
1404 2423 1609 2491 magnis
1638 2425 1921 2481 virtutibus
1944 2428 2211 2496 praeditus,

642 2513 713 2566 ita
747 2522 799 2566 ut
823 2512 1131 2582 plerumque
1178 2511 1399 2566 inﬁrmis
1446 2515 1653 2583 signum
1703 2516 1874 2570 crucis
1914 2517 2212 2587 imponens,

643 2604 821 2657 statim
849 2604 1080 2665 sanitati,
1109 2603 1373 2658 tribuente
1401 2604 1654 2671 Domino,
1687 2618 2027 2663 restauraret.

719 2695 780 2749 V.
812 2697 1054 2763 Prodigia
1086 2695 1105 2733 ί
1133 2711 1341 2765 quoque
1383 2697 1545 2751 multa
1598 2698 1791 2753 dehinc
1835 2712 2211 2769 apparuerunt.

641 2786 773 2842 Nam
798 2804 919 2842 vasa
951 2804 1045 2858 per
1075 2789 1262 2841 domos
1289 2791 1641 2854 diversorum,
1690 2790 1857 2861 signis
1903 2793 2081 2848 nescio
2103 2796 2217 2863 qui-

642 2881 744 2936 bus
773 2883 1061 2936 charaxata
1089 2892 1231 2949 sunt,
1264 2898 1380 2955 quae
1430 2897 1516 2936 res
1556 2884 1699 2938 nullo
1752 2900 1982 2953 unquam
2031 2888 2212 2958 modo,

641 2974 897 3027 auteradi
928 2977 1115 3041 potuit,
1145 2987 1235 3029 aut
1264 2976 1451 3030 deleri.
1487 2976 1776 3044 [inemptum
1800 2989 1881 3030 est
1911 2988 2086 3034 autem
2117 2981 2216 3035 hoc

2310 1805 2367 1845 se
2391 1790 2444 1845 in
2471 1791 2576 1846 ﬁne
2597 1791 2777 1846 saeculi
2810 1791 3046 1845 l‘assurus
3075 1792 3166 1846 sit.
3192 1792 3318 1845 Nam
3341 1792 3407 1845 de
3423 1792 3523 1846 hoc
3541 1791 3881 1845 animadvero

2311 1897 2427 1938 sum
2458 1892 2560 1947 est,
2603 1891 2662 1937 ut
2703 1884 2948 1951 superius
2977 1884 3227 1950 diximus,
3262 1898 3443 1937 errore
3472 1882 3885 1937 necromantiae

2312 1975 2440 2030 artis
2471 1975 2635 2031 fuisse
2673 1976 2952 2030 imbutum.
2985 1976 3139 2042 Quia,
3170 1985 3227 2029 ut
3250 1986 3492 2029 asserunt
3524 1976 3615 2041 qui
3664 1989 3787 2028 eum
3812 1974 3881 2024 vi-

2312 2067 2522 2133 derunt,
2567 2083 2687 2122 cum
2735 2067 2956 2136 quisque
3007 2066 3073 2121 de
3102 2081 3166 2121 eo
3197 2068 3377 2137 procul
3408 2076 3463 2119 et
3507 2066 3695 2120 abdite
3743 2062 3884 2133 quid-

2312 2175 2471 2229 quam
2515 2159 2721 2214 locutus
2772 2157 3132 2221 fuissetmali,
3190 2173 3368 2212 coram
3428 2158 3627 2226 popqu
3688 2165 3881 2210 astante

2312 2249 2729 2319 improperabat,
2753 2248 2962 2303 dicens:
2989 2247 3119 2315 Quia
3147 2249 3246 2302 hoc
3270 2256 3328 2302 et
3350 2247 3476 2301 illud
3499 2248 3568 2301 de
3593 2262 3685 2300 me
3706 2245 3882 2300 eﬂ'atus

2313 2346 2416 2403 est,
2446 2352 2567 2408 qua:
2594 2340 2874 2393 sanctitate
2901 2352 3016 2393 mea
3064 2346 3218 2391 erant
3256 2338 3488 2406 indigna.
3538 2337 3605 2391 Et
3648 2351 3755 2405 quo
3785 2335 3879 2389 alio

2314 2429 2418 2483 nisi
2447 2429 2814 2484 nuntiantibus
2838 2429 3114 2483 daemoniis
3140 2428 3189 2482 id
3218 2427 3574 2499 cognoscebat
3595 2427 3620 2479 τ
3652 2425 3880 2481 Habebat

2315 2530 2490 2576 autem
2521 2522 2784 2577 cucullum
2831 2537 2891 2575 ac
2923 2522 3153 2575 tunicam
3186 2520 3252 2575 de
3275 2520 3390 2590 pilis
3412 2533 3717 2587 caprarum,
3748 2525 3803 2572 et
3831 2517 3876 2568 ia

2313 2614 2563 2684 praesenti
2588 2614 2799 2684 quidem
2826 2613 3099 2668 abstinens
3120 2620 3233 2667 erat
3268 2626 3297 2665 a
3327 2611 3455 2666 cibis
3481 2618 3535 2664 et
3556 2618 3723 2678 potu;
3750 2609 3879 2662 clam

2315 2714 2491 2760 autem
2522 2721 2642 2759 cum
2673 2704 2726 2758 in
2754 2704 3104 2759 diversorium
3134 2704 3386 2767 venisset,
3420 2702 3488 2755 ita
3519 2699 3805 2755 inlarcibat
3829 2698 3873 2751 in

2315 2812 2429 2859 ore,
2462 2805 2517 2849 ut
2547 2796 2792 2850 minister
2820 2811 2922 2849 non
2945 2807 3249 2849 occurreret
3272 2803 3474 2848 tantum
3499 2792 3741 2861 poscenti
3769 2805 3873 2859 por-

2316 2885 2508 2957 rigere.
2542 2886 2645 2942 Sed
2678 2886 2890 2940 detecta
2919 2886 3196 2940 dolositate
3237 2885 3373 2954 ejus,
3418 2895 3471 2939 et
3500 2901 3528 2937 a
3572 2883 3767 2938 nostris
3788 2880 3869 2935 de-

2317 2978 2595 3048 prehensa,
2643 2977 2848 3047 eiectus
2868 2987 2949 3032 est
2975 2987 3122 3032 extra
3154 2975 3301 3030 urbis
3324 2976 3637 3030 terminum.
3667 2974 3771 3028 Nec
3791 2985 3869 3025 co-

642 3067 937 3136 prodigium
968 3068 1033 3122 ab
1060 3069 1208 3123 urbis
1231 3070 1543 3123 Carnotena:
1572 3070 1864 3134 territorio,
1905 3082 1959 3125 et
1997 3074 2216 3129 veniens
2245 3069 2289 3131 C
2317 3073 2601 3144 gnovimus
2622 3071 2875 3139 deinceps
2903 3084 3008 3140 quo
3034 3070 3260 3133 abisset;
3282 3068 3498 3123 dicebat
3521 3067 3686 3139 523
3715 3075 3865 3120 tamen

642 3176 737 3227 per
767 3161 1223 3225 Aurelianensem,
1257 3177 1425 3231 usque
1458 3162 1899 3233 Burdegalensem
1930 3166 2213 3221 terminum

642 3251 983 3321 pernecessit,
1010 3268 1113 3306 non
1143 3256 1552 3321 prmtermiltens
1581 3256 1737 3308 ullam
1765 3256 1949 3309 urbem
1979 3271 2095 3324 qum
2118 3256 2217 3311 fuit

646 3343 700 3397 in
726 3344 920 3398 medio.
956 3343 1011 3398 In
1042 3344 1211 3397 vineis
1238 3360 1363 3399 vero
1391 3361 1573 3401 mense
1593 3354 1783 3400 octavo
1807 3356 2071 3400 transacta
2096 3347 2213 3400 vin-

641 3434 837 3492 demia.
867 3436 1110 3504 palmites
1149 3449 1313 3489 novos
1355 3451 1474 3489 cum
1522 3439 1638 3490 uvis
1667 3436 1978 3491 deformatis
2009 3436 2214 3508 aspexi-

642 3544 782 3582 mus.
815 3527 869 3581 in
916 3527 1033 3579 aliis
1082 3526 1359 3581 arboribus
1389 3527 1608 3582 frondes
1633 3543 1805 3592 novae,
1837 3537 1891 3583 et
1920 3544 2053 3583 nova
2106 3530 2213 3584 visa

641 3627 763 3672 sunt
792 3632 965 3686 poma.
991 3616 1140 3670 Radii
1169 3632 1196 3669 a
1225 3626 1371 3685 parte
1409 3617 1685 3686 Aquilonis
1710 3625 2087 3686 apparuerunt.
2120 3624 2227 3675 As-v

640 3706 890 3761 serebant
918 3705 1159 3759 nonnulli
1191 3706 1383 3759 vidis~;e
1408 3720 1466 3759 se
1493 3715 1767 3775 serpentes
1790 3723 1856 3762 ex
1871 3708 2012 3763 nube
2037 3709 2218 3778 delap-

640 3811 749 3852 Sos.
783 3797 887 3850 Alii
916 3796 1256 3850 afﬁrmabant
1286 3796 1461 3850 villam
1493 3813 1613 3851 cum
1641 3797 1779 3851 casis
1834 3809 1888 3852 et
1916 3798 2216 3855 hominibus

641 3890 915 3945 subitanea
945 3890 1309 3945 internecione
1338 3891 1725 3957 evanuisse;et
1748 3891 1910 3946 multa
1943 3893 2043 3946 alia
2066 3894 2215 3963 signa

640 3991 1020 4051 apparuerunt,
1044 3995 1163 4048 qua:
1180 3989 1271 4033 aut
1299 3980 1437 4048 regis
1463 3979 1668 4034 obitum
1693 3982 2006 4036 annuntiare
2021 3983 2212 4046 solent,

640 4085 732 4127 aut
760 4073 988 4144 regionis
1008 4071 1300 4127 excidium.
1332 4070 1496 4142 422
1530 4071 1808 4127 Vindemia
1856 4087 1921 4127 eo
1948 4087 2087 4127 anno
2135 4082 2215 4128 te-

642 4167 785 4231 nuis,
808 4181 959 4236 aquae.
982 4165 1192 4232 validae,
1226 4166 1423 4233 pluviae
1444 4164 1743 4230 immensae,
1773 4165 1987 4220 ﬁumina
2010 4181 2217 4236 quoque

641 4259 909 4329 granditer
946 4257 1169 4311 adaucta
1202 4257 1434 4311 luerunt.

718 4349 803 4403 Vl.
848 4348 968 4402 Fuit
995 4364 1060 4402 eo
1080 4363 1220 4401 anno
1244 4347 1293 4401 in
1321 4348 1451 4402 urbe
1480 4347 1740 4402 Turonica
1788 4348 2089 4404 Desiderius
2115 4366 2213 4405 no-

2317 3165 2487 3220 civem
2541 3177 2601 3219 se
2652 3178 2773 3218 esse
2824 3161 3287 3232 Burdegalensem.
3333 3159 3461 3214 Nam
3513 3169 3568 3214 et
3622 3166 3742 3212 ante
3785 3155 3866 3209 hot

2316 3266 2519 3325 septem
2568 3270 2737 3309 annos
2788 3255 2881 3307 l‘uit
2910 3262 2963 3307 et
3008 3254 3142 3307 alius
3170 3266 3392 3322 magnus
3420 3251 3580 3306 valde
3612 3249 3857 3309 seductor,

2316 3347 2405 3415 qui
2428 3347 2625 3400 inultos
2645 3346 2860 3414 decepit
2886 3344 3109 3399 dolosita
3120 3355 3167 3399 te
3190 3359 3307 3398 sua.
3338 3344 3434 3397 Hic
3454 3346 3603 3398 enim
3628 3341 3821 3397 colobio
3843 3340 3861 3373 "

2316 3437 2532 3493 indutus
2561 3445 2696 3503 erat,
2736 3437 2959 3491 amictus
2983 3437 3211 3505 desuper
3235 3437 3461 3491 sindone
3488 3476 3504 3503 ,
3555 3450 3764 3491 crucem
3797 3433 3861 3489 le-

2320 3543 2465 3592 rens,
2499 3528 2567 3583 de
2611 3543 2712 3599 qua
2742 3527 3111 3597 dependebant
3139 3527 3461 3596 ampullulse,
3515 3543 3654 3597 quas
3681 3524 3861 3581 dicebat

2316 3620 2755 3685 oleumsanctum
2788 3618 3002 3673 habere.
3040 3619 3229 3673 Aiebat
3256 3620 3400 3673 enim
3429 3633 3489 3672 se
3524 3618 3599 3674 de
3631 3613 3863 3685 Hispaniis

2321 3709 2637 3773 adventare,
2689 3724 2753 3762 ac
2804 3709 3055 3778 reliquias
3105 3708 3535 3764 beatissimorum
3598 3716 3858 3777 martyrum

2318 3799 2581 3856 Vincentii
2604 3800 2795 3864 levita,
2830 3798 3124 3866 Felicisque
3154 3800 3402 3869 martyris
3432 3797 3449 3835 ί
3480 3798 3754 3853 exhibere.
3775 3791 3861 3849 Sed

2318 3907 2437 3948 cum
2461 3893 2570 3962 jam
2599 3905 2819 3962 vespere
2843 3891 2908 3944 ad
2941 3891 3207 3945 basilicam
3234 3892 3399 3945 sancti
3428 3886 3859 3945 Martini'l‘uronis

2317 3986 2641 4049 advenisset,
2694 3993 2748 4038 et
2776 3995 2872 4036 nos
2904 3983 2955 4036 in
2986 3981 3230 4036 convivio
3257 3982 3645 4046 resideremus,
3672 3975 3861 4033 manda-

2321 4088 2431 4136 tum
2462 4077 2631 4142 misit,
2663 4075 2846 4130 dicens
2875 4092 2887 4128 ε
2927 4075 3222 4130 Occurrant
3257 4074 3496 4143 reliquiis
3529 4074 3745 4128 sanctis.
3780 4066 3858 4123 Cui

2318 4187 2436 4236 nos,
2487 4172 2608 4241 quia
2657 4170 2786 4226 hora
2805 4170 2913 4238 jam
2951 4169 3297 4239 praeterierat,
3328 4168 3551 4223 diximus
3586 4186 3603 4221 :
3638 4166 3857 4234 Bequfes-

2322 4275 2448 4318 cant
2496 4264 2665 4318 beata:
2720 4263 2957 4332 reliquis:
2996 4278 3156 4331 super
3193 4263 3459 4323 altarium,
3514 4261 3688 4316 donec
3725 4265 3856 4311 mane

2318 4357 2667 4423 procedamus
2699 4355 2765 4409 ad
2796 4369 3075 4409 occursum
3107 4368 3309 4409 earum.
3343 4352 3446 4408 Sed
3489 4352 3575 4407 hic
3611 4352 3765 4421 primo
3788 4343 3856 4397 di-

644 4440 809 4506 mitte,
838 4441 1009 4509 quise
1038 4455 1285 4508 magnum
1315 4442 1598 4509 quemdam
1630 4455 1751 4495 esse
1788 4441 2016 4508 dicebat,
2070 4457 2218 4498 asse-
2246 4443 2295 4502 D
2322 4448 2493 4500 luculo
2522 4461 2865 4517 consurgens,
2921 4461 3019 4500 nec
3074 4447 3395 4514 exspectatis
3448 4444 3627 4509 nobis,
3670 4434 3855 4495 advenit

642 4544 768 4585 rens
796 4545 856 4585 se
883 4530 1045 4583 multa
1075 4546 1232 4598 posse
1257 4530 1432 4585 facere
1455 4532 1624 4601 signa.
1661 4530 1788 4584 Nam
1815 4540 1867 4584 et
1898 4534 2109 4585 nuntios
2132 4533 2215 4587 iii-

644 4626 727 4675 ter
742 4634 822 4687 se,
854 4631 1014 4690 atque
1036 4621 1251 4676 Petrum
1274 4622 1600 4691 Paulumque
1621 4622 1889 4690 apostolos
1918 4623 2216 4680 discurrere

713 4762 741 4791 ι
781 4753 1065 4808 Deesthoc
1095 4762 1255 4821 caput
1283 4753 1336 4807 in
1366 4753 1517 4809 Colh.
1552 4769 1601 4807 a.

710 4823 738 4863 1³
776 4824 1118 4880 Observanda
1165 4826 1248 4877 hic
1294 4836 1441 4879 vetus
1475 4824 1761 4881 Gallicana:
1811 4826 2051 4882 ecclesiae
2084 4844 2211 4884 con-

638 4897 889 4954 suetudo.
927 4910 1131 4948 sacram
1170 4900 1595 4949 communionem
1639 4898 1846 4951 nonnisi
1890 4910 2005 4964 post
2051 4915 2201 4962 pera.

637 4969 1014 5091 ctamgnissam
1040 4965 1469 5018 administrandi.
1494 4966 1554 5019 ν.
1583 4968 1780 5037 Liturg.
1815 4966 2001 5023 Gallic.
2040 4971 2130 5024 lib.
2164 4987 2202 5036 ι,

639 5055 757 5091 can.
826 5079 838 5091 .

639 5055 757 5093 can.
787 5055 838 5091 ἱ).

744 5078 757 5091 .
787 5055 838 5091 o.

706 5055 737 5149 Β
775 5109 867 5163 Jus
888 5107 1019 5179 asyli
1046 5121 1072 5159 a
1107 5106 1292 5177 primis
1318 5105 1571 5163 Ecclesiae
1597 5110 1822 5172 sreculis,
1846 5125 1910 5163 ex
1940 5123 2046 5179 quo
2064 5110 2208 5179 prin-

637 5179 782 5243 cipes
802 5180 1085 5233 Christiani
1123 5182 1286 5240 ruere,
1311 5191 1623 5230 concessum
1655 5182 1898 5233 ecclesiis
1930 5194 2207 5234 asseruere

640 5248 823 5302 Patres
852 5251 1015 5302 Cunc.
1044 5250 1316 5303 Aurelian.
1341 5262 1378 5310 ι,
1409 5250 1508 5299 sub
1539 5249 1846 5303 Chlodoveo
1872 5251 2078 5313 Magno,
2112 5267 2200 5302 an.

635 5316 760 5385 511,
789 5321 928 5385 quod
957 5331 1137 5387 postea
1184 5330 1293 5373 tum
1330 5321 1487 5372 variis
1518 5321 1860 5373 conciliorum
1886 5322 2201 5385 canouihus,

636 5396 742 5509 :ui?
786 5405 966 5457 regum
1016 5401 1321 5444 nostrorum
1361 5390 1551 5443 edictis
1593 5391 1787 5458 saepius
1834 5392 2202 5445 conﬁrmatum

658 5472 707 5509 ui
741 5496 752 5507 .

658 5465 752 5509 uit.

704 5524 731 5563 ἀ
769 5526 882 5601 Hoc
926 5538 1087 5601 caput
1131 5528 1279 5582 deest
1307 5527 1359 5582 in
1390 5528 1544 5601 codd.
1576 5528 1727 5584 Colh.
1782 5546 1854 5585 m.
1886 5540 1941 5586 et
1988 5532 2199 5601 Regm.,

630 5598 876 5721 qujttiiiis
926 5598 977 5652 in
1007 5600 1071 5653 iis
1106 5610 1449 5655 recenseatur
1494 5600 1548 5652 in
1604 5601 1757 5670 hujus
1804 5603 1919 5655 libri
1969 5598 2201 5672 capitum

630 5683 685 5721 in
727 5682 809 5721 icti
833 5684 888 5721 υ.

630 5682 888 5722 111111ου111.

2316 4553 2436 4591 cum
2465 4554 2623 4593 cruce
2647 4553 2765 4603 sua,
2817 4550 2867 4591 et
2895 4538 2946 4592 in
2977 4538 3165 4592 cellula
3214 4548 3391 4590 nostra
3450 4536 3639 4590 adfuit.
3690 4533 3854 4595 Stulte.

2322 4628 2493 4683 factus
2530 4644 2651 4698 ego,
2697 4640 2750 4684 et
2776 4629 3046 4683 admirans
3075 4628 3365 4693 levitatem,
3416 4628 3701 4697 interrogo,
3748 4615 3851 4690 quid

2390 4773 2414 4799 ε’
2454 4764 2543 4818 Sic
2597 4778 2692 4830 pro
2732 4762 3123 4818 Cave/lionensis
3175 4779 3295 4818 cum
3344 4763 3544 4819 Chesn.
3585 4767 3652 4819 al.
3687 4757 3851 4830 habent

2317 4832 2442 4888 Bec.
2470 4844 2525 4889 et
2548 4825 2702 4888 Colh.
2736 4849 2812 4898 a.,
2846 4847 2898 4888 et
2927 4838 3138 4901 quidem
3172 4847 3337 4897 recte,
3369 4845 3425 4887 ut
3450 4836 3559 4904 jam
3602 4846 3744 4898 supra
3769 4825 3847 4905 obs

2314 4909 2646 4957 servavimus
2675 4905 2738 4957 ad
2769 4920 2888 4973 cap.
2920 4907 2982 4959 ’51
3019 4906 3108 4958 lib.
3142 4920 3255 4958 vm.
3291 4905 3455 4967 Editi,
3489 4905 3845 4971 Cabillonum.

2313 4973 2632 5029 Theudorici
2663 4975 2994 5031 nativitatem
3051 4975 3399 5046 Fredrgaritts
3446 4991 3589 5031 anno
3638 4973 3848 5040 sequenti

2312 5058 2607 5113 CoriSIgnat.
3802 5104 3812 5113 ,

2388 5112 2409 5153 τ
2452 5115 2612 5169 Deest
2656 5114 2794 5186 istud
2841 5126 3000 5184 caput
3048 5131 3166 5171 cum
3214 5115 3382 5171 tribus
3429 5113 3760 5186 sequentibus
3802 5112 3844 5156 in

2312 5183 2463 5239 Colh.
2496 5201 2547 5237 a.
2578 5196 2631 5239 et
2665 5185 2781 5238 Vat.

2384 5265 2408 5324 ξς
2453 5258 2570 5309 Bec.
2603 5266 2653 5309 et
2677 5256 2880 5318 Casin.,
2902 5256 3183 5324 juniorem.
3661 5322 3687 5324 Α
3813 5309 3839 5324 ,.

2382 5323 2411 5361 ιι
2448 5327 2726 5379 llolohinm
2757 5319 2919 5379 vestis
2944 5336 3060 5381 erat
3088 5330 3287 5392 absque
3317 5327 3561 5389 manicis,
3588 5319 3839 5394 quibustlli

2310 5396 2552 5518 solehgnt
2573 5395 2807 5468 Egyptii
2830 5400 3073 5451 monachi
3104 5396 3241 5467 apud
3262 5396 3501 5451 Cassiani.
3523 5392 3616 5452 lib.
3637 5410 3650 5448 l
3675 5392 3839 5446 Insul”

2310 5481 2427 5518 cao.
2498 5507 2511 5518 .

2309 5481 2427 5520 cao.
2459 5481 2511 5520 ἐ).

2311 5484 2427 5574 (Ἆρ’
2452 5484 2549 5602 Qui
2579 5536 2842 5593 Gerunda:
2872 5552 3055 5609 passus
3082 5545 3183 5607 est,
3216 5536 3283 5593 de
3312 5551 3415 5607 quo
3437 5537 3571 5594 lih.t
3601 5534 3662 5591 de
3688 5525 3839 5585 Glol’il

2311 5608 2490 5662 Mart..
2522 5621 2639 5662 can.
2669 5607 2759 5662 92.

2363 5618 2490 5673 art.,
2522 5621 2639 5677 cap.
2669 5618 2759 5663 υτ.
