  <div class='ocr_page' id='page_1' title='image "/cluster/home/n/w/nwhite01/storage/ocr_20150623/71/uva.x000827083/250.png"; bbox 0 0 3942 6190; ppageno 0'>
   <div class='ocr_carea' id='block_1_1' title="bbox 82 289 165 342">
    <p class='ocr_par' dir='ltr' id='par_1_1' title="bbox 82 289 165 342">
     <span class='ocr_line' id='line_1_1' title="bbox 82 289 165 342; baseline 0.024 -2"><span class='ocrx_word' id='word_1_1' title='bbox 82 289 165 342; x_wconf 67' lang='lat' dir='ltr'><strong>us</strong></span> 
     </span>
    </p>
   </div>
   <div class='ocr_carea' id='block_1_2' title="bbox 999 273 2334 335">
    <p class='ocr_par' dir='ltr' id='par_1_2' title="bbox 999 273 2334 335">
     <span class='ocr_line' id='line_1_2' title="bbox 999 273 2334 335; baseline -0.006 0"><span class='ocrx_word' id='word_1_2' title='bbox 999 280 1321 335; x_wconf 73' lang='lat' dir='ltr'><strong>HISTORIA</strong></span> <span class='ocrx_word' id='word_1_3' title='bbox 1361 276 1804 332; x_wconf 77' lang='lat' dir='ltr'><strong>FRANCORL&#39;M.</strong></span> <span class='ocrx_word' id='word_1_4' title='bbox 1850 274 2049 327; x_wconf 69' lang='lat' dir='ltr'>LIBER</span> <span class='ocrx_word' id='word_1_5' title='bbox 2087 273 2334 329; x_wconf 81' lang='lat' dir='ltr'><strong>NONUS.</strong></span> 
     </span>
    </p>
   </div>
   <div class='ocr_carea' id='block_1_3' title="bbox 3181 269 3285 323">
    <p class='ocr_par' dir='ltr' id='par_1_3' title="bbox 3181 269 3285 323">
     <span class='ocr_line' id='line_1_3' title="bbox 3181 269 3285 323; baseline -0.01 0"><span class='ocrx_word' id='word_1_6' title='bbox 3181 269 3285 323; x_wconf 67' lang='grc'><strong>486</strong></span> 
     </span>
    </p>
   </div>
   <div class='ocr_carea' id='block_1_4' title="bbox 83 381 3280 466">
    <p class='ocr_par' dir='ltr' id='par_1_4' title="bbox 83 381 3280 466">
     <span class='ocr_line' id='line_1_4' title="bbox 83 381 3280 466; baseline -0.008 -5"><span class='ocrx_word' id='word_1_7' title='bbox 83 409 173 462; x_wconf 79' lang='lat' dir='ltr'><strong>lucc</strong></span> <span class='ocrx_word' id='word_1_8' title='bbox 196 404 287 459; x_wconf 87' lang='lat' dir='ltr'><strong>sibi</strong></span> <span class='ocrx_word' id='word_1_9' title='bbox 316 402 508 456; x_wconf 89' lang='lat' dir='ltr'><strong>velint.</strong></span> <span class='ocrx_word' id='word_1_10' title='bbox 540 396 830 466; x_wconf 80' lang='lat' dir='ltr'><strong>Respondit</strong></span> <span class='ocrx_word' id='word_1_11' title='bbox 859 398 1011 464; x_wconf 70' lang='lat' dir='ltr'><strong>quasi</strong></span> <span class='ocrx_word' id='word_1_12' title='bbox 1049 396 1310 464; x_wconf 81' lang='lat' dir='ltr'><strong>superbus</strong></span> <span class='ocrx_word' id='word_1_13' title='bbox 1346 402 1400 449; x_wconf 91' lang='lat' dir='ltr'><strong>et</strong></span> <span class='ocrx_word' id='word_1_14' title='bbox 1439 392 1618 446; x_wconf 80' lang='lat' dir='ltr'><strong>inﬂata</strong></span> <span class='ocrx_word' id='word_1_15' title='bbox 1649 395 1690 448; x_wconf 80' lang='grc' dir='ltr'><strong>Α</strong></span> <span class='ocrx_word' id='word_1_16' title='bbox 1723 390 1875 441; x_wconf 88' lang='lat' dir='ltr'><strong>ccrit.</strong></span> <span class='ocrx_word' id='word_1_17' title='bbox 1902 386 2006 441; x_wconf 88' lang='lat' dir='ltr'><strong>Sed</strong></span> <span class='ocrx_word' id='word_1_18' title='bbox 2036 402 2133 440; x_wconf 89' lang='lat' dir='ltr'><strong>nec</strong></span> <span class='ocrx_word' id='word_1_19' title='bbox 2165 400 2261 440; x_wconf 89' lang='lat' dir='ltr'><strong>nos</strong></span> <span class='ocrx_word' id='word_1_20' title='bbox 2291 401 2396 452; x_wconf 71' lang='lat' dir='ltr'><strong>pra:</strong></span> <span class='ocrx_word' id='word_1_21' title='bbox 2428 383 2528 438; x_wconf 91' lang='lat' dir='ltr'><strong>hoc</strong></span> <span class='ocrx_word' id='word_1_22' title='bbox 2558 382 2748 438; x_wconf 54' lang='lat' dir='ltr'><strong>faetore</strong></span> <span class='ocrx_word' id='word_1_23' title='bbox 2776 383 2829 437; x_wconf 93' lang='lat' dir='ltr'><strong>in</strong></span> <span class='ocrx_word' id='word_1_24' title='bbox 2860 381 3129 437; x_wconf 79' lang='lat' dir='ltr'><strong>basilicam</strong></span> <span class='ocrx_word' id='word_1_25' title='bbox 3154 396 3280 437; x_wconf 62' lang='lat' dir='ltr'><strong>sam</strong></span> 
     </span>
    </p>
   </div>
   <div class='ocr_carea' id='block_1_5' title="bbox 83 483 1618 556">
    <p class='ocr_par' dir='ltr' id='par_1_5' title="bbox 83 483 1618 556">
     <span class='ocr_line' id='line_1_5' title="bbox 83 483 1618 556; baseline -0.008 -8"><span class='ocrx_word' id='word_1_26' title='bbox 83 513 187 551; x_wconf 79' lang='lat' dir='ltr'><strong>voce</strong></span> <span class='ocrx_word' id='word_1_27' title='bbox 215 513 226 549; x_wconf 93' lang='lat'>:</span> <span class='ocrx_word' id='word_1_28' title='bbox 256 494 550 555; x_wconf 82' lang='lat' dir='ltr'><strong>Meliorem,</strong></span> <span class='ocrx_word' id='word_1_29' title='bbox 603 490 793 556; x_wconf 82' lang='lat' dir='ltr'><strong>inquit,</strong></span> <span class='ocrx_word' id='word_1_30' title='bbox 841 501 1121 541; x_wconf 88' lang='lat' dir='ltr'><strong>occursum</strong></span> <span class='ocrx_word' id='word_1_31' title='bbox 1166 486 1320 539; x_wconf 86' lang='lat' dir='ltr'><strong>nobis</strong></span> <span class='ocrx_word' id='word_1_32' title='bbox 1363 483 1618 537; x_wconf 75' lang='lat' dir='ltr'><strong>exhibere</strong></span> 
     </span>
    </p>
   </div>
   <div class='ocr_carea' id='block_1_6' title="bbox 79 575 1618 650">
    <p class='ocr_par' dir='ltr' id='par_1_6' title="bbox 79 575 1618 650">
     <span class='ocr_line' id='line_1_6' title="bbox 79 575 1618 650; baseline -0.012 -7"><span class='ocrx_word' id='word_1_33' title='bbox 79 590 319 645; x_wconf 83' lang='lat' dir='ltr'><strong>debueras.</strong></span> <span class='ocrx_word' id='word_1_34' title='bbox 352 585 457 639; x_wconf 88' lang='lat' dir='ltr'><strong>Sec</strong></span> <span class='ocrx_word' id='word_1_35' title='bbox 482 585 595 637; x_wconf 66' lang='lat' dir='ltr'><strong>haec</strong></span> <span class='ocrx_word' id='word_1_36' title='bbox 623 597 721 650; x_wconf 84' lang='lat' dir='ltr'><strong>ego</strong></span> <span class='ocrx_word' id='word_1_37' title='bbox 751 582 801 634; x_wconf 92' lang='lat' dir='ltr'><strong>iu</strong></span> <span class='ocrx_word' id='word_1_38' title='bbox 826 594 981 643; x_wconf 56' lang='lat' dir='ltr'><strong>aures-</strong></span> <span class='ocrx_word' id='word_1_39' title='bbox 1007 580 1288 647; x_wconf 88' lang='lat' dir='ltr'><strong>Chilperici</strong></span> <span class='ocrx_word' id='word_1_40' title='bbox 1322 586 1347 613; x_wconf 68' lang='grc'><strong>⁸</strong></span> <span class='ocrx_word' id='word_1_41' title='bbox 1375 575 1515 645; x_wconf 80' lang='lat' dir='ltr'><strong>regis</strong></span> <span class='ocrx_word' id='word_1_42' title='bbox 1539 576 1618 627; x_wconf 89' lang='lat' dir='ltr'><strong>in-</strong></span> 
     </span>
    </p>
   </div>
   <div class='ocr_carea' id='block_1_7' title="bbox 83 671 1615 749">
    <p class='ocr_par' dir='ltr' id='par_1_7' title="bbox 83 671 1615 749">
     <span class='ocr_line' id='line_1_7' title="bbox 83 671 1615 749; baseline -0.011 -13"><span class='ocrx_word' id='word_1_43' title='bbox 83 698 229 749; x_wconf 71' lang='lat' dir='ltr'><strong>geram</strong></span> <span class='ocrx_word' id='word_1_44' title='bbox 269 698 283 733; x_wconf 88' lang='lat'><strong>:</strong></span> <span class='ocrx_word' id='word_1_45' title='bbox 324 681 415 733; x_wconf 90' lang='lat' dir='ltr'><strong>ille</strong></span> <span class='ocrx_word' id='word_1_46' title='bbox 445 686 623 732; x_wconf 89' lang='lat' dir='ltr'><strong>autem</strong></span> <span class='ocrx_word' id='word_1_47' title='bbox 670 675 956 729; x_wconf 88' lang='lat' dir='ltr'><strong>ulciscetur</strong></span> <span class='ocrx_word' id='word_1_48' title='bbox 998 671 1389 740; x_wconf 83' lang='lat' dir='ltr'><strong>despcctionem</strong></span> <span class='ocrx_word' id='word_1_49' title='bbox 1420 684 1615 722; x_wconf 88' lang='lat' dir='ltr'><strong>meam.</strong></span> 
     </span>
    </p>
   </div>
   <div class='ocr_carea' id='block_1_8' title="bbox 85 758 1619 841">
    <p class='ocr_par' dir='ltr' id='par_1_8' title="bbox 85 758 1619 841">
     <span class='ocr_line' id='line_1_8' title="bbox 85 758 1619 841; baseline -0.012 -13"><span class='ocrx_word' id='word_1_50' title='bbox 85 774 133 828; x_wconf 84' lang='lat' dir='ltr'><strong>Et</strong></span> <span class='ocrx_word' id='word_1_51' title='bbox 152 773 397 841; x_wconf 80' lang='lat' dir='ltr'><strong>ingressus</strong></span> <span class='ocrx_word' id='word_1_52' title='bbox 425 768 483 823; x_wconf 88' lang='lat' dir='ltr'><strong>in</strong></span> <span class='ocrx_word' id='word_1_53' title='bbox 517 766 831 829; x_wconf 88' lang='lat' dir='ltr'><strong>oratorium,</strong></span> <span class='ocrx_word' id='word_1_54' title='bbox 881 779 967 817; x_wconf 87' lang='lat' dir='ltr'><strong>me</strong></span> <span class='ocrx_word' id='word_1_55' title='bbox 993 761 1311 831; x_wconf 90' lang='lat' dir='ltr'><strong>postposito,</strong></span> <span class='ocrx_word' id='word_1_56' title='bbox 1333 759 1445 829; x_wconf 91' lang='lat' dir='ltr'><strong>ipse</strong></span> <span class='ocrx_word' id='word_1_57' title='bbox 1473 758 1619 827; x_wconf 84' lang='lat' dir='ltr'><strong>capi-</strong></span> 
     </span>
    </p>
   </div>
   <div class='ocr_carea' id='block_1_9' title="bbox 86 850 1617 927">
    <p class='ocr_par' dir='ltr' id='par_1_9' title="bbox 86 850 1617 927">
     <span class='ocr_line' id='line_1_9' title="bbox 86 850 1617 927; baseline -0.008 -12"><span class='ocrx_word' id='word_1_58' title='bbox 86 865 229 918; x_wconf 87' lang='lat' dir='ltr'><strong>tellum</strong></span> <span class='ocrx_word' id='word_1_59' title='bbox 253 875 413 915; x_wconf 88' lang='lat' dir='ltr'><strong>unum</strong></span> <span class='ocrx_word' id='word_1_60' title='bbox 436 900 452 924; x_wconf 95' lang='lat'><strong>,</strong></span> <span class='ocrx_word' id='word_1_61' title='bbox 498 866 657 927; x_wconf 88' lang='lat' dir='ltr'><strong>atque</strong></span> <span class='ocrx_word' id='word_1_62' title='bbox 678 855 928 919; x_wconf 89' lang='lat' dir='ltr'><strong>alterum,</strong></span> <span class='ocrx_word' id='word_1_63' title='bbox 960 868 1021 908; x_wconf 88' lang='lat' dir='ltr'><strong>ac</strong></span> <span class='ocrx_word' id='word_1_64' title='bbox 1051 852 1265 907; x_wconf 91' lang='lat' dir='ltr'><strong>tertium</strong></span> <span class='ocrx_word' id='word_1_65' title='bbox 1301 850 1462 914; x_wconf 93' lang='lat' dir='ltr'><strong>dicit;</strong></span> <span class='ocrx_word' id='word_1_66' title='bbox 1504 850 1617 918; x_wconf 87' lang='lat' dir='ltr'><strong>ipse</strong></span> 
     </span>
    </p>
   </div>
   <div class='ocr_carea' id='block_1_10' title="bbox 83 941 1617 1019">
    <p class='ocr_par' dir='ltr' id='par_1_10' title="bbox 83 941 1617 1019">
     <span class='ocr_line' id='line_1_10' title="bbox 83 941 1617 1019; baseline -0.008 -14"><span class='ocrx_word' id='word_1_67' title='bbox 83 955 332 1008; x_wconf 82' lang='lat' dir='ltr'><strong>orationem</strong></span> <span class='ocrx_word' id='word_1_68' title='bbox 378 949 622 1019; x_wconf 83' lang='lat' dir='ltr'><strong>profert,</strong></span> <span class='ocrx_word' id='word_1_69' title='bbox 672 954 728 1000; x_wconf 89' lang='lat' dir='ltr'><strong>ct</strong></span> <span class='ocrx_word' id='word_1_70' title='bbox 774 946 886 1013; x_wconf 91' lang='lat' dir='ltr'><strong>ipse</strong></span> <span class='ocrx_word' id='word_1_71' title='bbox 915 949 1277 1007; x_wconf 86' lang='lat' dir='ltr'><strong>consummat,</strong></span> <span class='ocrx_word' id='word_1_72' title='bbox 1306 941 1617 1009; x_wconf 86' lang='lat' dir='ltr'><strong>elevataque</strong></span> 
     </span>
    </p>
   </div>
   <div class='ocr_carea' id='block_1_11' title="bbox 84 1026 1672 1099">
    <p class='ocr_par' dir='ltr' id='par_1_11' title="bbox 84 1026 1672 1099">
     <span class='ocr_line' id='line_1_11' title="bbox 84 1026 1672 1099; baseline -0.009 -1"><span class='ocrx_word' id='word_1_73' title='bbox 84 1046 236 1099; x_wconf 81' lang='lat' dir='ltr'><strong>iterum</strong></span> <span class='ocrx_word' id='word_1_74' title='bbox 257 1056 411 1096; x_wconf 86' lang='lat' dir='ltr'><strong>cruce</strong></span> <span class='ocrx_word' id='word_1_75' title='bbox 432 1039 586 1094; x_wconf 88' lang='lat' dir='ltr'><strong>abiit.</strong></span> <span class='ocrx_word' id='word_1_76' title='bbox 618 1038 741 1091; x_wconf 81' lang='lat' dir='ltr'><strong>Erat</strong></span> <span class='ocrx_word' id='word_1_77' title='bbox 770 1036 911 1089; x_wconf 91' lang='lat' dir='ltr'><strong>enim</strong></span> <span class='ocrx_word' id='word_1_78' title='bbox 936 1034 983 1087; x_wconf 91' lang='lat' dir='ltr'><strong>ei</strong></span> <span class='ocrx_word' id='word_1_79' title='bbox 1013 1043 1260 1087; x_wconf 87' lang='lat' dir='ltr'><strong>etsermo</strong></span> <span class='ocrx_word' id='word_1_80' title='bbox 1288 1033 1537 1097; x_wconf 91' lang='lat' dir='ltr'><strong>rusticus,</strong></span> <span class='ocrx_word' id='word_1_81' title='bbox 1562 1037 1617 1084; x_wconf 88' lang='lat' dir='ltr'><strong>et</strong></span> <span class='ocrx_word' id='word_1_82' title='bbox 1667 1026 1672 1032; x_wconf 84' lang='grc'><em>’</em></span> 
     </span>
    </p>
   </div>
   <div class='ocr_carea' id='block_1_12' title="bbox 85 1124 1615 1205">
    <p class='ocr_par' dir='ltr' id='par_1_12' title="bbox 85 1124 1615 1205">
     <span class='ocr_line' id='line_1_12' title="bbox 85 1124 1615 1205; baseline -0.007 -20"><span class='ocrx_word' id='word_1_83' title='bbox 85 1136 217 1205; x_wconf 80' lang='lat' dir='ltr'><strong>ipsius</strong></span> <span class='ocrx_word' id='word_1_84' title='bbox 246 1134 426 1202; x_wconf 67' lang='lat' dir='ltr'><strong>linguae</strong></span> <span class='ocrx_word' id='word_1_85' title='bbox 457 1128 681 1183; x_wconf 90' lang='lat' dir='ltr'><strong>latitudo</strong></span> <span class='ocrx_word' id='word_1_86' title='bbox 712 1128 881 1196; x_wconf 88' lang='lat' dir='ltr'><strong>turpis</strong></span> <span class='ocrx_word' id='word_1_87' title='bbox 903 1134 1058 1195; x_wconf 88' lang='lat' dir='ltr'><strong>atque</strong></span> <span class='ocrx_word' id='word_1_88' title='bbox 1084 1124 1365 1186; x_wconf 58' lang='lat' dir='ltr'><strong>obscaena;</strong></span> <span class='ocrx_word' id='word_1_89' title='bbox 1390 1124 1482 1177; x_wconf 84' lang='lat' dir='ltr'><strong>sed</strong></span> <span class='ocrx_word' id='word_1_90' title='bbox 1516 1136 1615 1175; x_wconf 91' lang='lat' dir='ltr'><strong>nec</strong></span> 
     </span>
    </p>
   </div>
   <div class='ocr_carea' id='block_1_13' title="bbox 83 1213 1615 1283">
    <p class='ocr_par' dir='ltr' id='par_1_13' title="bbox 83 1213 1615 1283">
     <span class='ocr_line' id='line_1_13' title="bbox 83 1213 1615 1283; baseline -0.007 -6"><span class='ocrx_word' id='word_1_91' title='bbox 83 1228 132 1279; x_wconf 85' lang='lat' dir='ltr'><strong>de</strong></span> <span class='ocrx_word' id='word_1_92' title='bbox 156 1241 211 1279; x_wconf 88' lang='lat' dir='ltr'><strong>eo</strong></span> <span class='ocrx_word' id='word_1_93' title='bbox 236 1236 402 1278; x_wconf 83' lang='lat' dir='ltr'><strong>sermo</strong></span> <span class='ocrx_word' id='word_1_94' title='bbox 432 1218 766 1275; x_wconf 85' lang='lat' dir='ltr'><strong>rationabilis</strong></span> <span class='ocrx_word' id='word_1_95' title='bbox 797 1216 1118 1283; x_wconf 79' lang='lat' dir='ltr'><strong>procedebat</strong></span> <span class='ocrx_word' id='word_1_96' title='bbox 1152 1232 1164 1266; x_wconf 91' lang='lat'>:</span> <span class='ocrx_word' id='word_1_97' title='bbox 1195 1213 1282 1281; x_wconf 88' lang='lat' dir='ltr'><strong>qui</strong></span> <span class='ocrx_word' id='word_1_98' title='bbox 1312 1229 1480 1282; x_wconf 88' lang='lat' dir='ltr'><strong>usque</strong></span> <span class='ocrx_word' id='word_1_99' title='bbox 1511 1213 1615 1267; x_wconf 86' lang='lat' dir='ltr'><strong>Pa-</strong></span> 
     </span>
    </p>
   </div>
   <div class='ocr_carea' id='block_1_14' title="bbox 82 1304 1613 1374">
    <p class='ocr_par' dir='ltr' id='par_1_14' title="bbox 82 1304 1613 1374">
     <span class='ocr_line' id='line_1_14' title="bbox 82 1304 1613 1374; baseline -0.008 -4"><span class='ocrx_word' id='word_1_100' title='bbox 82 1319 210 1370; x_wconf 82' lang='lat' dir='ltr'><strong>risios</strong></span> <span class='ocrx_word' id='word_1_101' title='bbox 232 1313 467 1368; x_wconf 85' lang='lat' dir='ltr'><strong>accessit.</strong></span> <span class='ocrx_word' id='word_1_102' title='bbox 524 1310 619 1364; x_wconf 85' lang='lat' dir='ltr'><strong>His</strong></span> <span class='ocrx_word' id='word_1_103' title='bbox 648 1307 791 1364; x_wconf 92' lang='lat' dir='ltr'><strong>enim</strong></span> <span class='ocrx_word' id='word_1_104' title='bbox 820 1308 1010 1361; x_wconf 89' lang='lat' dir='ltr'><strong>diebus</strong></span> <span class='ocrx_word' id='word_1_105' title='bbox 1042 1305 1356 1371; x_wconf 69' lang='lat' dir='ltr'><strong>negationes</strong></span> <span class='ocrx_word' id='word_1_106' title='bbox 1391 1304 1613 1374; x_wconf 84' lang='lat' dir='ltr'><strong>publicae</strong></span> 
     </span>
    </p>
   </div>
   <div class='ocr_carea' id='block_1_15' title="bbox 85 1387 1615 1470">
    <p class='ocr_par' dir='ltr' id='par_1_15' title="bbox 85 1387 1615 1470">
     <span class='ocr_line' id='line_1_15' title="bbox 85 1387 1615 1470; baseline -0.007 -10"><span class='ocrx_word' id='word_1_107' title='bbox 85 1406 466 1467; x_wconf 81' lang='lat' dir='ltr'><strong>celebrabantur,</strong></span> <span class='ocrx_word' id='word_1_108' title='bbox 495 1387 615 1470; x_wconf 61' lang='lat' dir='ltr'><strong>qua:</strong></span> <span class='ocrx_word' id='word_1_109' title='bbox 645 1408 766 1452; x_wconf 90' lang='lat' dir='ltr'><strong>ante</strong></span> <span class='ocrx_word' id='word_1_110' title='bbox 809 1406 1051 1450; x_wconf 86' lang='lat' dir='ltr'><strong>sanctum</strong></span> <span class='ocrx_word' id='word_1_111' title='bbox 1093 1396 1381 1450; x_wconf 77' lang='lat' dir='ltr'><strong>Dominicze</strong></span> <span class='ocrx_word' id='word_1_112' title='bbox 1416 1396 1615 1450; x_wconf 84' lang='lat' dir='ltr'><strong>Ascen-</strong></span> 
     </span>
    </p>
   </div>
   <div class='ocr_carea' id='block_1_16' title="bbox 88 1491 1615 1567">
    <p class='ocr_par' dir='ltr' id='par_1_16' title="bbox 88 1491 1615 1567">
     <span class='ocr_line' id='line_1_16' title="bbox 88 1491 1615 1567; baseline -0.006 -15"><span class='ocrx_word' id='word_1_113' title='bbox 88 1500 221 1552; x_wconf 83' lang='lat' dir='ltr'><strong>sionis</strong></span> <span class='ocrx_word' id='word_1_114' title='bbox 243 1498 371 1552; x_wconf 88' lang='lat' dir='ltr'><strong>diem</strong></span> <span class='ocrx_word' id='word_1_115' title='bbox 402 1495 490 1567; x_wconf 82' lang='lat' dir='ltr'><strong>agi</strong></span> <span class='ocrx_word' id='word_1_116' title='bbox 526 1494 724 1548; x_wconf 86' lang='lat' dir='ltr'><strong>solent.</strong></span> <span class='ocrx_word' id='word_1_117' title='bbox 756 1491 973 1545; x_wconf 85' lang='lat' dir='ltr'><strong>Factum</strong></span> <span class='ocrx_word' id='word_1_118' title='bbox 1000 1502 1080 1544; x_wconf 88' lang='lat' dir='ltr'><strong>est</strong></span> <span class='ocrx_word' id='word_1_119' title='bbox 1113 1499 1312 1551; x_wconf 88' lang='lat' dir='ltr'><strong>autem,</strong></span> <span class='ocrx_word' id='word_1_120' title='bbox 1345 1497 1401 1542; x_wconf 92' lang='lat' dir='ltr'><strong>ut</strong></span> <span class='ocrx_word' id='word_1_121' title='bbox 1432 1504 1615 1557; x_wconf 89' lang='lat' dir='ltr'><strong>proce-</strong></span> 
     </span>
    </p>
   </div>
   <div class='ocr_carea' id='block_1_17' title="bbox 84 1578 1611 1658">
    <p class='ocr_par' dir='ltr' id='par_1_17' title="bbox 84 1578 1611 1658">
     <span class='ocr_line' id='line_1_17' title="bbox 84 1578 1611 1658; baseline -0.007 -16"><span class='ocrx_word' id='word_1_122' title='bbox 84 1592 211 1645; x_wconf 89' lang='lat' dir='ltr'><strong>dente</strong></span> <span class='ocrx_word' id='word_1_123' title='bbox 237 1586 574 1658; x_wconf 82' lang='lat' dir='ltr'><strong>Ragnemodo</strong></span> <span class='ocrx_word' id='word_1_124' title='bbox 604 1583 856 1655; x_wconf 81' lang='lat' dir='ltr'><strong>pontiﬁce</strong></span> <span class='ocrx_word' id='word_1_125' title='bbox 882 1597 1001 1636; x_wconf 91' lang='lat' dir='ltr'><strong>cum</strong></span> <span class='ocrx_word' id='word_1_126' title='bbox 1036 1578 1229 1649; x_wconf 81' lang='lat' dir='ltr'><strong>popqu</strong></span> <span class='ocrx_word' id='word_1_127' title='bbox 1251 1595 1369 1645; x_wconf 89' lang='lat' dir='ltr'><strong>suo,</strong></span> <span class='ocrx_word' id='word_1_128' title='bbox 1412 1592 1462 1634; x_wconf 92' lang='lat' dir='ltr'><strong>et</strong></span> <span class='ocrx_word' id='word_1_129' title='bbox 1499 1581 1611 1634; x_wconf 81' lang='lat' dir='ltr'><strong>loca</strong></span> 
     </span>
    </p>
   </div>
   <div class='ocr_carea' id='block_1_18' title="bbox 84 1670 1613 1740">
    <p class='ocr_par' dir='ltr' id='par_1_18' title="bbox 84 1670 1613 1740">
     <span class='ocr_line' id='line_1_18' title="bbox 84 1670 1613 1740; baseline -0.005 -7"><span class='ocrx_word' id='word_1_130' title='bbox 84 1690 229 1734; x_wconf 79' lang='lat' dir='ltr'><strong>sancta</strong></span> <span class='ocrx_word' id='word_1_131' title='bbox 249 1681 630 1740; x_wconf 89' lang='lat' dir='ltr'><strong>circumeunte,</strong></span> <span class='ocrx_word' id='word_1_132' title='bbox 674 1683 729 1727; x_wconf 92' lang='lat' dir='ltr'><strong>ut</strong></span> <span class='ocrx_word' id='word_1_133' title='bbox 775 1685 828 1727; x_wconf 90' lang='lat' dir='ltr'><strong>et</strong></span> <span class='ocrx_word' id='word_1_134' title='bbox 869 1673 956 1726; x_wconf 91' lang='lat' dir='ltr'><strong>hic</strong></span> <span class='ocrx_word' id='word_1_135' title='bbox 982 1688 1100 1725; x_wconf 90' lang='lat' dir='ltr'><strong>cum</strong></span> <span class='ocrx_word' id='word_1_136' title='bbox 1145 1686 1304 1725; x_wconf 90' lang='lat' dir='ltr'><strong>cruce</strong></span> <span class='ocrx_word' id='word_1_137' title='bbox 1333 1686 1425 1723; x_wconf 89' lang='lat' dir='ltr'><strong>sua</strong></span> <span class='ocrx_word' id='word_1_138' title='bbox 1455 1670 1613 1726; x_wconf 84' lang='lat' dir='ltr'><strong>adre-</strong></span> 
     </span>
    </p>
   </div>
   <div class='ocr_carea' id='block_1_19' title="bbox 1720 474 3286 549">
    <p class='ocr_par' dir='ltr' id='par_1_19' title="bbox 1720 474 3286 549">
     <span class='ocr_line' id='line_1_19' title="bbox 1720 474 3286 549; baseline -0.004 -16"><span class='ocrx_word' id='word_1_139' title='bbox 1720 491 1858 533; x_wconf 90' lang='lat' dir='ltr'><strong>ctam</strong></span> <span class='ocrx_word' id='word_1_140' title='bbox 1893 480 2093 549; x_wconf 76' lang='lat' dir='ltr'><strong>ingredi</strong></span> <span class='ocrx_word' id='word_1_141' title='bbox 2124 489 2449 545; x_wconf 82' lang='lat' dir='ltr'><strong>poteramus.</strong></span> <span class='ocrx_word' id='word_1_142' title='bbox 2504 477 2778 531; x_wconf 85' lang='lat' dir='ltr'><strong>Accedens</strong></span> <span class='ocrx_word' id='word_1_143' title='bbox 2811 489 2937 530; x_wconf 83' lang='lat' dir='ltr'><strong>vero</strong></span> <span class='ocrx_word' id='word_1_144' title='bbox 2964 490 3099 529; x_wconf 87' lang='lat' dir='ltr'><strong>unus</strong></span> <span class='ocrx_word' id='word_1_145' title='bbox 3126 474 3286 530; x_wconf 86' lang='lat' dir='ltr'><strong>cleri-</strong></span> 
     </span>
    </p>
   </div>
   <div class='ocr_carea' id='block_1_20' title="bbox 1719 569 3285 636">
    <p class='ocr_par' dir='ltr' id='par_1_20' title="bbox 1719 569 3285 636">
     <span class='ocr_line' id='line_1_20' title="bbox 1719 569 3285 636; baseline -0.003 -10"><span class='ocrx_word' id='word_1_146' title='bbox 1719 588 1927 636; x_wconf 84' lang='lat' dir='ltr'><strong>corum,</strong></span> <span class='ocrx_word' id='word_1_147' title='bbox 1976 571 2172 626; x_wconf 86' lang='lat' dir='ltr'><strong>clausis</strong></span> <span class='ocrx_word' id='word_1_148' title='bbox 2225 571 2440 624; x_wconf 91' lang='lat' dir='ltr'><strong>naribus</strong></span> <span class='ocrx_word' id='word_1_149' title='bbox 2468 585 2592 623; x_wconf 91' lang='lat' dir='ltr'><strong>eum</strong></span> <span class='ocrx_word' id='word_1_150' title='bbox 2634 569 2873 623; x_wconf 79' lang='lat' dir='ltr'><strong>excitare</strong></span> <span class='ocrx_word' id='word_1_151' title='bbox 2928 569 3135 634; x_wconf 86' lang='lat' dir='ltr'><strong>nititur,</strong></span> <span class='ocrx_word' id='word_1_152' title='bbox 3184 582 3285 622; x_wconf 92' lang='lat' dir='ltr'><strong>nec</strong></span> 
     </span>
    </p>
   </div>
   <div class='ocr_carea' id='block_1_21' title="bbox 1721 656 3286 732">
    <p class='ocr_par' dir='ltr' id='par_1_21' title="bbox 1721 656 3286 732">
     <span class='ocr_line' id='line_1_21' title="bbox 1721 656 3286 732; baseline 0 -16"><span class='ocrx_word' id='word_1_153' title='bbox 1721 664 1910 732; x_wconf 86' lang='lat' dir='ltr'><strong>potuit,</strong></span> <span class='ocrx_word' id='word_1_154' title='bbox 1961 665 2030 717; x_wconf 91' lang='lat' dir='ltr'><strong>ita</strong></span> <span class='ocrx_word' id='word_1_155' title='bbox 2063 664 2203 718; x_wconf 92' lang='lat' dir='ltr'><strong>enim</strong></span> <span class='ocrx_word' id='word_1_156' title='bbox 2232 672 2345 716; x_wconf 90' lang='lat' dir='ltr'><strong>erat</strong></span> <span class='ocrx_word' id='word_1_157' title='bbox 2376 662 2536 717; x_wconf 87' lang='lat' dir='ltr'><strong>miser</strong></span> <span class='ocrx_word' id='word_1_158' title='bbox 2564 657 2892 715; x_wconf 83' lang='lat' dir='ltr'><strong>madefactus</strong></span> <span class='ocrx_word' id='word_1_159' title='bbox 2935 661 3080 714; x_wconf 90' lang='lat' dir='ltr'><strong>vino.</strong></span> <span class='ocrx_word' id='word_1_160' title='bbox 3132 656 3286 716; x_wconf 68' lang='lat' dir='ltr'><strong>Tene</strong></span> 
     </span>
    </p>
   </div>
   <div class='ocr_carea' id='block_1_22' title="bbox 1718 753 3285 821">
    <p class='ocr_par' dir='ltr' id='par_1_22' title="bbox 1718 753 3285 821">
     <span class='ocr_line' id='line_1_22' title="bbox 1718 753 3285 821; baseline -0.002 -12"><span class='ocrx_word' id='word_1_161' title='bbox 1718 765 1941 821; x_wconf 86' lang='lat' dir='ltr'><strong>quatuor</strong></span> <span class='ocrx_word' id='word_1_162' title='bbox 1965 757 2278 809; x_wconf 86' lang='lat' dir='ltr'><strong>accedentes</strong></span> <span class='ocrx_word' id='word_1_163' title='bbox 2305 754 2507 819; x_wconf 86' lang='lat' dir='ltr'><strong>clerici,</strong></span> <span class='ocrx_word' id='word_1_164' title='bbox 2556 753 2793 807; x_wconf 82' lang='lat' dir='ltr'><strong>levantes</strong></span> <span class='ocrx_word' id='word_1_165' title='bbox 2831 768 2952 807; x_wconf 91' lang='lat' dir='ltr'><strong>eum</strong></span> <span class='ocrx_word' id='word_1_166' title='bbox 3009 753 3144 808; x_wconf 86' lang='lat' dir='ltr'><strong>inter</strong></span> <span class='ocrx_word' id='word_1_167' title='bbox 3173 768 3285 806; x_wconf 82' lang='lat' dir='ltr'><strong>ma-</strong></span> 
     </span>
    </p>
   </div>
   <div class='ocr_carea' id='block_1_23' title="bbox 1718 846 3284 917">
    <p class='ocr_par' dir='ltr' id='par_1_23' title="bbox 1718 846 3284 917">
     <span class='ocr_line' id='line_1_23' title="bbox 1718 846 3284 917; baseline -0.002 -14"><span class='ocrx_word' id='word_1_168' title='bbox 1718 865 1838 911; x_wconf 90' lang='lat' dir='ltr'><strong>nus,</strong></span> <span class='ocrx_word' id='word_1_169' title='bbox 1882 850 1932 903; x_wconf 93' lang='lat' dir='ltr'><strong>in</strong></span> <span class='ocrx_word' id='word_1_170' title='bbox 1964 865 2124 904; x_wconf 89' lang='lat' dir='ltr'><strong>unum</strong></span> <span class='ocrx_word' id='word_1_171' title='bbox 2156 848 2406 917; x_wconf 82' lang='lat' dir='ltr'><strong>angulum</strong></span> <span class='ocrx_word' id='word_1_172' title='bbox 2447 847 2676 901; x_wconf 79' lang='lat' dir='ltr'><strong>basilicae</strong></span> <span class='ocrx_word' id='word_1_173' title='bbox 2707 846 3071 914; x_wconf 76' lang='lat' dir='ltr'><strong>proiecerunt;</strong></span> <span class='ocrx_word' id='word_1_174' title='bbox 3112 858 3164 901; x_wconf 90' lang='lat' dir='ltr'><strong>et</strong></span> <span class='ocrx_word' id='word_1_175' title='bbox 3190 861 3284 900; x_wconf 76' lang='lat' dir='ltr'><strong>ex-</strong></span> 
     </span>
    </p>
   </div>
   <div class='ocr_carea' id='block_1_24' title="bbox 1719 939 3281 1008">
    <p class='ocr_par' dir='ltr' id='par_1_24' title="bbox 1719 939 3281 1008">
     <span class='ocr_line' id='line_1_24' title="bbox 1719 939 3281 1008; baseline -0.001 -15"><span class='ocrx_word' id='word_1_176' title='bbox 1719 939 1963 994; x_wconf 84' lang='lat' dir='ltr'><strong>hibentes</strong></span> <span class='ocrx_word' id='word_1_177' title='bbox 2012 954 2199 1008; x_wconf 90' lang='lat' dir='ltr'><strong>aquas,</strong></span> <span class='ocrx_word' id='word_1_178' title='bbox 2246 940 2426 993; x_wconf 90' lang='lat' dir='ltr'><strong>abluto</strong></span> <span class='ocrx_word' id='word_1_179' title='bbox 2457 940 2782 1006; x_wconf 83' lang='lat' dir='ltr'><strong>pavimento,</strong></span> <span class='ocrx_word' id='word_1_180' title='bbox 2838 952 3083 1005; x_wconf 90' lang='lat' dir='ltr'><strong>resperso</strong></span> <span class='ocrx_word' id='word_1_181' title='bbox 3122 939 3281 991; x_wconf 66' lang='lat' dir='ltr'><strong>etiam</strong></span> 
     </span>
    </p>
   </div>
   <div class='ocr_carea' id='block_1_25' title="bbox 1718 1029 3273 1100">
    <p class='ocr_par' dir='ltr' id='par_1_25' title="bbox 1718 1029 3273 1100">
     <span class='ocr_line' id='line_1_25' title="bbox 1718 1029 3273 1100; baseline -0.003 -14"><span class='ocrx_word' id='word_1_182' title='bbox 1718 1032 1955 1086; x_wconf 91' lang='lat' dir='ltr'><strong>herbulis</strong></span> <span class='ocrx_word' id='word_1_183' title='bbox 1976 1034 2232 1094; x_wconf 89' lang='lat' dir='ltr'><strong>odoratis,</strong></span> <span class='ocrx_word' id='word_1_184' title='bbox 2247 1032 2324 1085; x_wconf 90' lang='lat' dir='ltr'><strong>sic</strong></span> <span class='ocrx_word' id='word_1_185' title='bbox 2344 1031 2565 1100; x_wconf 80' lang='lat' dir='ltr'><strong>ingressi</strong></span> <span class='ocrx_word' id='word_1_186' title='bbox 2583 1044 2764 1083; x_wconf 89' lang='lat' dir='ltr'><strong>sumus</strong></span> <span class='ocrx_word' id='word_1_187' title='bbox 2776 1029 2989 1098; x_wconf 84' lang='lat' dir='ltr'><strong>explere</strong></span> <span class='ocrx_word' id='word_1_188' title='bbox 3001 1039 3273 1084; x_wconf 59' lang='lat' dir='ltr'><strong>cursurus:</strong></span> 
     </span>
    </p>
   </div>
   <div class='ocr_carea' id='block_1_26' title="bbox 1719 1120 3277 1192">
    <p class='ocr_par' dir='ltr' id='par_1_26' title="bbox 1719 1120 3277 1192">
     <span class='ocr_line' id='line_1_26' title="bbox 1719 1120 3277 1192; baseline -0.003 -16"><span class='ocrx_word' id='word_1_189' title='bbox 1719 1138 1985 1192; x_wconf 83' lang='lat' dir='ltr'><strong>nunquam</strong></span> <span class='ocrx_word' id='word_1_190' title='bbox 2029 1132 2205 1176; x_wconf 86' lang='lat' dir='ltr'><strong>tamen</strong></span> <span class='ocrx_word' id='word_1_191' title='bbox 2259 1121 2409 1175; x_wconf 88' lang='lat' dir='ltr'><strong>nobis</strong></span> <span class='ocrx_word' id='word_1_192' title='bbox 2447 1120 2795 1191; x_wconf 90' lang='lat' dir='ltr'><strong>psallentibus</strong></span> <span class='ocrx_word' id='word_1_193' title='bbox 2839 1121 3007 1188; x_wconf 91' lang='lat' dir='ltr'><strong>potuit</strong></span> <span class='ocrx_word' id='word_1_194' title='bbox 3034 1120 3277 1181; x_wconf 81' lang='lat' dir='ltr'><strong>excitari,</strong></span> 
     </span>
    </p>
   </div>
   <div class='ocr_carea' id='block_1_27' title="bbox 1716 1211 3278 1280">
    <p class='ocr_par' dir='ltr' id='par_1_27' title="bbox 1716 1211 3278 1280">
     <span class='ocr_line' id='line_1_27' title="bbox 1716 1211 3278 1280; baseline -0.004 -10"><span class='ocrx_word' id='word_1_195' title='bbox 1716 1218 1883 1271; x_wconf 84' lang='lat' dir='ltr'><strong>donec</strong></span> <span class='ocrx_word' id='word_1_196' title='bbox 1911 1217 2035 1270; x_wconf 90' lang='lat' dir='ltr'><strong>dato</strong></span> <span class='ocrx_word' id='word_1_197' title='bbox 2070 1216 2226 1270; x_wconf 90' lang='lat' dir='ltr'><strong>terris</strong></span> <span class='ocrx_word' id='word_1_198' title='bbox 2255 1216 2341 1268; x_wconf 90' lang='lat' dir='ltr'><strong>die</strong></span> <span class='ocrx_word' id='word_1_199' title='bbox 2371 1216 2526 1268; x_wconf 89' lang='lat' dir='ltr'><strong>altius</strong></span> <span class='ocrx_word' id='word_1_200' title='bbox 2549 1212 2675 1266; x_wconf 84' lang='lat' dir='ltr'><strong>solis</strong></span> <span class='ocrx_word' id='word_1_201' title='bbox 2706 1214 2901 1280; x_wconf 85' lang='lat' dir='ltr'><strong>lampas</strong></span> <span class='ocrx_word' id='word_1_202' title='bbox 2926 1211 3278 1265; x_wconf 87' lang='lat' dir='ltr'><strong>ascenderet:</strong></span> 
     </span>
    </p>
   </div>
   <div class='ocr_carea' id='block_1_28' title="bbox 1716 1303 3279 1362">
    <p class='ocr_par' dir='ltr' id='par_1_28' title="bbox 1716 1303 3279 1362">
     <span class='ocr_line' id='line_1_28' title="bbox 1716 1303 3279 1362; baseline -0.003 -3"><span class='ocrx_word' id='word_1_203' title='bbox 1716 1309 1910 1362; x_wconf 84' lang='lat' dir='ltr'><strong>dehinc</strong></span> <span class='ocrx_word' id='word_1_204' title='bbox 1938 1318 2248 1362; x_wconf 79' lang='lat' dir='ltr'><strong>excusatum</strong></span> <span class='ocrx_word' id='word_1_205' title='bbox 2282 1306 2487 1359; x_wconf 89' lang='lat' dir='ltr'><strong>reddidi</strong></span> <span class='ocrx_word' id='word_1_206' title='bbox 2516 1303 2799 1357; x_wconf 55' lang='lat' dir='ltr'><strong>sacerdoti.</strong></span> <span class='ocrx_word' id='word_1_207' title='bbox 2830 1303 3279 1356; x_wconf 73' lang='lat' dir='ltr'><strong>Convenientibus</strong></span> 
     </span>
    </p>
   </div>
   <div class='ocr_carea' id='block_1_29' title="bbox 1714 1396 3281 1466">
    <p class='ocr_par' dir='ltr' id='par_1_29' title="bbox 1714 1396 3281 1466">
     <span class='ocr_line' id='line_1_29' title="bbox 1714 1396 3281 1466; baseline -0.004 -11"><span class='ocrx_word' id='word_1_208' title='bbox 1714 1410 1889 1455; x_wconf 88' lang='lat' dir='ltr'><strong>autem</strong></span> <span class='ocrx_word' id='word_1_209' title='bbox 1941 1400 2208 1466; x_wconf 83' lang='lat' dir='ltr'><strong>episcopis</strong></span> <span class='ocrx_word' id='word_1_210' title='bbox 2247 1397 2383 1465; x_wconf 90' lang='lat' dir='ltr'><strong>apud</strong></span> <span class='ocrx_word' id='word_1_211' title='bbox 2419 1397 2598 1450; x_wconf 87' lang='lat' dir='ltr'><strong>urbem</strong></span> <span class='ocrx_word' id='word_1_212' title='bbox 2643 1396 2984 1457; x_wconf 71' lang='lat' dir='ltr'><strong>Parisiavam,</strong></span> <span class='ocrx_word' id='word_1_213' title='bbox 3010 1397 3133 1446; x_wconf 88' lang='lat' dir='ltr'><strong>dum</strong></span> <span class='ocrx_word' id='word_1_214' title='bbox 3167 1397 3281 1447; x_wconf 60' lang='lat' dir='ltr'><strong>haec</strong></span> 
     </span>
    </p>
   </div>
   <div class='ocr_carea' id='block_1_30' title="bbox 1717 1486 3281 1559">
    <p class='ocr_par' dir='ltr' id='par_1_30' title="bbox 1717 1486 3281 1559">
     <span class='ocr_line' id='line_1_30' title="bbox 1717 1486 3281 1559; baseline -0.007 -12"><span class='ocrx_word' id='word_1_215' title='bbox 1717 1495 1765 1547; x_wconf 90' lang='lat' dir='ltr'><strong>in</strong></span> <span class='ocrx_word' id='word_1_216' title='bbox 1784 1492 2034 1548; x_wconf 87' lang='lat' dir='ltr'><strong>convivio</strong></span> <span class='ocrx_word' id='word_1_217' title='bbox 2058 1488 2591 1559; x_wconf 60' lang='lat' dir='ltr'><strong>narraremus,425</strong></span> <span class='ocrx_word' id='word_1_218' title='bbox 2611 1489 2778 1555; x_wconf 84' lang='lat' dir='ltr'><strong>ipsum</strong></span> <span class='ocrx_word' id='word_1_219' title='bbox 2804 1502 2898 1555; x_wconf 87' lang='lat' dir='ltr'><strong>pro</strong></span> <span class='ocrx_word' id='word_1_220' title='bbox 2921 1486 3281 1556; x_wconf 83' lang='lat' dir='ltr'><strong>castigatiOnis</strong></span> 
     </span>
    </p>
   </div>
   <div class='ocr_carea' id='block_1_31' title="bbox 1714 1579 3283 1655">
    <p class='ocr_par' dir='ltr' id='par_1_31' title="bbox 1714 1579 3283 1655">
     <span class='ocr_line' id='line_1_31' title="bbox 1714 1579 3283 1655; baseline -0.005 -17"><span class='ocrx_word' id='word_1_221' title='bbox 1714 1586 1879 1655; x_wconf 87' lang='lat' dir='ltr'><strong>gratia</strong></span> <span class='ocrx_word' id='word_1_222' title='bbox 1935 1584 2124 1638; x_wconf 79' lang='lat' dir='ltr'><strong>adesse</strong></span> <span class='ocrx_word' id='word_1_223' title='bbox 2174 1581 2529 1650; x_wconf 59' lang='lat' dir='ltr'><strong>praecipimus.</strong></span> <span class='ocrx_word' id='word_1_224' title='bbox 2594 1582 2709 1646; x_wconf 81' lang='lat' dir='ltr'><strong>Quo</strong></span> <span class='ocrx_word' id='word_1_225' title='bbox 2760 1588 3006 1643; x_wconf 80' lang='lat' dir='ltr'><strong>astante,</strong></span> <span class='ocrx_word' id='word_1_226' title='bbox 3062 1579 3283 1631; x_wconf 89' lang='lat' dir='ltr'><strong>elevatis</strong></span> 
     </span>
    </p>
   </div>
   <div class='ocr_carea' id='block_1_32' title="bbox 1715 1668 3283 1739">
    <p class='ocr_par' dir='ltr' id='par_1_32' title="bbox 1715 1668 3283 1739">
     <span class='ocr_line' id='line_1_32' title="bbox 1715 1668 3283 1739; baseline -0.006 -8"><span class='ocrx_word' id='word_1_227' title='bbox 1715 1677 1951 1731; x_wconf 85' lang='lat' dir='ltr'><strong>Amelius</strong></span> <span class='ocrx_word' id='word_1_228' title='bbox 2006 1676 2343 1729; x_wconf 85' lang='lat' dir='ltr'><strong>Beorretauae</strong></span> <span class='ocrx_word' id='word_1_229' title='bbox 2391 1669 2587 1725; x_wconf 77' lang='lat' dir='ltr'><strong>urbisd</strong></span> <span class='ocrx_word' id='word_1_230' title='bbox 2625 1671 2903 1739; x_wconf 89' lang='lat' dir='ltr'><strong>episc0pus</strong></span> <span class='ocrx_word' id='word_1_231' title='bbox 2950 1668 3138 1732; x_wconf 89' lang='lat' dir='ltr'><strong>oculis,</strong></span> <span class='ocrx_word' id='word_1_232' title='bbox 3193 1683 3283 1722; x_wconf 86' lang='lat' dir='ltr'><strong>co-</strong></span> 
     </span>
    </p>
   </div>
   <div class='ocr_carea' id='block_1_33' title="bbox 86 1761 3281 1839">
    <p class='ocr_par' dir='ltr' id='par_1_33' title="bbox 86 1761 3281 1839">
     <span class='ocr_line' id='line_1_33' title="bbox 86 1761 3281 1839; baseline -0.005 -14"><span class='ocrx_word' id='word_1_233' title='bbox 86 1775 227 1839; x_wconf 86' lang='lat' dir='ltr'><strong>niens,</strong></span> <span class='ocrx_word' id='word_1_234' title='bbox 249 1773 549 1827; x_wconf 82' lang='lat' dir='ltr'><strong>inusitatum</strong></span> <span class='ocrx_word' id='word_1_235' title='bbox 582 1767 790 1837; x_wconf 86' lang='lat' dir='ltr'><strong>populis</strong></span> <span class='ocrx_word' id='word_1_236' title='bbox 811 1766 1072 1821; x_wconf 83' lang='lat' dir='ltr'><strong>exhibens</strong></span> <span class='ocrx_word' id='word_1_237' title='bbox 1101 1764 1484 1828; x_wconf 85' lang='lat' dir='ltr'><strong>indumentum,</strong></span> <span class='ocrx_word' id='word_1_238' title='bbox 1521 1762 1616 1817; x_wconf 84' lang='lat' dir='ltr'><strong>ad-</strong></span> <span class='ocrx_word' id='word_1_239' title='bbox 1646 1761 1693 1821; x_wconf 89' lang='lat' dir='ltr'><strong>B</strong></span> <span class='ocrx_word' id='word_1_240' title='bbox 1718 1768 1925 1839; x_wconf 72' lang='lat' dir='ltr'><strong>gnoscit</strong></span> <span class='ocrx_word' id='word_1_241' title='bbox 1952 1783 2073 1823; x_wconf 85' lang='lat' dir='ltr'><strong>eum</strong></span> <span class='ocrx_word' id='word_1_242' title='bbox 2098 1782 2249 1821; x_wconf 84' lang='lat' dir='ltr'><strong>suum</strong></span> <span class='ocrx_word' id='word_1_243' title='bbox 2280 1779 2400 1820; x_wconf 87' lang='lat' dir='ltr'><strong>esse</strong></span> <span class='ocrx_word' id='word_1_244' title='bbox 2428 1762 2704 1829; x_wconf 76' lang='lat' dir='ltr'><strong>famulum,</strong></span> <span class='ocrx_word' id='word_1_245' title='bbox 2747 1762 2949 1832; x_wconf 86' lang='lat' dir='ltr'><strong>sibique</strong></span> <span class='ocrx_word' id='word_1_246' title='bbox 2977 1777 3069 1831; x_wconf 89' lang='lat' dir='ltr'><strong>per</strong></span> <span class='ocrx_word' id='word_1_247' title='bbox 3107 1762 3281 1831; x_wconf 83' lang='lat' dir='ltr'><strong>fugam</strong></span> 
     </span>
    </p>
   </div>
   <div class='ocr_carea' id='block_1_34' title="bbox 84 1854 1614 1932">
    <p class='ocr_par' dir='ltr' id='par_1_34' title="bbox 84 1854 1614 1932">
     <span class='ocr_line' id='line_1_34' title="bbox 84 1854 1614 1932; baseline -0.005 -17"><span class='ocrx_word' id='word_1_248' title='bbox 84 1865 339 1932; x_wconf 82' lang='lat' dir='ltr'><strong>iunctisque</strong></span> <span class='ocrx_word' id='word_1_249' title='bbox 368 1860 668 1929; x_wconf 85' lang='lat' dir='ltr'><strong>publicanis</strong></span> <span class='ocrx_word' id='word_1_250' title='bbox 697 1873 759 1912; x_wconf 87' lang='lat' dir='ltr'><strong>ac</strong></span> <span class='ocrx_word' id='word_1_251' title='bbox 786 1856 998 1910; x_wconf 87' lang='lat' dir='ltr'><strong>rusticis</strong></span> <span class='ocrx_word' id='word_1_252' title='bbox 1043 1854 1377 1921; x_wconf 90' lang='lat' dir='ltr'><strong>mulieribus,</strong></span> <span class='ocrx_word' id='word_1_253' title='bbox 1430 1863 1479 1907; x_wconf 85' lang='lat' dir='ltr'><strong>et</strong></span> <span class='ocrx_word' id='word_1_254' title='bbox 1515 1854 1614 1908; x_wconf 89' lang='lat' dir='ltr'><strong>iste</strong></span> 
     </span>
    </p>
   </div>
   <div class='ocr_carea' id='block_1_35' title="bbox 86 1943 1614 2016">
    <p class='ocr_par' dir='ltr' id='par_1_35' title="bbox 86 1943 1614 2016">
     <span class='ocr_line' id='line_1_35' title="bbox 86 1943 1614 2016; baseline -0.007 -8"><span class='ocrx_word' id='word_1_255' title='bbox 86 1956 269 2009; x_wconf 87' lang='lat' dir='ltr'><strong>chorum</strong></span> <span class='ocrx_word' id='word_1_256' title='bbox 311 1968 465 2009; x_wconf 89' lang='lat' dir='ltr'><strong>suum</strong></span> <span class='ocrx_word' id='word_1_257' title='bbox 498 1952 724 2013; x_wconf 83' lang='lat' dir='ltr'><strong>faceret,</strong></span> <span class='ocrx_word' id='word_1_258' title='bbox 748 1956 802 2003; x_wconf 90' lang='lat' dir='ltr'><strong>et</strong></span> <span class='ocrx_word' id='word_1_259' title='bbox 823 1947 977 2016; x_wconf 89' lang='lat' dir='ltr'><strong>quasi</strong></span> <span class='ocrx_word' id='word_1_260' title='bbox 1006 1960 1126 2001; x_wconf 90' lang='lat' dir='ltr'><strong>cum</strong></span> <span class='ocrx_word' id='word_1_261' title='bbox 1155 1959 1247 1998; x_wconf 89' lang='lat' dir='ltr'><strong>sua</strong></span> <span class='ocrx_word' id='word_1_262' title='bbox 1276 1943 1614 1998; x_wconf 84' lang='lat' dir='ltr'><strong>multitudine</strong></span> 
     </span>
    </p>
   </div>
   <div class='ocr_carea' id='block_1_36' title="bbox 87 2036 1610 2105">
    <p class='ocr_par' dir='ltr' id='par_1_36' title="bbox 87 2036 1610 2105">
     <span class='ocr_line' id='line_1_36' title="bbox 87 2036 1610 2105; baseline -0.007 -7"><span class='ocrx_word' id='word_1_263' title='bbox 87 2048 172 2100; x_wconf 85' lang='lat' dir='ltr'><strong>loca</strong></span> <span class='ocrx_word' id='word_1_264' title='bbox 192 2056 358 2099; x_wconf 87' lang='lat' dir='ltr'><strong>sancta</strong></span> <span class='ocrx_word' id='word_1_265' title='bbox 378 2043 667 2100; x_wconf 84' lang='lat' dir='ltr'><strong>circumire</strong></span> <span class='ocrx_word' id='word_1_266' title='bbox 688 2046 876 2096; x_wconf 87' lang='lat' dir='ltr'><strong>tentat.</strong></span> <span class='ocrx_word' id='word_1_267' title='bbox 902 2038 1027 2092; x_wconf 60' lang='lat' dir='ltr'><strong>Haec</strong></span> <span class='ocrx_word' id='word_1_268' title='bbox 1055 2050 1282 2092; x_wconf 88' lang='lat' dir='ltr'><strong>cernens</strong></span> <span class='ocrx_word' id='word_1_269' title='bbox 1311 2036 1610 2105; x_wconf 90' lang='lat' dir='ltr'><strong>episcopus,</strong></span> 
     </span>
    </p>
   </div>
   <div class='ocr_carea' id='block_1_37' title="bbox 87 2113 1620 2197">
    <p class='ocr_par' dir='ltr' id='par_1_37' title="bbox 87 2113 1620 2197">
     <span class='ocr_line' id='line_1_37' title="bbox 87 2113 1620 2197; baseline -0.007 -5"><span class='ocrx_word' id='word_1_270' title='bbox 87 2141 199 2192; x_wconf 86' lang='lat' dir='ltr'><strong>misit</strong></span> <span class='ocrx_word' id='word_1_271' title='bbox 232 2138 660 2192; x_wconf 84' lang='lat' dir='ltr'><strong>archidiaconum</strong></span> <span class='ocrx_word' id='word_1_272' title='bbox 698 2148 851 2189; x_wconf 89' lang='lat' dir='ltr'><strong>suum</strong></span> <span class='ocrx_word' id='word_1_273' title='bbox 885 2171 902 2197; x_wconf 94' lang='lat'><strong>,</strong></span> <span class='ocrx_word' id='word_1_274' title='bbox 950 2132 1134 2186; x_wconf 89' lang='lat' dir='ltr'><strong>dicens</strong></span> <span class='ocrx_word' id='word_1_275' title='bbox 1182 2148 1195 2182; x_wconf 92' lang='lat'><strong>:</strong></span> <span class='ocrx_word' id='word_1_276' title='bbox 1250 2130 1306 2184; x_wconf 89' lang='lat' dir='ltr'><strong>Si</strong></span> <span class='ocrx_word' id='word_1_277' title='bbox 1361 2113 1620 2197; x_wconf 81' lang='lat' dir='ltr'><strong>reliquias</strong></span> 
     </span>
    </p>
   </div>
   <div class='ocr_carea' id='block_1_38' title="bbox 88 2219 1613 2295">
    <p class='ocr_par' dir='ltr' id='par_1_38' title="bbox 88 2219 1613 2295">
     <span class='ocr_line' id='line_1_38' title="bbox 88 2219 1613 2295; baseline -0.005 -14"><span class='ocrx_word' id='word_1_278' title='bbox 88 2238 344 2284; x_wconf 83' lang='lat' dir='ltr'><strong>sanctorum</strong></span> <span class='ocrx_word' id='word_1_279' title='bbox 369 2229 617 2292; x_wconf 78' lang='lat' dir='ltr'><strong>exhibes,</strong></span> <span class='ocrx_word' id='word_1_280' title='bbox 651 2240 791 2295; x_wconf 91' lang='lat' dir='ltr'><strong>pone</strong></span> <span class='ocrx_word' id='word_1_281' title='bbox 820 2238 912 2279; x_wconf 91' lang='lat' dir='ltr'><strong>eas</strong></span> <span class='ocrx_word' id='word_1_282' title='bbox 936 2223 1206 2291; x_wconf 86' lang='lat' dir='ltr'><strong>paululum</strong></span> <span class='ocrx_word' id='word_1_283' title='bbox 1242 2219 1407 2291; x_wconf 69' lang='grc'><strong>424</strong></span> <span class='ocrx_word' id='word_1_284' title='bbox 1434 2221 1485 2273; x_wconf 92' lang='lat' dir='ltr'><strong>in</strong></span> <span class='ocrx_word' id='word_1_285' title='bbox 1518 2221 1613 2273; x_wconf 90' lang='lat' dir='ltr'><strong>ha-</strong></span> 
     </span>
    </p>
   </div>
   <div class='ocr_carea' id='block_1_39' title="bbox 89 2311 1613 2384">
    <p class='ocr_par' dir='ltr' id='par_1_39' title="bbox 89 2311 1613 2384">
     <span class='ocr_line' id='line_1_39' title="bbox 89 2311 1613 2384; baseline -0.005 -13"><span class='ocrx_word' id='word_1_286' title='bbox 89 2320 223 2384; x_wconf 78' lang='lat' dir='ltr'><strong>silica,</strong></span> <span class='ocrx_word' id='word_1_287' title='bbox 274 2327 325 2374; x_wconf 87' lang='lat' dir='ltr'><strong>et</strong></span> <span class='ocrx_word' id='word_1_288' title='bbox 375 2320 659 2373; x_wconf 80' lang='lat' dir='ltr'><strong>nobiscum</strong></span> <span class='ocrx_word' id='word_1_289' title='bbox 690 2315 903 2370; x_wconf 87' lang='lat' dir='ltr'><strong>celebra</strong></span> <span class='ocrx_word' id='word_1_290' title='bbox 948 2315 1064 2368; x_wconf 92' lang='lat' dir='ltr'><strong>dies</strong></span> <span class='ocrx_word' id='word_1_291' title='bbox 1100 2320 1344 2376; x_wconf 88' lang='lat' dir='ltr'><strong>sanctos;</strong></span> <span class='ocrx_word' id='word_1_292' title='bbox 1388 2311 1613 2364; x_wconf 90' lang='lat' dir='ltr'><strong>decursa</strong></span> 
     </span>
    </p>
   </div>
   <div class='ocr_carea' id='block_1_40' title="bbox 90 2402 1616 2477">
    <p class='ocr_par' dir='ltr' id='par_1_40' title="bbox 90 2402 1616 2477">
     <span class='ocr_line' id='line_1_40' title="bbox 90 2402 1616 2477; baseline -0.007 -13"><span class='ocrx_word' id='word_1_293' title='bbox 90 2424 229 2464; x_wconf 82' lang='lat' dir='ltr'><strong>autem</strong></span> <span class='ocrx_word' id='word_1_294' title='bbox 273 2412 635 2472; x_wconf 86' lang='lat' dir='ltr'><strong>solemnitate,</strong></span> <span class='ocrx_word' id='word_1_295' title='bbox 683 2406 1035 2477; x_wconf 84' lang='lat' dir='ltr'><strong>proﬁcisceris</strong></span> <span class='ocrx_word' id='word_1_296' title='bbox 1085 2406 1136 2458; x_wconf 92' lang='lat' dir='ltr'><strong>in</strong></span> <span class='ocrx_word' id='word_1_297' title='bbox 1182 2403 1319 2455; x_wconf 89' lang='lat' dir='ltr'><strong>viam</strong></span> <span class='ocrx_word' id='word_1_298' title='bbox 1351 2412 1515 2455; x_wconf 90' lang='lat' dir='ltr'><strong>tuam.</strong></span> <span class='ocrx_word' id='word_1_299' title='bbox 1546 2402 1616 2454; x_wconf 83' lang='lat' dir='ltr'><strong>At</strong></span> 
     </span>
    </p>
   </div>
   <div class='ocr_carea' id='block_1_41' title="bbox 92 2495 1610 2573">
    <p class='ocr_par' dir='ltr' id='par_1_41' title="bbox 92 2495 1610 2573">
     <span class='ocr_line' id='line_1_41' title="bbox 92 2495 1610 2573; baseline -0.007 -16"><span class='ocrx_word' id='word_1_300' title='bbox 92 2505 157 2558; x_wconf 89' lang='lat' dir='ltr'><strong>ille</strong></span> <span class='ocrx_word' id='word_1_301' title='bbox 194 2505 568 2573; x_wconf 85' lang='lat' dir='ltr'><strong>parvipendens</strong></span> <span class='ocrx_word' id='word_1_302' title='bbox 606 2518 723 2571; x_wconf 68' lang='lat' dir='ltr'><strong>qua:</strong></span> <span class='ocrx_word' id='word_1_303' title='bbox 771 2502 838 2554; x_wconf 89' lang='lat' dir='ltr'><strong>ab</strong></span> <span class='ocrx_word' id='word_1_304' title='bbox 865 2499 1241 2554; x_wconf 90' lang='lat' dir='ltr'><strong>archidiacono</strong></span> <span class='ocrx_word' id='word_1_305' title='bbox 1280 2495 1610 2561; x_wconf 89' lang='lat' dir='ltr'><strong>dicebautur,</strong></span> 
     </span>
    </p>
   </div>
   <div class='ocr_carea' id='block_1_42' title="bbox 92 2587 1613 2664">
    <p class='ocr_par' dir='ltr' id='par_1_42' title="bbox 92 2587 1613 2664">
     <span class='ocr_line' id='line_1_42' title="bbox 92 2587 1613 2664; baseline -0.003 -19"><span class='ocrx_word' id='word_1_306' title='bbox 92 2598 217 2660; x_wconf 71' lang='lat' dir='ltr'><strong>coepit</strong></span> <span class='ocrx_word' id='word_1_307' title='bbox 239 2598 540 2664; x_wconf 86' lang='lat' dir='ltr'><strong>episcopum</strong></span> <span class='ocrx_word' id='word_1_308' title='bbox 571 2593 824 2647; x_wconf 84' lang='lat' dir='ltr'><strong>conviciis</strong></span> <span class='ocrx_word' id='word_1_309' title='bbox 851 2606 914 2645; x_wconf 89' lang='lat' dir='ltr'><strong>ac</strong></span> <span class='ocrx_word' id='word_1_310' title='bbox 943 2587 1405 2645; x_wconf 88' lang='lat' dir='ltr'><strong>maledictionihus</strong></span> <span class='ocrx_word' id='word_1_311' title='bbox 1430 2600 1613 2656; x_wconf 84' lang='lat' dir='ltr'><strong>prose-</strong></span> 
     </span>
    </p>
   </div>
   <div class='ocr_carea' id='block_1_43' title="bbox 92 2679 1611 2755">
    <p class='ocr_par' dir='ltr' id='par_1_43' title="bbox 92 2679 1611 2755">
     <span class='ocr_line' id='line_1_43' title="bbox 92 2679 1611 2755; baseline -0.005 -16"><span class='ocrx_word' id='word_1_312' title='bbox 92 2687 173 2755; x_wconf 86' lang='lat' dir='ltr'><strong>qui.</strong></span> <span class='ocrx_word' id='word_1_313' title='bbox 199 2688 440 2743; x_wconf 87' lang='lat' dir='ltr'><strong>Saccrdos</strong></span> <span class='ocrx_word' id='word_1_314' title='bbox 462 2699 599 2740; x_wconf 89' lang='lat' dir='ltr'><strong>vero</strong></span> <span class='ocrx_word' id='word_1_315' title='bbox 636 2683 938 2754; x_wconf 78' lang='lat' dir='ltr'><strong>intelligens</strong></span> <span class='ocrx_word' id='word_1_316' title='bbox 961 2696 1080 2735; x_wconf 90' lang='lat' dir='ltr'><strong>eum</strong></span> <span class='ocrx_word' id='word_1_317' title='bbox 1105 2695 1223 2734; x_wconf 90' lang='lat' dir='ltr'><strong>esse</strong></span> <span class='ocrx_word' id='word_1_318' title='bbox 1250 2679 1611 2747; x_wconf 89' lang='lat' dir='ltr'><strong>seductorem,</strong></span> 
     </span>
    </p>
   </div>
   <div class='ocr_carea' id='block_1_44' title="bbox 89 2771 1614 2845">
    <p class='ocr_par' dir='ltr' id='par_1_44' title="bbox 89 2771 1614 2845">
     <span class='ocr_line' id='line_1_44' title="bbox 89 2771 1614 2845; baseline -0.005 -16"><span class='ocrx_word' id='word_1_319' title='bbox 89 2778 209 2845; x_wconf 83' lang='lat' dir='ltr'><strong>jussit</strong></span> <span class='ocrx_word' id='word_1_320' title='bbox 233 2795 342 2834; x_wconf 88' lang='lat' dir='ltr'><strong>eum</strong></span> <span class='ocrx_word' id='word_1_321' title='bbox 372 2777 585 2834; x_wconf 84' lang='lat' dir='ltr'><strong>recludi</strong></span> <span class='ocrx_word' id='word_1_322' title='bbox 614 2775 667 2829; x_wconf 94' lang='lat' dir='ltr'><strong>in</strong></span> <span class='ocrx_word' id='word_1_323' title='bbox 695 2774 965 2829; x_wconf 92' lang='lat' dir='ltr'><strong>cellulam.</strong></span> <span class='ocrx_word' id='word_1_324' title='bbox 1002 2771 1458 2840; x_wconf 84' lang='lat' dir='ltr'><strong>Perscrutatisque</strong></span> <span class='ocrx_word' id='word_1_325' title='bbox 1485 2784 1614 2824; x_wconf 86' lang='lat' dir='ltr'><strong>eun-</strong></span> 
     </span>
    </p>
   </div>
   <div class='ocr_carea' id='block_1_45' title="bbox 90 2862 1611 2939">
    <p class='ocr_par' dir='ltr' id='par_1_45' title="bbox 90 2862 1611 2939">
     <span class='ocr_line' id='line_1_45' title="bbox 90 2862 1611 2939; baseline -0.001 -19"><span class='ocrx_word' id='word_1_326' title='bbox 90 2870 163 2922; x_wconf 83' lang='lat' dir='ltr'><strong>etis</strong></span> <span class='ocrx_word' id='word_1_327' title='bbox 186 2885 286 2939; x_wconf 67' lang='lat' dir='ltr'><strong>qua:</strong></span> <span class='ocrx_word' id='word_1_328' title='bbox 316 2870 567 2935; x_wconf 89' lang='lat' dir='ltr'><strong>habebat,</strong></span> <span class='ocrx_word' id='word_1_329' title='bbox 601 2866 803 2922; x_wconf 78' lang='lat' dir='ltr'><strong>invenit</strong></span> <span class='ocrx_word' id='word_1_330' title='bbox 829 2880 946 2919; x_wconf 92' lang='lat' dir='ltr'><strong>cum</strong></span> <span class='ocrx_word' id='word_1_331' title='bbox 971 2879 1036 2919; x_wconf 92' lang='lat' dir='ltr'><strong>eo</strong></span> <span class='ocrx_word' id='word_1_332' title='bbox 1064 2862 1332 2918; x_wconf 88' lang='lat' dir='ltr'><strong>sacculum</strong></span> <span class='ocrx_word' id='word_1_333' title='bbox 1364 2878 1611 2932; x_wconf 85' lang='lat' dir='ltr'><strong>magnum</strong></span> 
     </span>
    </p>
   </div>
   <div class='ocr_carea' id='block_1_46' title="bbox 92 2956 1614 3026">
    <p class='ocr_par' dir='ltr' id='par_1_46' title="bbox 92 2956 1614 3026">
     <span class='ocr_line' id='line_1_46' title="bbox 92 2956 1614 3026; baseline -0.001 -14"><span class='ocrx_word' id='word_1_334' title='bbox 92 2960 258 3023; x_wconf 83' lang='lat' dir='ltr'><strong>plenum</strong></span> <span class='ocrx_word' id='word_1_335' title='bbox 284 2962 349 3017; x_wconf 90' lang='lat' dir='ltr'><strong>de</strong></span> <span class='ocrx_word' id='word_1_336' title='bbox 371 2962 645 3017; x_wconf 87' lang='lat' dir='ltr'><strong>radicibus</strong></span> <span class='ocrx_word' id='word_1_337' title='bbox 663 2960 992 3014; x_wconf 87' lang='lat' dir='ltr'><strong>diversarum</strong></span> <span class='ocrx_word' id='word_1_338' title='bbox 1019 2956 1331 3021; x_wconf 83' lang='lat' dir='ltr'><strong>herbarum;</strong></span> <span class='ocrx_word' id='word_1_339' title='bbox 1356 2956 1535 3026; x_wconf 91' lang='lat' dir='ltr'><strong>ibique</strong></span> <span class='ocrx_word' id='word_1_340' title='bbox 1559 2965 1614 3010; x_wconf 88' lang='lat' dir='ltr'><strong>et</strong></span> 
     </span>
    </p>
   </div>
   <div class='ocr_carea' id='block_1_47' title="bbox 90 3048 1612 3123">
    <p class='ocr_par' dir='ltr' id='par_1_47' title="bbox 90 3048 1612 3123">
     <span class='ocr_line' id='line_1_47' title="bbox 90 3048 1612 3123; baseline -0.001 -20"><span class='ocrx_word' id='word_1_341' title='bbox 90 3051 233 3108; x_wconf 83' lang='lat' dir='ltr'><strong>dentes</strong></span> <span class='ocrx_word' id='word_1_342' title='bbox 259 3057 423 3123; x_wconf 58' lang='lat' dir='ltr'><strong>talpae,</strong></span> <span class='ocrx_word' id='word_1_343' title='bbox 447 3062 502 3109; x_wconf 92' lang='lat' dir='ltr'><strong>et</strong></span> <span class='ocrx_word' id='word_1_344' title='bbox 527 3068 651 3107; x_wconf 86' lang='lat' dir='ltr'><strong>ossa</strong></span> <span class='ocrx_word' id='word_1_345' title='bbox 679 3052 929 3115; x_wconf 91' lang='lat' dir='ltr'><strong>murium,</strong></span> <span class='ocrx_word' id='word_1_346' title='bbox 953 3058 1005 3102; x_wconf 91' lang='lat' dir='ltr'><strong>et</strong></span> <span class='ocrx_word' id='word_1_347' title='bbox 1022 3063 1221 3117; x_wconf 88' lang='lat' dir='ltr'><strong>ungues</strong></span> <span class='ocrx_word' id='word_1_348' title='bbox 1247 3057 1403 3119; x_wconf 79' lang='lat' dir='ltr'><strong>atque</strong></span> <span class='ocrx_word' id='word_1_349' title='bbox 1426 3048 1612 3117; x_wconf 89' lang='lat' dir='ltr'><strong>adipes</strong></span> 
     </span>
    </p>
   </div>
   <div class='ocr_carea' id='block_1_48' title="bbox 1715 1856 3285 1929">
    <p class='ocr_par' dir='ltr' id='par_1_48' title="bbox 1715 1856 3285 1929">
     <span class='ocr_line' id='line_1_48' title="bbox 1715 1856 3285 1929; baseline -0.006 -14"><span class='ocrx_word' id='word_1_350' title='bbox 1715 1860 2004 1929; x_wconf 90' lang='lat' dir='ltr'><strong>dilapsum,</strong></span> <span class='ocrx_word' id='word_1_351' title='bbox 2031 1868 2085 1914; x_wconf 90' lang='lat' dir='ltr'><strong>et</strong></span> <span class='ocrx_word' id='word_1_352' title='bbox 2113 1860 2188 1913; x_wconf 91' lang='lat' dir='ltr'><strong>sic</strong></span> <span class='ocrx_word' id='word_1_353' title='bbox 2219 1866 2530 1913; x_wconf 80' lang='lat' dir='ltr'><strong>excusatum</strong></span> <span class='ocrx_word' id='word_1_354' title='bbox 2564 1867 2833 1926; x_wconf 86' lang='lat' dir='ltr'><strong>receptum</strong></span> <span class='ocrx_word' id='word_1_355' title='bbox 2866 1856 3076 1910; x_wconf 79' lang='lat' dir='ltr'><strong>reduxit</strong></span> <span class='ocrx_word' id='word_1_356' title='bbox 3112 1859 3162 1910; x_wconf 92' lang='lat' dir='ltr'><strong>in</strong></span> <span class='ocrx_word' id='word_1_357' title='bbox 3193 1870 3285 1924; x_wconf 90' lang='lat' dir='ltr'><strong>pa-</strong></span> 
     </span>
    </p>
   </div>
   <div class='ocr_carea' id='block_1_49' title="bbox 1718 1947 3283 2018">
    <p class='ocr_par' dir='ltr' id='par_1_49' title="bbox 1718 1947 3283 2018">
     <span class='ocr_line' id='line_1_49' title="bbox 1718 1947 3283 2018; baseline -0.006 -12"><span class='ocrx_word' id='word_1_358' title='bbox 1718 1954 1895 2009; x_wconf 89' lang='lat' dir='ltr'><strong>triam.</strong></span> <span class='ocrx_word' id='word_1_359' title='bbox 1923 1953 2068 2006; x_wconf 88' lang='lat' dir='ltr'><strong>Multi</strong></span> <span class='ocrx_word' id='word_1_360' title='bbox 2098 1952 2237 2005; x_wconf 89' lang='lat' dir='ltr'><strong>enim</strong></span> <span class='ocrx_word' id='word_1_361' title='bbox 2269 1959 2393 2003; x_wconf 89' lang='lat' dir='ltr'><strong>sunt</strong></span> <span class='ocrx_word' id='word_1_362' title='bbox 2412 1948 2501 2018; x_wconf 89' lang='lat' dir='ltr'><strong>qui</strong></span> <span class='ocrx_word' id='word_1_363' title='bbox 2534 1948 2631 2002; x_wconf 91' lang='lat' dir='ltr'><strong>has</strong></span> <span class='ocrx_word' id='word_1_364' title='bbox 2660 1947 2999 2002; x_wconf 89' lang='lat' dir='ltr'><strong>seductiones</strong></span> <span class='ocrx_word' id='word_1_365' title='bbox 3028 1961 3283 2000; x_wconf 85' lang='lat' dir='ltr'><strong>exercen-</strong></span> 
     </span>
    </p>
   </div>
   <div class='ocr_carea' id='block_1_50' title="bbox 1716 2038 3284 2115">
    <p class='ocr_par' dir='ltr' id='par_1_50' title="bbox 1716 2038 3284 2115">
     <span class='ocr_line' id='line_1_50' title="bbox 1716 2038 3284 2115; baseline -0.006 -15"><span class='ocrx_word' id='word_1_366' title='bbox 1716 2056 1795 2100; x_wconf 89' lang='lat' dir='ltr'><strong>tes</strong></span> <span class='ocrx_word' id='word_1_367' title='bbox 1820 2046 2074 2115; x_wconf 89' lang='lat' dir='ltr'><strong>p0pulum</strong></span> <span class='ocrx_word' id='word_1_368' title='bbox 2117 2044 2374 2097; x_wconf 78' lang='lat' dir='ltr'><strong>rusticum</strong></span> <span class='ocrx_word' id='word_1_369' title='bbox 2420 2041 2472 2095; x_wconf 91' lang='lat' dir='ltr'><strong>in</strong></span> <span class='ocrx_word' id='word_1_370' title='bbox 2524 2055 2762 2095; x_wconf 90' lang='lat' dir='ltr'><strong>errorem</strong></span> <span class='ocrx_word' id='word_1_371' title='bbox 2810 2053 3009 2108; x_wconf 88' lang='lat' dir='ltr'><strong>ponere</strong></span> <span class='ocrx_word' id='word_1_372' title='bbox 3059 2052 3163 2091; x_wconf 93' lang='lat' dir='ltr'><strong>non</strong></span> <span class='ocrx_word' id='word_1_373' title='bbox 3189 2038 3284 2091; x_wconf 85' lang='lat' dir='ltr'><strong>de—</strong></span> 
     </span>
    </p>
   </div>
   <div class='ocr_carea' id='block_1_51' title="bbox 1713 2127 3285 2204">
    <p class='ocr_par' dir='ltr' id='par_1_51' title="bbox 1713 2127 3285 2204">
     <span class='ocr_line' id='line_1_51' title="bbox 1713 2127 3285 2204; baseline -0.008 -12"><span class='ocrx_word' id='word_1_374' title='bbox 1713 2138 1911 2192; x_wconf 90' lang='lat' dir='ltr'><strong>sistunt</strong></span> <span class='ocrx_word' id='word_1_375' title='bbox 1940 2154 1952 2188; x_wconf 92' lang='lat'>:</span> <span class='ocrx_word' id='word_1_376' title='bbox 1980 2136 2047 2191; x_wconf 90' lang='lat' dir='ltr'><strong>de</strong></span> <span class='ocrx_word' id='word_1_377' title='bbox 2072 2136 2284 2204; x_wconf 91' lang='lat' dir='ltr'><strong>quibus,</strong></span> <span class='ocrx_word' id='word_1_378' title='bbox 2317 2141 2374 2187; x_wconf 92' lang='lat' dir='ltr'><strong>ut</strong></span> <span class='ocrx_word' id='word_1_379' title='bbox 2395 2131 2608 2200; x_wconf 91' lang='lat' dir='ltr'><strong>opinor,</strong></span> <span class='ocrx_word' id='word_1_380' title='bbox 2646 2140 2699 2184; x_wconf 92' lang='lat' dir='ltr'><strong>et</strong></span> <span class='ocrx_word' id='word_1_381' title='bbox 2742 2129 2995 2183; x_wconf 91' lang='lat' dir='ltr'><strong>Dominus</strong></span> <span class='ocrx_word' id='word_1_382' title='bbox 3024 2128 3076 2181; x_wconf 93' lang='lat' dir='ltr'><strong>in</strong></span> <span class='ocrx_word' id='word_1_383' title='bbox 3110 2127 3285 2181; x_wconf 79' lang='lat' dir='ltr'><strong>Evan-</strong></span> 
     </span>
    </p>
   </div>
   <div class='ocr_carea' id='block_1_52' title="bbox 1714 2217 3279 2299">
    <p class='ocr_par' dir='ltr' id='par_1_52' title="bbox 1714 2217 3279 2299">
     <span class='ocr_line' id='line_1_52' title="bbox 1714 2217 3279 2299; baseline -0.009 -16"><span class='ocrx_word' id='word_1_384' title='bbox 1714 2229 1853 2299; x_wconf 83' lang='lat' dir='ltr'><strong>gelio</strong></span> <span class='ocrx_word' id='word_1_385' title='bbox 1904 2230 2023 2294; x_wconf 90' lang='lat' dir='ltr'><strong>ait,</strong></span> <span class='ocrx_word' id='word_1_386' title='bbox 2067 2225 2381 2295; x_wconf 76' lang='lat' dir='ltr'><strong>Consurgere</strong></span> <span class='ocrx_word' id='word_1_387' title='bbox 2439 2231 2463 2259; x_wconf 70' lang='grc' dir='ltr'>θ</span> <span class='ocrx_word' id='word_1_388' title='bbox 2520 2222 2572 2273; x_wconf 81' lang='lat' dir='ltr'><strong>in</strong></span> <span class='ocrx_word' id='word_1_389' title='bbox 2631 2220 2915 2274; x_wconf 72' lang='lat' dir='ltr'><strong>novissimis</strong></span> <span class='ocrx_word' id='word_1_390' title='bbox 2971 2217 3279 2287; x_wconf 75' lang='lat' dir='ltr'><strong>temporibus</strong></span> 
     </span>
    </p>
   </div>
   <div class='ocr_carea' id='block_1_53' title="bbox 1716 2313 3286 2391">
    <p class='ocr_par' dir='ltr' id='par_1_53' title="bbox 1716 2313 3286 2391">
     <span class='ocr_line' id='line_1_53' title="bbox 1716 2313 3286 2391; baseline -0.005 -15"><span class='ocrx_word' id='word_1_391' title='bbox 1716 2322 2147 2391; x_wconf 75' lang='lat' dir='ltr'><strong>pseudochrislos,</strong></span> <span class='ocrx_word' id='word_1_392' title='bbox 2187 2328 2233 2371; x_wconf 84' lang='lat' dir='ltr'><strong>et</strong></span> <span class='ocrx_word' id='word_1_393' title='bbox 2264 2314 2751 2386; x_wconf 77' lang='lat' dir='ltr'><strong>pseudOprOphetas,</strong></span> <span class='ocrx_word' id='word_1_394' title='bbox 2796 2314 2881 2383; x_wconf 85' lang='lat' dir='ltr'><strong>qui</strong></span> <span class='ocrx_word' id='word_1_395' title='bbox 2920 2313 3098 2367; x_wconf 76' lang='lat' dir='ltr'><strong>dantes</strong></span> <span class='ocrx_word' id='word_1_396' title='bbox 3141 2314 3286 2384; x_wconf 74' lang='lat' dir='ltr'><strong>signa</strong></span> 
     </span>
    </p>
   </div>
   <div class='ocr_carea' id='block_1_54' title="bbox 1714 2403 3286 2484">
    <p class='ocr_par' dir='ltr' id='par_1_54' title="bbox 1714 2403 3286 2484">
     <span class='ocr_line' id='line_1_54' title="bbox 1714 2403 3286 2484; baseline -0.008 -15"><span class='ocrx_word' id='word_1_397' title='bbox 1714 2426 1761 2469; x_wconf 85' lang='lat' dir='ltr'><strong>et</strong></span> <span class='ocrx_word' id='word_1_398' title='bbox 1791 2414 2050 2484; x_wconf 81' lang='lat' dir='ltr'><strong>prodigia.</strong></span> <span class='ocrx_word' id='word_1_399' title='bbox 2071 2414 2222 2465; x_wconf 81' lang='lat' dir='ltr'><strong>etiam</strong></span> <span class='ocrx_word' id='word_1_400' title='bbox 2250 2410 2436 2463; x_wconf 80' lang='lat' dir='ltr'><strong>electos</strong></span> <span class='ocrx_word' id='word_1_401' title='bbox 2461 2411 2516 2462; x_wconf 85' lang='lat' dir='ltr'><strong>in</strong></span> <span class='ocrx_word' id='word_1_402' title='bbox 2544 2422 2769 2461; x_wconf 81' lang='lat' dir='ltr'><strong>errorem</strong></span> <span class='ocrx_word' id='word_1_403' title='bbox 2800 2406 3039 2459; x_wconf 83' lang='lat' dir='ltr'><strong>inducant</strong></span> <span class='ocrx_word' id='word_1_404' title='bbox 3070 2403 3286 2476; x_wconf 78' lang='lat' dir='ltr'><strong>(Matth.</strong></span> 
     </span>
    </p>
   </div>
   <div class='ocr_carea' id='block_1_55' title="bbox 1714 2500 3287 2575">
    <p class='ocr_par' dir='ltr' id='par_1_55' title="bbox 1714 2500 3287 2575">
     <span class='ocr_line' id='line_1_55' title="bbox 1714 2500 3287 2575; baseline -0.006 -14"><span class='ocrx_word' id='word_1_405' title='bbox 1714 2524 1856 2571; x_wconf 78' lang='lat' dir='ltr'><strong>xxiv,</strong></span> <span class='ocrx_word' id='word_1_406' title='bbox 1878 2509 1997 2575; x_wconf 58' lang='lat'><strong>‘24).</strong></span> <span class='ocrx_word' id='word_1_407' title='bbox 2043 2506 2116 2559; x_wconf 92' lang='lat' dir='ltr'><strong>De</strong></span> <span class='ocrx_word' id='word_1_408' title='bbox 2156 2504 2239 2558; x_wconf 88' lang='lat' dir='ltr'><strong>his</strong></span> <span class='ocrx_word' id='word_1_409' title='bbox 2272 2504 2368 2558; x_wconf 85' lang='lat' dir='ltr'><strong>ista</strong></span> <span class='ocrx_word' id='word_1_410' title='bbox 2395 2501 2664 2557; x_wconf 68' lang='lat' dir='ltr'><strong>sufﬁciant</strong></span> <span class='ocrx_word' id='word_1_411' title='bbox 2695 2517 2710 2555; x_wconf 73' lang='grc' dir='ltr'>ε</span> <span class='ocrx_word' id='word_1_412' title='bbox 2743 2513 2839 2554; x_wconf 89' lang='lat' dir='ltr'><strong>nos</strong></span> <span class='ocrx_word' id='word_1_413' title='bbox 2872 2500 3046 2569; x_wconf 89' lang='lat' dir='ltr'><strong>potius</strong></span> <span class='ocrx_word' id='word_1_414' title='bbox 3074 2500 3139 2553; x_wconf 91' lang='lat' dir='ltr'><strong>ad</strong></span> <span class='ocrx_word' id='word_1_415' title='bbox 3165 2513 3287 2569; x_wconf 89' lang='lat' dir='ltr'><strong>pro-</strong></span> 
     </span>
    </p>
   </div>
   <div class='ocr_carea' id='block_1_56' title="bbox 1714 2595 2611 2669">
    <p class='ocr_par' dir='ltr' id='par_1_56' title="bbox 1714 2595 2611 2669">
     <span class='ocr_line' id='line_1_56' title="bbox 1714 2595 2611 2669; baseline -0.009 -15"><span class='ocrx_word' id='word_1_416' title='bbox 1714 2599 1941 2669; x_wconf 88' lang='lat' dir='ltr'><strong>positmu</strong></span> <span class='ocrx_word' id='word_1_417' title='bbox 1964 2595 2269 2653; x_wconf 89' lang='lat' dir='ltr'><strong>redeamus.</strong></span> <span class='ocrx_word' id='word_1_418' title='bbox 2608 2612 2611 2615; x_wconf 52' lang='grc' dir='ltr'>λ</span> 
     </span>
    </p>
   </div>
   <div class='ocr_carea' id='block_1_57' title="bbox 1786 2747 3286 2825">
    <p class='ocr_par' dir='ltr' id='par_1_57' title="bbox 1786 2747 3286 2825">
     <span class='ocr_line' id='line_1_57' title="bbox 1786 2747 3286 2825; baseline -0.005 -18"><span class='ocrx_word' id='word_1_419' title='bbox 1786 2752 1896 2807; x_wconf 82' lang='lat' dir='ltr'><strong>Vll.</strong></span> <span class='ocrx_word' id='word_1_420' title='bbox 1928 2751 2195 2806; x_wconf 84' lang='lat' dir='ltr'><strong>Ennodius</strong></span> <span class='ocrx_word' id='word_1_421' title='bbox 2224 2764 2343 2825; x_wconf 88' lang='lat' dir='ltr'><strong>cum</strong></span> <span class='ocrx_word' id='word_1_422' title='bbox 2371 2748 2615 2802; x_wconf 92' lang='lat' dir='ltr'><strong>ducatum</strong></span> <span class='ocrx_word' id='word_1_423' title='bbox 2653 2748 2859 2801; x_wconf 88' lang='lat' dir='ltr'><strong>urbium</strong></span> <span class='ocrx_word' id='word_1_424' title='bbox 2885 2747 3165 2801; x_wconf 67' lang='lat' dir='ltr'><strong>Turon’caa</strong></span> <span class='ocrx_word' id='word_1_425' title='bbox 3189 2754 3286 2800; x_wconf 88' lang='lat' dir='ltr'><strong>at—</strong></span> 
     </span>
    </p>
   </div>
   <div class='ocr_carea' id='block_1_58' title="bbox 1711 2837 3286 2915">
    <p class='ocr_par' dir='ltr' id='par_1_58' title="bbox 1711 2837 3286 2915">
     <span class='ocr_line' id='line_1_58' title="bbox 1711 2837 3286 2915; baseline -0.006 -16"><span class='ocrx_word' id='word_1_426' title='bbox 1711 2861 1813 2915; x_wconf 90' lang='lat' dir='ltr'><strong>que</strong></span> <span class='ocrx_word' id='word_1_427' title='bbox 1840 2843 2069 2899; x_wconf 70' lang='lat' dir='ltr'><strong>Pietavae</strong></span> <span class='ocrx_word' id='word_1_428' title='bbox 2090 2844 2500 2905; x_wconf 83' lang='lat' dir='ltr'><strong>administraret,</strong></span> <span class='ocrx_word' id='word_1_429' title='bbox 2527 2838 2699 2893; x_wconf 90' lang='lat' dir='ltr'><strong>adhuc</strong></span> <span class='ocrx_word' id='word_1_430' title='bbox 2721 2847 2775 2893; x_wconf 89' lang='lat' dir='ltr'><strong>et</strong></span> <span class='ocrx_word' id='word_1_431' title='bbox 2803 2837 2912 2892; x_wconf 87' lang='lat' dir='ltr'><strong>Vici</strong></span> <span class='ocrx_word' id='word_1_432' title='bbox 2935 2838 3186 2893; x_wconf 73' lang='lat' dir='ltr'><strong>Jul.eusis</strong></span> <span class='ocrx_word' id='word_1_433' title='bbox 3207 2849 3286 2891; x_wconf 86' lang='lat' dir='ltr'><strong>at-</strong></span> 
     </span>
    </p>
   </div>
   <div class='ocr_carea' id='block_1_59' title="bbox 1712 2930 3282 3010">
    <p class='ocr_par' dir='ltr' id='par_1_59' title="bbox 1712 2930 3282 3010">
     <span class='ocr_line' id='line_1_59' title="bbox 1712 2930 3282 3010; baseline -0.008 -15"><span class='ocrx_word' id='word_1_434' title='bbox 1712 2956 1816 3010; x_wconf 86' lang='lat' dir='ltr'><strong>que</strong></span> <span class='ocrx_word' id='word_1_435' title='bbox 1846 2940 2099 2993; x_wconf 76' lang='lat' dir='ltr'><strong>Benarnze</strong></span> <span class='ocrx_word' id='word_1_436' title='bbox 2125 2935 2142 2974; x_wconf 72' lang='grc' dir='ltr'><strong>ί</strong></span> <span class='ocrx_word' id='word_1_437' title='bbox 2177 2936 2386 2989; x_wconf 90' lang='lat' dir='ltr'><strong>urbium</strong></span> <span class='ocrx_word' id='word_1_438' title='bbox 2408 2935 2754 3001; x_wconf 89' lang='lat' dir='ltr'><strong>principatum</strong></span> <span class='ocrx_word' id='word_1_439' title='bbox 2772 2934 2982 2999; x_wconf 75' lang='lat' dir='ltr'><strong>accith.</strong></span> <span class='ocrx_word' id='word_1_440' title='bbox 3018 2930 3120 2987; x_wconf 92' lang='lat' dir='ltr'><strong>Sed</strong></span> <span class='ocrx_word' id='word_1_441' title='bbox 3144 2946 3282 2985; x_wconf 86' lang='lat' dir='ltr'><strong>eun-</strong></span> 
     </span>
    </p>
   </div>
   <div class='ocr_carea' id='block_1_60' title="bbox 1715 3023 3284 3097">
    <p class='ocr_par' dir='ltr' id='par_1_60' title="bbox 1715 3023 3284 3097">
     <span class='ocr_line' id='line_1_60' title="bbox 1715 3023 3284 3097; baseline -0.006 -8"><span class='ocrx_word' id='word_1_442' title='bbox 1715 3036 1854 3090; x_wconf 89' lang='lat' dir='ltr'><strong>tibus</strong></span> <span class='ocrx_word' id='word_1_443' title='bbox 1883 3034 2166 3089; x_wconf 89' lang='lat' dir='ltr'><strong>comitibns</strong></span> <span class='ocrx_word' id='word_1_444' title='bbox 2203 3023 2489 3085; x_wconf 75' lang='lat' dir='ltr'><strong>&#39;l&#39;uronica:</strong></span> <span class='ocrx_word' id='word_1_445' title='bbox 2543 3038 2700 3097; x_wconf 90' lang='lat' dir='ltr'><strong>atque</strong></span> <span class='ocrx_word' id='word_1_446' title='bbox 2751 3027 2976 3081; x_wconf 76' lang='lat' dir='ltr'><strong>Pictava:</strong></span> <span class='ocrx_word' id='word_1_447' title='bbox 3027 3027 3170 3083; x_wconf 90' lang='lat' dir='ltr'><strong>urbis</strong></span> <span class='ocrx_word' id='word_1_448' title='bbox 3217 3027 3284 3080; x_wconf 88' lang='lat' dir='ltr'><strong>ad</strong></span> 
     </span>
    </p>
   </div>
   <div class='ocr_carea' id='block_1_61' title="bbox 91 3117 1613 3213">
    <p class='ocr_par' dir='ltr' id='par_1_61' title="bbox 91 3117 1609 3213">
     <span class='ocr_line' id='line_1_61' title="bbox 91 3117 1609 3213; baseline -0.002 -19"><span class='ocrx_word' id='word_1_449' title='bbox 91 3145 274 3200; x_wconf 88' lang='lat' dir='ltr'><strong>ursiuos.</strong></span> <span class='ocrx_word' id='word_1_450' title='bbox 307 3145 610 3213; x_wconf 81' lang='lat' dir='ltr'><strong>Vidensque</strong></span> <span class='ocrx_word' id='word_1_451' title='bbox 641 3145 751 3196; x_wconf 60' lang='lat' dir='ltr'><strong>hac</strong></span> <span class='ocrx_word' id='word_1_452' title='bbox 781 3141 1035 3195; x_wconf 73' lang='lat' dir='ltr'><strong>maleﬁcia</strong></span> <span class='ocrx_word' id='word_1_453' title='bbox 1067 3154 1209 3207; x_wconf 86' lang='lat' dir='ltr'><strong>esse,</strong></span> <span class='ocrx_word' id='word_1_454' title='bbox 1240 3117 1426 3193; x_wconf 85' lang='lat' dir='ltr'><strong>cuncta</strong></span> <span class='ocrx_word' id='word_1_455' title='bbox 1453 3139 1609 3207; x_wconf 89' lang='lat' dir='ltr'><strong>jussit</strong></span> 
     </span>
    </p>
   </div>
   <div class='ocr_carea' id='block_1_62' title="bbox 1721 3117 3285 3213">
    <p class='ocr_par' dir='ltr' id='par_1_62' title="bbox 1721 3117 3285 3195">
     <span class='ocr_line' id='line_1_62' title="bbox 1721 3117 3285 3195; baseline -0.006 -17"><span class='ocrx_word' id='word_1_456' title='bbox 1721 3140 1889 3195; x_wconf 87' lang='lat' dir='ltr'><strong>regem</strong></span> <span class='ocrx_word' id='word_1_457' title='bbox 1945 3121 2362 3185; x_wconf 88' lang='lat' dir='ltr'><strong>Childebertum,</strong></span> <span class='ocrx_word' id='word_1_458' title='bbox 2394 3117 2736 3173; x_wconf 85' lang='lat' dir='ltr'><strong>obtinuerunt</strong></span> <span class='ocrx_word' id='word_1_459' title='bbox 2789 3132 2908 3171; x_wconf 91' lang='lat' dir='ltr'><strong>eum</strong></span> <span class='ocrx_word' id='word_1_460' title='bbox 2940 3132 2968 3169; x_wconf 90' lang='lat' dir='ltr'><strong>a</strong></span> <span class='ocrx_word' id='word_1_461' title='bbox 2999 3132 3057 3172; x_wconf 90' lang='lat' dir='ltr'><strong>se</strong></span> <span class='ocrx_word' id='word_1_462' title='bbox 3103 3132 3285 3171; x_wconf 88' lang='lat' dir='ltr'><strong>remo-</strong></span> 
     </span>
    </p>
   </div>
   <div class='ocr_carea' id='block_1_63' title="bbox 90 3232 1608 3306">
    <p class='ocr_par' dir='ltr' id='par_1_63' title="bbox 90 3232 1608 3306">
     <span class='ocr_line' id='line_1_63' title="bbox 90 3232 1608 3306; baseline 0.001 -23"><span class='ocrx_word' id='word_1_463' title='bbox 90 3234 127 3286; x_wconf 91' lang='lat' dir='ltr'><strong>in</strong></span> <span class='ocrx_word' id='word_1_464' title='bbox 150 3236 315 3291; x_wconf 85' lang='lat' dir='ltr'><strong>ﬂumen</strong></span> <span class='ocrx_word' id='word_1_465' title='bbox 340 3238 552 3306; x_wconf 91' lang='lat' dir='ltr'><strong>projici,</strong></span> <span class='ocrx_word' id='word_1_466' title='bbox 589 3235 870 3303; x_wconf 81' lang='lat' dir='ltr'><strong>ablataque</strong></span> <span class='ocrx_word' id='word_1_467' title='bbox 900 3232 948 3285; x_wconf 80' lang='lat' dir='ltr'><strong>ei</strong></span> <span class='ocrx_word' id='word_1_468' title='bbox 972 3246 1162 3300; x_wconf 89' lang='lat' dir='ltr'><strong>cruce,</strong></span> <span class='ocrx_word' id='word_1_469' title='bbox 1210 3233 1373 3299; x_wconf 89' lang='lat' dir='ltr'><strong>jussit</strong></span> <span class='ocrx_word' id='word_1_470' title='bbox 1415 3246 1536 3286; x_wconf 89' lang='lat' dir='ltr'><strong>eum</strong></span> <span class='ocrx_word' id='word_1_471' title='bbox 1578 3246 1608 3285; x_wconf 89' lang='lat' dir='ltr'><strong>a</strong></span> 
     </span>
    </p>
   </div>
   <div class='ocr_carea' id='block_1_64' title="bbox 92 3321 1611 3383">
    <p class='ocr_par' dir='ltr' id='par_1_64' title="bbox 92 3321 1611 3383">
     <span class='ocr_line' id='line_1_64' title="bbox 92 3321 1611 3383; baseline 0 -7"><span class='ocrx_word' id='word_1_472' title='bbox 92 3330 271 3382; x_wconf 85' lang='lat' dir='ltr'><strong>termino</strong></span> <span class='ocrx_word' id='word_1_473' title='bbox 300 3329 580 3383; x_wconf 69' lang='lat' dir='ltr'><strong>Paris-ioca:</strong></span> <span class='ocrx_word' id='word_1_474' title='bbox 614 3327 761 3379; x_wconf 87' lang='lat' dir='ltr'><strong>urbis</strong></span> <span class='ocrx_word' id='word_1_475' title='bbox 796 3324 1025 3379; x_wconf 84' lang='lat' dir='ltr'><strong>excludi.</strong></span> <span class='ocrx_word' id='word_1_476' title='bbox 1069 3323 1172 3378; x_wconf 88' lang='lat' dir='ltr'><strong>Sed</strong></span> <span class='ocrx_word' id='word_1_477' title='bbox 1207 3324 1290 3376; x_wconf 90' lang='lat' dir='ltr'><strong>hic</strong></span> <span class='ocrx_word' id='word_1_478' title='bbox 1310 3323 1504 3378; x_wconf 88' lang='lat' dir='ltr'><strong>iterum</strong></span> <span class='ocrx_word' id='word_1_479' title='bbox 1531 3321 1611 3376; x_wconf 80' lang='lat' dir='ltr'><strong>fa-</strong></span> 
     </span>
    </p>
   </div>
   <div class='ocr_carea' id='block_1_65' title="bbox 90 3418 1612 3487">
    <p class='ocr_par' dir='ltr' id='par_1_65' title="bbox 90 3418 1612 3487">
     <span class='ocr_line' id='line_1_65' title="bbox 90 3418 1612 3487; baseline 0.001 -20"><span class='ocrx_word' id='word_1_480' title='bbox 90 3427 150 3469; x_wconf 77' lang='lat' dir='ltr'><strong>cta</strong></span> <span class='ocrx_word' id='word_1_481' title='bbox 169 3419 311 3473; x_wconf 73' lang='lat' dir='ltr'><strong>altera</strong></span> <span class='ocrx_word' id='word_1_482' title='bbox 343 3436 522 3484; x_wconf 85' lang='lat' dir='ltr'><strong>cruce,</strong></span> <span class='ocrx_word' id='word_1_483' title='bbox 558 3418 721 3487; x_wconf 73' lang='lat' dir='ltr'><strong>cmpit</strong></span> <span class='ocrx_word' id='word_1_484' title='bbox 750 3432 869 3487; x_wconf 71' lang='lat' dir='ltr'><strong>qua:</strong></span> <span class='ocrx_word' id='word_1_485' title='bbox 899 3425 1135 3487; x_wconf 78' lang='lat' dir='ltr'><strong>gesserat</strong></span> <span class='ocrx_word' id='word_1_486' title='bbox 1171 3429 1453 3480; x_wconf 79' lang='lat' dir='ltr'><strong>exercere;</strong></span> <span class='ocrx_word' id='word_1_487' title='bbox 1487 3428 1612 3484; x_wconf 89' lang='lat' dir='ltr'><strong>cap-</strong></span> 
     </span>
    </p>
   </div>
   <div class='ocr_carea' id='block_1_66' title="bbox 91 3506 1614 3578">
    <p class='ocr_par' dir='ltr' id='par_1_66' title="bbox 91 3506 1614 3578">
     <span class='ocr_line' id='line_1_66' title="bbox 91 3506 1614 3578; baseline 0 -17"><span class='ocrx_word' id='word_1_488' title='bbox 91 3517 235 3578; x_wconf 90' lang='lat' dir='ltr'><strong>tusque</strong></span> <span class='ocrx_word' id='word_1_489' title='bbox 252 3513 312 3566; x_wconf 86' lang='lat' dir='ltr'><strong>ab</strong></span> <span class='ocrx_word' id='word_1_490' title='bbox 332 3511 737 3573; x_wconf 89' lang='lat' dir='ltr'><strong>arcbidiacono,</strong></span> <span class='ocrx_word' id='word_1_491' title='bbox 770 3519 824 3563; x_wconf 90' lang='lat' dir='ltr'><strong>et</strong></span> <span class='ocrx_word' id='word_1_492' title='bbox 851 3509 1054 3561; x_wconf 85' lang='lat' dir='ltr'><strong>catenis</strong></span> <span class='ocrx_word' id='word_1_493' title='bbox 1079 3508 1307 3573; x_wconf 89' lang='lat' dir='ltr'><strong>vinctus,</strong></span> <span class='ocrx_word' id='word_1_494' title='bbox 1331 3506 1510 3575; x_wconf 84' lang='lat' dir='ltr'><strong>jussus</strong></span> <span class='ocrx_word' id='word_1_495' title='bbox 1531 3513 1614 3561; x_wconf 90' lang='lat' dir='ltr'><strong>est</strong></span> 
     </span>
    </p>
   </div>
   <div class='ocr_carea' id='block_1_67' title="bbox 91 3598 1612 3677">
    <p class='ocr_par' dir='ltr' id='par_1_67' title="bbox 91 3598 1612 3677">
     <span class='ocr_line' id='line_1_67' title="bbox 91 3598 1612 3677; baseline 0 -27"><span class='ocrx_word' id='word_1_496' title='bbox 91 3602 314 3656; x_wconf 79' lang='lat' dir='ltr'><strong>custodiri.</strong></span> <span class='ocrx_word' id='word_1_497' title='bbox 346 3604 433 3657; x_wconf 87' lang='lat' dir='ltr'><strong>His</strong></span> <span class='ocrx_word' id='word_1_498' title='bbox 462 3603 661 3657; x_wconf 86' lang='lat' dir='ltr'><strong>diebus</strong></span> <span class='ocrx_word' id='word_1_499' title='bbox 692 3600 926 3677; x_wconf 85' lang='lat' dir='ltr'><strong>Parisios</strong></span> <span class='ocrx_word' id='word_1_500' title='bbox 954 3602 1292 3664; x_wconf 82' lang='lat' dir='ltr'><strong>adveneram,</strong></span> <span class='ocrx_word' id='word_1_501' title='bbox 1334 3606 1389 3653; x_wconf 89' lang='lat' dir='ltr'><strong>et</strong></span> <span class='ocrx_word' id='word_1_502' title='bbox 1424 3598 1491 3652; x_wconf 88' lang='lat' dir='ltr'><strong>ad</strong></span> <span class='ocrx_word' id='word_1_503' title='bbox 1519 3598 1612 3653; x_wconf 84' lang='lat' dir='ltr'><strong>ba-</strong></span> 
     </span>
    </p>
   </div>
   <div class='ocr_carea' id='block_1_68' title="bbox 90 3690 1609 3763">
    <p class='ocr_par' dir='ltr' id='par_1_68' title="bbox 90 3690 1609 3763">
     <span class='ocr_line' id='line_1_68' title="bbox 90 3690 1609 3763; baseline 0.002 -22"><span class='ocrx_word' id='word_1_504' title='bbox 90 3693 250 3748; x_wconf 78' lang='lat' dir='ltr'><strong>silicam</strong></span> <span class='ocrx_word' id='word_1_505' title='bbox 291 3695 425 3752; x_wconf 89' lang='lat' dir='ltr'><strong>beati</strong></span> <span class='ocrx_word' id='word_1_506' title='bbox 453 3694 657 3752; x_wconf 88' lang='lat' dir='ltr'><strong>Juliani</strong></span> <span class='ocrx_word' id='word_1_507' title='bbox 688 3694 934 3763; x_wconf 85' lang='lat' dir='ltr'><strong>martyris</strong></span> <span class='ocrx_word' id='word_1_508' title='bbox 967 3690 991 3729; x_wconf 71' lang='grc' dir='ltr'>δ</span> <span class='ocrx_word' id='word_1_509' title='bbox 1044 3701 1294 3745; x_wconf 89' lang='lat' dir='ltr'><strong>metatum</strong></span> <span class='ocrx_word' id='word_1_510' title='bbox 1326 3691 1609 3746; x_wconf 88' lang='lat' dir='ltr'><strong>habebam.</strong></span> 
     </span>
    </p>
   </div>
   <div class='ocr_carea' id='block_1_69' title="bbox 90 3780 1610 3858">
    <p class='ocr_par' dir='ltr' id='par_1_69' title="bbox 90 3780 1610 3858">
     <span class='ocr_line' id='line_1_69' title="bbox 90 3780 1610 3858; baseline 0.001 -23"><span class='ocrx_word' id='word_1_511' title='bbox 90 3780 213 3839; x_wconf 84' lang='lat' dir='ltr'><strong>Nocte</strong></span> <span class='ocrx_word' id='word_1_512' title='bbox 238 3787 385 3858; x_wconf 78' lang='lat' dir='ltr'><strong>igitur</strong></span> <span class='ocrx_word' id='word_1_513' title='bbox 414 3788 723 3857; x_wconf 86' lang='lat' dir='ltr'><strong>insequenti</strong></span> <span class='ocrx_word' id='word_1_514' title='bbox 754 3799 1040 3855; x_wconf 79' lang='lat' dir='ltr'><strong>erumpens</strong></span> <span class='ocrx_word' id='word_1_515' title='bbox 1068 3786 1229 3838; x_wconf 89' lang='lat' dir='ltr'><strong>miser</strong></span> <span class='ocrx_word' id='word_1_516' title='bbox 1277 3784 1376 3838; x_wconf 88' lang='lat' dir='ltr'><strong>iste</strong></span> <span class='ocrx_word' id='word_1_517' title='bbox 1428 3784 1495 3837; x_wconf 89' lang='lat' dir='ltr'><strong>de</strong></span> <span class='ocrx_word' id='word_1_518' title='bbox 1521 3797 1610 3837; x_wconf 86' lang='lat' dir='ltr'><strong>cu-</strong></span> 
     </span>
    </p>
   </div>
   <div class='ocr_carea' id='block_1_70' title="bbox 90 3874 1611 3950">
    <p class='ocr_par' dir='ltr' id='par_1_70' title="bbox 90 3874 1611 3950">
     <span class='ocr_line' id='line_1_70' title="bbox 90 3874 1611 3950; baseline 0.001 -21"><span class='ocrx_word' id='word_1_519' title='bbox 90 3875 242 3941; x_wconf 80' lang='lat' dir='ltr'><strong>Studia,</strong></span> <span class='ocrx_word' id='word_1_520' title='bbox 269 3895 380 3934; x_wconf 90' lang='lat' dir='ltr'><strong>cum</strong></span> <span class='ocrx_word' id='word_1_521' title='bbox 410 3881 545 3950; x_wconf 89' lang='lat' dir='ltr'><strong>ipsis</strong></span> <span class='ocrx_word' id='word_1_522' title='bbox 573 3877 767 3948; x_wconf 91' lang='lat' dir='ltr'><strong>quibus</strong></span> <span class='ocrx_word' id='word_1_523' title='bbox 793 3886 908 3931; x_wconf 89' lang='lat' dir='ltr'><strong>erat</strong></span> <span class='ocrx_word' id='word_1_524' title='bbox 940 3891 1104 3930; x_wconf 84' lang='lat' dir='ltr'><strong>nexus</strong></span> <span class='ocrx_word' id='word_1_525' title='bbox 1131 3874 1337 3929; x_wconf 89' lang='lat' dir='ltr'><strong>catenis</strong></span> <span class='ocrx_word' id='word_1_526' title='bbox 1365 3874 1431 3928; x_wconf 92' lang='lat' dir='ltr'><strong>ad</strong></span> <span class='ocrx_word' id='word_1_527' title='bbox 1462 3884 1611 3930; x_wconf 85' lang='lat' dir='ltr'><strong>ante-</strong></span> 
     </span>
    </p>
   </div>
   <div class='ocr_carea' id='block_1_71' title="bbox 91 3962 1609 4036">
    <p class='ocr_par' dir='ltr' id='par_1_71' title="bbox 91 3962 1609 4036">
     <span class='ocr_line' id='line_1_71' title="bbox 91 3962 1609 4036; baseline 0.003 -21"><span class='ocrx_word' id='word_1_528' title='bbox 91 3962 246 4021; x_wconf 81' lang='lat' dir='ltr'><strong>dictam</strong></span> <span class='ocrx_word' id='word_1_529' title='bbox 289 3970 561 4026; x_wconf 84' lang='lat' dir='ltr'><strong>basilicam</strong></span> <span class='ocrx_word' id='word_1_530' title='bbox 592 3968 761 4023; x_wconf 88' lang='lat' dir='ltr'><strong>sancti</strong></span> <span class='ocrx_word' id='word_1_531' title='bbox 808 3967 999 4022; x_wconf 76' lang='grc' dir='ltr'><strong>,ιιιιὶαηί</strong></span> <span class='ocrx_word' id='word_1_532' title='bbox 1030 3975 1279 4035; x_wconf 82' lang='lat' dir='ltr'><strong>properat</strong></span> <span class='ocrx_word' id='word_1_533' title='bbox 1309 3983 1321 4018; x_wconf 92' lang='lat'><strong>:</strong></span> <span class='ocrx_word' id='word_1_534' title='bbox 1373 3968 1609 4036; x_wconf 89' lang='lat' dir='ltr'><strong>atquein</strong></span> 
     </span>
    </p>
   </div>
   <div class='ocr_carea' id='block_1_72' title="bbox 92 4054 1608 4127">
    <p class='ocr_par' dir='ltr' id='par_1_72' title="bbox 92 4054 1608 4127">
     <span class='ocr_line' id='line_1_72' title="bbox 92 4054 1608 4127; baseline 0.002 -21"><span class='ocrx_word' id='word_1_535' title='bbox 92 4054 341 4116; x_wconf 58' lang='lat' dir='ltr'><strong>pavimento</strong></span> <span class='ocrx_word' id='word_1_536' title='bbox 372 4060 424 4113; x_wconf 91' lang='lat' dir='ltr'><strong>in</strong></span> <span class='ocrx_word' id='word_1_537' title='bbox 472 4060 594 4113; x_wconf 90' lang='lat' dir='ltr'><strong>loco</strong></span> <span class='ocrx_word' id='word_1_538' title='bbox 640 4071 747 4127; x_wconf 89' lang='lat' dir='ltr'><strong>quo</strong></span> <span class='ocrx_word' id='word_1_539' title='bbox 767 4071 866 4127; x_wconf 85' lang='lat' dir='ltr'><strong>ego</strong></span> <span class='ocrx_word' id='word_1_540' title='bbox 900 4065 1038 4109; x_wconf 90' lang='lat' dir='ltr'><strong>stare</strong></span> <span class='ocrx_word' id='word_1_541' title='bbox 1068 4070 1212 4109; x_wconf 89' lang='lat' dir='ltr'><strong>eram</strong></span> <span class='ocrx_word' id='word_1_542' title='bbox 1242 4056 1449 4120; x_wconf 82' lang='lat' dir='ltr'><strong>solitus,</strong></span> <span class='ocrx_word' id='word_1_543' title='bbox 1480 4056 1608 4123; x_wconf 90' lang='lat' dir='ltr'><strong>ruit,</strong></span> 
     </span>
    </p>
   </div>
   <div class='ocr_carea' id='block_1_73' title="bbox 92 4147 1611 4221">
    <p class='ocr_par' dir='ltr' id='par_1_73' title="bbox 92 4147 1611 4221">
     <span class='ocr_line' id='line_1_73' title="bbox 92 4147 1611 4221; baseline 0.005 -28"><span class='ocrx_word' id='word_1_544' title='bbox 92 4155 135 4195; x_wconf 77' lang='lat' dir='ltr'><strong>ac</strong></span> <span class='ocrx_word' id='word_1_545' title='bbox 157 4159 321 4216; x_wconf 85' lang='lat' dir='ltr'><strong>sopore</strong></span> <span class='ocrx_word' id='word_1_546' title='bbox 369 4153 601 4221; x_wconf 85' lang='lat' dir='ltr'><strong>vinoque</strong></span> <span class='ocrx_word' id='word_1_547' title='bbox 632 4162 920 4218; x_wconf 74' lang='lat' dir='ltr'><strong>Oppressus</strong></span> <span class='ocrx_word' id='word_1_548' title='bbox 969 4147 1309 4202; x_wconf 83' lang='lat' dir='ltr'><strong>obdormivit.</strong></span> <span class='ocrx_word' id='word_1_549' title='bbox 1342 4147 1449 4201; x_wconf 85' lang='lat' dir='ltr'><strong>Nos</strong></span> <span class='ocrx_word' id='word_1_550' title='bbox 1483 4162 1611 4201; x_wconf 90' lang='lat' dir='ltr'><strong>vero</strong></span> 
     </span>
    </p>
   </div>
   <div class='ocr_carea' id='block_1_74' title="bbox 92 4236 1613 4313">
    <p class='ocr_par' dir='ltr' id='par_1_74' title="bbox 92 4236 1613 4313">
     <span class='ocr_line' id='line_1_74' title="bbox 92 4236 1613 4313; baseline 0.005 -26"><span class='ocrx_word' id='word_1_551' title='bbox 92 4236 219 4306; x_wconf 82' lang='lat' dir='ltr'><strong>ignari</strong></span> <span class='ocrx_word' id='word_1_552' title='bbox 239 4244 374 4313; x_wconf 80' lang='lat' dir='ltr'><strong>facti,</strong></span> <span class='ocrx_word' id='word_1_553' title='bbox 401 4245 579 4302; x_wconf 89' lang='lat' dir='ltr'><strong>media</strong></span> <span class='ocrx_word' id='word_1_554' title='bbox 608 4251 884 4312; x_wconf 82' lang='lat' dir='ltr'><strong>surgentes</strong></span> <span class='ocrx_word' id='word_1_555' title='bbox 913 4250 1070 4295; x_wconf 88' lang='lat' dir='ltr'><strong>nocte</strong></span> <span class='ocrx_word' id='word_1_556' title='bbox 1091 4242 1155 4294; x_wconf 88' lang='lat' dir='ltr'><strong>ad</strong></span> <span class='ocrx_word' id='word_1_557' title='bbox 1186 4241 1483 4295; x_wconf 81' lang='lat' dir='ltr'><strong>reddendas</strong></span> <span class='ocrx_word' id='word_1_558' title='bbox 1506 4239 1613 4294; x_wconf 87' lang='lat' dir='ltr'><strong>Do-</strong></span> 
     </span>
    </p>
   </div>
   <div class='ocr_carea' id='block_1_75' title="bbox 92 4331 1609 4404">
    <p class='ocr_par' dir='ltr' id='par_1_75' title="bbox 92 4331 1609 4404">
     <span class='ocr_line' id='line_1_75' title="bbox 92 4331 1609 4404; baseline 0.005 -25"><span class='ocrx_word' id='word_1_559' title='bbox 92 4331 204 4385; x_wconf 88' lang='lat' dir='ltr'><strong>mino</strong></span> <span class='ocrx_word' id='word_1_560' title='bbox 236 4337 442 4404; x_wconf 71' lang='lat' dir='ltr'><strong>gratias,</strong></span> <span class='ocrx_word' id='word_1_561' title='bbox 499 4335 803 4391; x_wconf 85' lang='lat' dir='ltr'><strong>invenimus</strong></span> <span class='ocrx_word' id='word_1_562' title='bbox 834 4348 956 4388; x_wconf 91' lang='lat' dir='ltr'><strong>eum</strong></span> <span class='ocrx_word' id='word_1_563' title='bbox 985 4332 1335 4386; x_wconf 87' lang='lat' dir='ltr'><strong>dormientem</strong></span> <span class='ocrx_word' id='word_1_564' title='bbox 1363 4350 1376 4383; x_wconf 89' lang='lat'><strong>:</strong></span> <span class='ocrx_word' id='word_1_565' title='bbox 1409 4334 1477 4387; x_wconf 89' lang='lat' dir='ltr'><strong>de</strong></span> <span class='ocrx_word' id='word_1_566' title='bbox 1505 4348 1609 4401; x_wconf 92' lang='lat' dir='ltr'><strong>quo</strong></span> 
     </span>
    </p>
   </div>
   <div class='ocr_carea' id='block_1_76' title="bbox 94 4426 1606 4503">
    <p class='ocr_par' dir='ltr' id='par_1_76' title="bbox 94 4426 1606 4503">
     <span class='ocr_line' id='line_1_76' title="bbox 94 4426 1606 4503; baseline 0.004 -32"><span class='ocrx_word' id='word_1_567' title='bbox 94 4428 228 4480; x_wconf 81' lang='lat' dir='ltr'><strong>tantus</strong></span> <span class='ocrx_word' id='word_1_568' title='bbox 264 4427 411 4485; x_wconf 78' lang='lat' dir='ltr'><strong>ltetor</strong></span> <span class='ocrx_word' id='word_1_569' title='bbox 441 4431 550 4503; x_wconf 81' lang='grc' dir='ltr'><strong>[Αι.</strong></span> <span class='ocrx_word' id='word_1_570' title='bbox 578 4428 779 4499; x_wconf 64' lang='lat' dir='ltr'><strong>patior]</strong></span> <span class='ocrx_word' id='word_1_571' title='bbox 805 4426 1213 4497; x_wconf 83' lang='lat' dir='ltr'><strong>egrediebatur,</strong></span> <span class='ocrx_word' id='word_1_572' title='bbox 1265 4434 1324 4479; x_wconf 92' lang='lat' dir='ltr'><strong>ut</strong></span> <span class='ocrx_word' id='word_1_573' title='bbox 1371 4427 1606 4479; x_wconf 92' lang='lat' dir='ltr'><strong>omnium</strong></span> 
     </span>
    </p>
   </div>
   <div class='ocr_carea' id='block_1_77' title="bbox 1712 3208 3286 3271">
    <p class='ocr_par' dir='ltr' id='par_1_77' title="bbox 1712 3208 3286 3271">
     <span class='ocr_line' id='line_1_77' title="bbox 1712 3208 3286 3271; baseline -0.003 -4"><span class='ocrx_word' id='word_1_574' title='bbox 1712 3215 1825 3269; x_wconf 86' lang='lat' dir='ltr'><strong>veri</strong></span> <span class='ocrx_word' id='word_1_575' title='bbox 1859 3223 1906 3265; x_wconf 73' lang='grc' dir='ltr'>Β.</span> <span class='ocrx_word' id='word_1_576' title='bbox 1936 3213 2028 3267; x_wconf 88' lang='lat' dir='ltr'><strong>llle</strong></span> <span class='ocrx_word' id='word_1_577' title='bbox 2068 3226 2196 3266; x_wconf 88' lang='lat' dir='ltr'><strong>vero</strong></span> <span class='ocrx_word' id='word_1_578' title='bbox 2227 3210 2315 3264; x_wconf 92' lang='lat' dir='ltr'><strong>ubi</strong></span> <span class='ocrx_word' id='word_1_579' title='bbox 2365 3225 2423 3264; x_wconf 87' lang='lat' dir='ltr'><strong>se</strong></span> <span class='ocrx_word' id='word_1_580' title='bbox 2453 3217 2715 3264; x_wconf 89' lang='lat' dir='ltr'><strong>remotum</strong></span> <span class='ocrx_word' id='word_1_581' title='bbox 2772 3209 2839 3262; x_wconf 90' lang='lat' dir='ltr'><strong>de</strong></span> <span class='ocrx_word' id='word_1_582' title='bbox 2870 3211 2951 3263; x_wconf 92' lang='lat' dir='ltr'><strong>his</strong></span> <span class='ocrx_word' id='word_1_583' title='bbox 2995 3208 3182 3271; x_wconf 65' lang='lat' dir='ltr'><strong>svn~it,</strong></span> <span class='ocrx_word' id='word_1_584' title='bbox 3215 3208 3286 3263; x_wconf 88' lang='lat' dir='ltr'><strong>ad</strong></span> 
     </span>
    </p>
   </div>
   <div class='ocr_carea' id='block_1_78' title="bbox 1710 3299 3285 3373">
    <p class='ocr_par' dir='ltr' id='par_1_78' title="bbox 1710 3299 3285 3373">
     <span class='ocr_line' id='line_1_78' title="bbox 1710 3299 3285 3373; baseline -0.003 -14"><span class='ocrx_word' id='word_1_585' title='bbox 1710 3304 1949 3359; x_wconf 89' lang='lat' dir='ltr'><strong>civitates</strong></span> <span class='ocrx_word' id='word_1_586' title='bbox 1970 3302 2211 3373; x_wconf 90' lang='lat' dir='ltr'><strong>superius</strong></span> <span class='ocrx_word' id='word_1_587' title='bbox 2234 3310 2555 3355; x_wconf 90' lang='lat' dir='ltr'><strong>memoratas</strong></span> <span class='ocrx_word' id='word_1_588' title='bbox 2602 3309 2880 3369; x_wconf 88' lang='lat' dir='ltr'><strong>properat;</strong></span> <span class='ocrx_word' id='word_1_589' title='bbox 2927 3299 3020 3354; x_wconf 90' lang='lat' dir='ltr'><strong>sed</strong></span> <span class='ocrx_word' id='word_1_590' title='bbox 3076 3299 3201 3353; x_wconf 91' lang='lat' dir='ltr'><strong>dum</strong></span> <span class='ocrx_word' id='word_1_591' title='bbox 3232 3300 3285 3355; x_wconf 90' lang='lat' dir='ltr'><strong>in</strong></span> 
     </span>
    </p>
   </div>
   <div class='ocr_carea' id='block_1_79' title="bbox 1712 3392 3287 3462">
    <p class='ocr_par' dir='ltr' id='par_1_79' title="bbox 1712 3392 3287 3462">
     <span class='ocr_line' id='line_1_79' title="bbox 1712 3392 3287 3462; baseline -0.005 -9"><span class='ocrx_word' id='word_1_592' title='bbox 1712 3399 1817 3454; x_wconf 90' lang='lat' dir='ltr'><strong>illis</strong></span> <span class='ocrx_word' id='word_1_593' title='bbox 1849 3404 2300 3462; x_wconf 90' lang='lat' dir='ltr'><strong>commoraretur,</strong></span> <span class='ocrx_word' id='word_1_594' title='bbox 2324 3393 2628 3448; x_wconf 89' lang='lat' dir='ltr'><strong>mandatum</strong></span> <span class='ocrx_word' id='word_1_595' title='bbox 2648 3393 2884 3461; x_wconf 90' lang='lat' dir='ltr'><strong>accepit,</strong></span> <span class='ocrx_word' id='word_1_596' title='bbox 2917 3401 2971 3446; x_wconf 93' lang='lat' dir='ltr'><strong>ut</strong></span> <span class='ocrx_word' id='word_1_597' title='bbox 2996 3406 3054 3446; x_wconf 90' lang='lat' dir='ltr'><strong>se</strong></span> <span class='ocrx_word' id='word_1_598' title='bbox 3080 3392 3148 3446; x_wconf 85' lang='lat' dir='ltr'><strong>ab</strong></span> <span class='ocrx_word' id='word_1_599' title='bbox 3175 3392 3287 3446; x_wconf 88' lang='lat' dir='ltr'><strong>eis-</strong></span> 
     </span>
    </p>
   </div>
   <div class='ocr_carea' id='block_1_80' title="bbox 1712 3484 3285 3561">
    <p class='ocr_par' dir='ltr' id='par_1_80' title="bbox 1712 3484 3285 3561">
     <span class='ocr_line' id='line_1_80' title="bbox 1712 3484 3285 3561; baseline -0.003 -16"><span class='ocrx_word' id='word_1_600' title='bbox 1712 3491 1832 3546; x_wconf 92' lang='lat' dir='ltr'><strong>dem</strong></span> <span class='ocrx_word' id='word_1_601' title='bbox 1859 3499 2174 3555; x_wconf 91' lang='lat' dir='ltr'><strong>removeret,</strong></span> <span class='ocrx_word' id='word_1_602' title='bbox 2205 3496 2267 3557; x_wconf 87' lang='lat' dir='ltr'><strong>et</strong></span> <span class='ocrx_word' id='word_1_603' title='bbox 2292 3486 2371 3541; x_wconf 90' lang='lat' dir='ltr'><strong>sic</strong></span> <span class='ocrx_word' id='word_1_604' title='bbox 2392 3496 2609 3555; x_wconf 87' lang='lat' dir='ltr'><strong>accepto</strong></span> <span class='ocrx_word' id='word_1_605' title='bbox 2638 3486 2767 3561; x_wconf 85' lang='lat' dir='ltr'><strong>otio,</strong></span> <span class='ocrx_word' id='word_1_606' title='bbox 2799 3484 2863 3539; x_wconf 89' lang='lat' dir='ltr'><strong>ad</strong></span> <span class='ocrx_word' id='word_1_607' title='bbox 2894 3485 3107 3538; x_wconf 87' lang='lat' dir='ltr'><strong>domum</strong></span> <span class='ocrx_word' id='word_1_608' title='bbox 3135 3499 3285 3540; x_wconf 85' lang='lat' dir='ltr'><strong>suam</strong></span> 
     </span>
    </p>
   </div>
   <div class='ocr_carea' id='block_1_81' title="bbox 1714 3576 3289 3651">
    <p class='ocr_par' dir='ltr' id='par_1_81' title="bbox 1714 3576 3289 3651">
     <span class='ocr_line' id='line_1_81' title="bbox 1714 3576 3289 3651; baseline -0.004 -13"><span class='ocrx_word' id='word_1_609' title='bbox 1714 3597 1978 3647; x_wconf 87' lang='lat' dir='ltr'><strong>reversus,</strong></span> <span class='ocrx_word' id='word_1_610' title='bbox 1996 3581 2189 3651; x_wconf 79' lang='lat' dir='ltr'><strong>privati</strong></span> <span class='ocrx_word' id='word_1_611' title='bbox 2220 3579 2397 3645; x_wconf 83' lang='lat' dir='ltr'><strong>Operis</strong></span> <span class='ocrx_word' id='word_1_612' title='bbox 2447 3594 2627 3632; x_wconf 90' lang='lat' dir='ltr'><strong>curam</strong></span> <span class='ocrx_word' id='word_1_613' title='bbox 2675 3577 2829 3647; x_wconf 90' lang='lat' dir='ltr'><strong>gerit.</strong></span> <span class='ocrx_word' id='word_1_614' title='bbox 2865 3576 3132 3632; x_wconf 83' lang='lat' dir='ltr'><strong>Vascones</strong></span> <span class='ocrx_word' id='word_1_615' title='bbox 3161 3592 3289 3633; x_wconf 88' lang='lat' dir='ltr'><strong>vero</strong></span> 
     </span>
    </p>
   </div>
   <div class='ocr_carea' id='block_1_82' title="bbox 1713 3666 3284 3741">
    <p class='ocr_par' dir='ltr' id='par_1_82' title="bbox 1713 3666 3284 3741">
     <span class='ocr_line' id='line_1_82' title="bbox 1713 3666 3284 3741; baseline -0.005 -11"><span class='ocrx_word' id='word_1_616' title='bbox 1713 3677 1781 3730; x_wconf 92' lang='lat' dir='ltr'><strong>de</strong></span> <span class='ocrx_word' id='word_1_617' title='bbox 1818 3675 2084 3728; x_wconf 89' lang='lat' dir='ltr'><strong>montibus</strong></span> <span class='ocrx_word' id='word_1_618' title='bbox 2127 3680 2532 3741; x_wconf 89' lang='lat' dir='ltr'><strong>prorumpentes</strong></span> <span class='ocrx_word' id='word_1_619' title='bbox 2565 3666 2588 3704; x_wconf 74' lang='grc' dir='ltr'>ιι</span> <span class='ocrx_word' id='word_1_620' title='bbox 2628 3668 2680 3722; x_wconf 93' lang='lat' dir='ltr'><strong>in</strong></span> <span class='ocrx_word' id='word_1_621' title='bbox 2730 3670 2883 3738; x_wconf 90' lang='lat' dir='ltr'><strong>plana</strong></span> <span class='ocrx_word' id='word_1_622' title='bbox 2933 3667 3284 3733; x_wconf 90' lang='lat' dir='ltr'><strong>descendunt,</strong></span> 
     </span>
    </p>
   </div>
   <div class='ocr_carea' id='block_1_83' title="bbox 1714 3758 3288 3835">
    <p class='ocr_par' dir='ltr' id='par_1_83' title="bbox 1714 3758 3288 3835">
     <span class='ocr_line' id='line_1_83' title="bbox 1714 3758 3288 3835; baseline -0.005 -15"><span class='ocrx_word' id='word_1_623' title='bbox 1714 3768 1918 3832; x_wconf 90' lang='lat' dir='ltr'><strong>vineas,</strong></span> <span class='ocrx_word' id='word_1_624' title='bbox 1950 3777 2211 3833; x_wconf 85' lang='lat' dir='ltr'><strong>agrosque</strong></span> <span class='ocrx_word' id='word_1_625' title='bbox 2251 3762 2667 3835; x_wconf 88' lang='lat' dir='ltr'><strong>depopulantes,</strong></span> <span class='ocrx_word' id='word_1_626' title='bbox 2696 3759 2884 3813; x_wconf 90' lang='lat' dir='ltr'><strong>domos</strong></span> <span class='ocrx_word' id='word_1_627' title='bbox 2905 3758 3175 3814; x_wconf 89' lang='lat' dir='ltr'><strong>tradentes</strong></span> <span class='ocrx_word' id='word_1_628' title='bbox 3203 3759 3288 3813; x_wconf 89' lang='lat' dir='ltr'><strong>iu-</strong></span> 
     </span>
    </p>
   </div>
   <div class='ocr_carea' id='block_1_84' title="bbox 1713 3852 3285 3922">
    <p class='ocr_par' dir='ltr' id='par_1_84' title="bbox 1713 3852 3285 3922">
     <span class='ocr_line' id='line_1_84' title="bbox 1713 3852 3285 3922; baseline -0.006 -9"><span class='ocrx_word' id='word_1_629' title='bbox 1713 3857 1922 3922; x_wconf 88' lang='lat' dir='ltr'><strong>ceudio,</strong></span> <span class='ocrx_word' id='word_1_630' title='bbox 1943 3854 2223 3909; x_wconf 92' lang='lat' dir='ltr'><strong>nonnullos</strong></span> <span class='ocrx_word' id='word_1_631' title='bbox 2242 3852 2564 3907; x_wconf 86' lang='lat' dir='ltr'><strong>abducentes</strong></span> <span class='ocrx_word' id='word_1_632' title='bbox 2580 3852 2816 3919; x_wconf 87' lang='lat' dir='ltr'><strong>captivos</strong></span> <span class='ocrx_word' id='word_1_633' title='bbox 2837 3865 2957 3904; x_wconf 91' lang='lat' dir='ltr'><strong>cum</strong></span> <span class='ocrx_word' id='word_1_634' title='bbox 2985 3852 3285 3919; x_wconf 87' lang='lat' dir='ltr'><strong>pecoribus,</strong></span> 
     </span>
    </p>
   </div>
   <div class='ocr_carea' id='block_1_85' title="bbox 1714 3942 3286 4018">
    <p class='ocr_par' dir='ltr' id='par_1_85' title="bbox 1714 3942 3286 4018">
     <span class='ocr_line' id='line_1_85' title="bbox 1714 3942 3286 4018; baseline -0.005 -13"><span class='ocrx_word' id='word_1_635' title='bbox 1714 3958 1895 4005; x_wconf 86' lang='lat' dir='ltr'><strong>contra</strong></span> <span class='ocrx_word' id='word_1_636' title='bbox 1926 3961 2058 4018; x_wconf 91' lang='lat' dir='ltr'><strong>quos</strong></span> <span class='ocrx_word' id='word_1_637' title='bbox 2079 3948 2273 4011; x_wconf 69' lang='lat' dir='ltr'><strong>arei-ius</strong></span> <span class='ocrx_word' id='word_1_638' title='bbox 2300 3942 2682 3997; x_wconf 72' lang='lat' dir='ltr'><strong>Austroualdus</strong></span> <span class='ocrx_word' id='word_1_639' title='bbox 2702 3942 2805 3995; x_wconf 80' lang='lat' dir='ltr'><strong>dux</strong></span> <span class='ocrx_word' id='word_1_640' title='bbox 2830 3943 3089 4009; x_wconf 85' lang='lat' dir='ltr'><strong>processit</strong></span> <span class='ocrx_word' id='word_1_641' title='bbox 3120 3949 3161 4007; x_wconf 85' lang='grc' dir='ltr'><strong>ι,</strong></span> <span class='ocrx_word' id='word_1_642' title='bbox 3190 3944 3286 3998; x_wconf 86' lang='lat' dir='ltr'><strong>sed</strong></span> 
     </span>
    </p>
   </div>
   <div class='ocr_carea' id='block_1_86' title="bbox 1715 4032 3289 4111">
    <p class='ocr_par' dir='ltr' id='par_1_86' title="bbox 1715 4032 3289 4111">
     <span class='ocr_line' id='line_1_86' title="bbox 1715 4032 3289 4111; baseline -0.005 -15"><span class='ocrx_word' id='word_1_643' title='bbox 1715 4055 1928 4111; x_wconf 85' lang='lat' dir='ltr'><strong>parvam</strong></span> <span class='ocrx_word' id='word_1_644' title='bbox 1952 4037 2209 4093; x_wconf 89' lang='lat' dir='ltr'><strong>ultionem</strong></span> <span class='ocrx_word' id='word_1_645' title='bbox 2234 4037 2410 4104; x_wconf 84' lang='lat' dir='ltr'><strong>exegit</strong></span> <span class='ocrx_word' id='word_1_646' title='bbox 2438 4033 2545 4105; x_wconf 83' lang='grc' dir='ltr'><strong>[Αι.</strong></span> <span class='ocrx_word' id='word_1_647' title='bbox 2577 4032 2837 4103; x_wconf 82' lang='lat' dir='ltr'><strong>exercuit]</strong></span> <span class='ocrx_word' id='word_1_648' title='bbox 2880 4033 2947 4087; x_wconf 92' lang='lat' dir='ltr'><strong>ab</strong></span> <span class='ocrx_word' id='word_1_649' title='bbox 2972 4034 3072 4088; x_wconf 88' lang='lat' dir='ltr'><strong>eis.</strong></span> <span class='ocrx_word' id='word_1_650' title='bbox 3102 4032 3289 4088; x_wconf 87' lang='lat' dir='ltr'><strong>Gotthi</strong></span> 
     </span>
    </p>
   </div>
   <div class='ocr_carea' id='block_1_87' title="bbox 1713 4124 3286 4201">
    <p class='ocr_par' dir='ltr' id='par_1_87' title="bbox 1713 4124 3286 4201">
     <span class='ocr_line' id='line_1_87' title="bbox 1713 4124 3286 4201; baseline -0.004 -17"><span class='ocrx_word' id='word_1_651' title='bbox 1713 4149 1841 4188; x_wconf 87' lang='lat' dir='ltr'><strong>vero</strong></span> <span class='ocrx_word' id='word_1_652' title='bbox 1868 4138 2084 4201; x_wconf 91' lang='lat' dir='ltr'><strong>pr0pter</strong></span> <span class='ocrx_word' id='word_1_653' title='bbox 2112 4125 2399 4195; x_wconf 90' lang='lat' dir='ltr'><strong>superioris</strong></span> <span class='ocrx_word' id='word_1_654' title='bbox 2428 4124 2552 4178; x_wconf 91' lang='lat' dir='ltr'><strong>anni</strong></span> <span class='ocrx_word' id='word_1_655' title='bbox 2574 4124 3016 4189; x_wconf 89' lang='lat' dir='ltr'><strong>devastationem,</strong></span> <span class='ocrx_word' id='word_1_656' title='bbox 3046 4138 3202 4194; x_wconf 86' lang='lat' dir='ltr'><strong>quam</strong></span> <span class='ocrx_word' id='word_1_657' title='bbox 3233 4124 3286 4179; x_wconf 86' lang='lat' dir='ltr'><strong>in</strong></span> 
     </span>
    </p>
   </div>
   <div class='ocr_carea' id='block_1_88' title="bbox 1713 4215 3287 4297">
    <p class='ocr_par' dir='ltr' id='par_1_88' title="bbox 1713 4215 3287 4297">
     <span class='ocr_line' id='line_1_88' title="bbox 1713 4215 3287 4297; baseline -0.008 -14"><span class='ocrx_word' id='word_1_658' title='bbox 1713 4224 2037 4297; x_wconf 88' lang='lat' dir='ltr'><strong>Septimania</strong></span> <span class='ocrx_word' id='word_1_659' title='bbox 2085 4220 2224 4291; x_wconf 84' lang='lat' dir='ltr'><strong>regis</strong></span> <span class='ocrx_word' id='word_1_660' title='bbox 2278 4217 2663 4273; x_wconf 84' lang='lat' dir='ltr'><strong>Guntchramni</strong></span> <span class='ocrx_word' id='word_1_661' title='bbox 2703 4215 2972 4271; x_wconf 83' lang='lat' dir='ltr'><strong>exercitus</strong></span> <span class='ocrx_word' id='word_1_662' title='bbox 3018 4216 3170 4281; x_wconf 79' lang='lat' dir='ltr'><strong>fecit,</strong></span> <span class='ocrx_word' id='word_1_663' title='bbox 3230 4217 3287 4271; x_wconf 92' lang='lat' dir='ltr'><strong>in</strong></span> 
     </span>
    </p>
   </div>
   <div class='ocr_carea' id='block_1_89' title="bbox 1712 4311 3289 4378">
    <p class='ocr_par' dir='ltr' id='par_1_89' title="bbox 1712 4311 3289 4378">
     <span class='ocr_line' id='line_1_89' title="bbox 1712 4311 3289 4378; baseline -0.006 -4"><span class='ocrx_word' id='word_1_664' title='bbox 1712 4320 2079 4374; x_wconf 87' lang='lat' dir='ltr'><strong>Arelatensem</strong></span> <span class='ocrx_word' id='word_1_665' title='bbox 2140 4311 2471 4368; x_wconf 79' lang='lat' dir='ltr'><strong>Provinciam</strong></span> <span class='ocrx_word' id='word_1_666' title='bbox 2528 4316 2906 4378; x_wconf 88' lang='lat' dir='ltr'><strong>proruperunt,</strong></span> <span class='ocrx_word' id='word_1_667' title='bbox 2962 4316 3289 4378; x_wconf 86' lang='lat' dir='ltr'><strong>egeruntque</strong></span> 
     </span>
    </p>
   </div>
   <div class='ocr_carea' id='block_1_90' title="bbox 1714 4400 3283 4483">
    <p class='ocr_par' dir='ltr' id='par_1_90' title="bbox 1714 4400 3283 4483">
     <span class='ocr_line' id='line_1_90' title="bbox 1714 4400 3283 4483; baseline -0.009 -15"><span class='ocrx_word' id='word_1_668' title='bbox 1714 4412 1942 4483; x_wconf 76' lang='lat' dir='ltr'><strong>prtedas,</strong></span> <span class='ocrx_word' id='word_1_669' title='bbox 1980 4419 2036 4464; x_wconf 89' lang='lat' dir='ltr'><strong>et</strong></span> <span class='ocrx_word' id='word_1_670' title='bbox 2062 4406 2302 4476; x_wconf 87' lang='lat' dir='ltr'><strong>captivos</strong></span> <span class='ocrx_word' id='word_1_671' title='bbox 2339 4403 2674 4462; x_wconf 81' lang='lat' dir='ltr'><strong>abduxerunt</strong></span> <span class='ocrx_word' id='word_1_672' title='bbox 2717 4416 2885 4469; x_wconf 90' lang='lat' dir='ltr'><strong>usque</strong></span> <span class='ocrx_word' id='word_1_673' title='bbox 2909 4401 2976 4456; x_wconf 87' lang='lat' dir='ltr'><strong>ad</strong></span> <span class='ocrx_word' id='word_1_674' title='bbox 3024 4400 3283 4458; x_wconf 83' lang='lat' dir='ltr'><strong>decimum</strong></span> 
     </span>
    </p>
   </div>
   <div class='ocr_carea' id='block_1_91' title="bbox 94 4501 3274 4594">
    <p class='ocr_par' dir='ltr' id='par_1_91' title="bbox 94 4501 3274 4594">
     <span class='ocr_line' id='line_1_91' title="bbox 94 4501 3274 4594; baseline -0.003 -26"><span class='ocrx_word' id='word_1_675' title='bbox 94 4515 337 4577; x_wconf 83' lang='lat' dir='ltr'><strong>cloacarum</strong></span> <span class='ocrx_word' id='word_1_676' title='bbox 358 4501 515 4594; x_wconf 82' lang='lat' dir='ltr'><strong>atque</strong></span> <span class='ocrx_word' id='word_1_677' title='bbox 544 4536 850 4578; x_wconf 80' lang='lat' dir='ltr'><strong>secessuuiu</strong></span> <span class='ocrx_word' id='word_1_678' title='bbox 883 4518 1105 4579; x_wconf 67' lang='lat' dir='ltr'><strong>[datores</strong></span> <span class='ocrx_word' id='word_1_679' title='bbox 1148 4515 1309 4573; x_wconf 64' lang='lat' dir='ltr'><strong>laetor</strong></span> <span class='ocrx_word' id='word_1_680' title='bbox 1337 4518 1426 4574; x_wconf 92' lang='lat' dir='ltr'><strong>ille</strong></span> <span class='ocrx_word' id='word_1_681' title='bbox 1455 4516 1604 4573; x_wconf 87' lang='lat' dir='ltr'><strong>devi-</strong></span> <span class='ocrx_word' id='word_1_682' title='bbox 1634 4514 1687 4575; x_wconf 83' lang='grc' dir='ltr'><strong>ι)</strong></span> <span class='ocrx_word' id='word_1_683' title='bbox 1712 4516 1778 4571; x_wconf 91' lang='lat' dir='ltr'><strong>ab</strong></span> <span class='ocrx_word' id='word_1_684' title='bbox 1794 4515 1923 4569; x_wconf 91' lang='lat' dir='ltr'><strong>urbe</strong></span> <span class='ocrx_word' id='word_1_685' title='bbox 1953 4503 2469 4564; x_wconf 75' lang='lat' dir='ltr'><strong>milliarium.Unum</strong></span> <span class='ocrx_word' id='word_1_686' title='bbox 2496 4503 2655 4559; x_wconf 89' lang='lat' dir='ltr'><strong>etiam</strong></span> <span class='ocrx_word' id='word_1_687' title='bbox 2678 4509 2933 4569; x_wconf 89' lang='lat' dir='ltr'><strong>castrum,</strong></span> <span class='ocrx_word' id='word_1_688' title='bbox 2962 4501 3232 4574; x_wconf 71' lang='lat' dir='ltr'><strong>Ugeruum</strong></span> <span class='ocrx_word' id='word_1_689' title='bbox 3260 4514 3274 4555; x_wconf 86' lang='lat' dir='ltr'><strong>t</strong></span> 
     </span>
    </p>
   </div>
   <div class='ocr_carea' id='block_1_92' title="bbox 148 4683 1447 4760">
    <p class='ocr_par' dir='ltr' id='par_1_92' title="bbox 148 4683 1447 4760">
     <span class='ocr_line' id='line_1_92' title="bbox 148 4683 1447 4760; baseline -0.015 -12"><span class='ocrx_word' id='word_1_690' title='bbox 148 4694 166 4760; x_wconf 78' lang='lat'><strong>_&#39;</strong></span> <span class='ocrx_word' id='word_1_691' title='bbox 197 4686 385 4760; x_wconf 67' lang='lat' dir='ltr'><strong>Regm.,</strong></span> <span class='ocrx_word' id='word_1_692' title='bbox 417 4686 747 4760; x_wconf 74' lang='lat' dir='ltr'><strong>Childeberti.</strong></span> <span class='ocrx_word' id='word_1_693' title='bbox 784 4683 1136 4760; x_wconf 63' lang='lat' dir='ltr'><strong>Uterquerex</strong></span> <span class='ocrx_word' id='word_1_694' title='bbox 1167 4686 1292 4732; x_wconf 90' lang='lat' dir='ltr'><strong>tunc</strong></span> <span class='ocrx_word' id='word_1_695' title='bbox 1312 4685 1447 4760; x_wconf 58' lang='lat' dir='ltr'><strong>erat.</strong></span> 
     </span>
    </p>
   </div>
   <div class='ocr_carea' id='block_1_93' title="bbox 147 4747 1455 4827">
    <p class='ocr_par' dir='ltr' id='par_1_93' title="bbox 147 4747 1455 4827">
     <span class='ocr_line' id='line_1_93' title="bbox 147 4747 1455 4827; baseline -0.008 -17"><span class='ocrx_word' id='word_1_696' title='bbox 147 4754 169 4792; x_wconf 68' lang='grc' dir='ltr'>δ</span> <span class='ocrx_word' id='word_1_697' title='bbox 200 4747 383 4816; x_wconf 60' lang='grc' dir='ltr'><strong>υϐνὴθίί</strong></span> <span class='ocrx_word' id='word_1_698' title='bbox 403 4759 618 4814; x_wconf 87' lang='lat' dir='ltr'><strong>basilica</strong></span> <span class='ocrx_word' id='word_1_699' title='bbox 642 4757 761 4812; x_wconf 85' lang='lat' dir='ltr'><strong>vide</strong></span> <span class='ocrx_word' id='word_1_700' title='bbox 790 4747 951 4823; x_wconf 80' lang='lat' dir='ltr'><strong>supra</strong></span> <span class='ocrx_word' id='word_1_701' title='bbox 982 4752 1072 4805; x_wconf 93' lang='lat' dir='ltr'><strong>lib.</strong></span> <span class='ocrx_word' id='word_1_702' title='bbox 1100 4765 1185 4811; x_wconf 75' lang='lat' dir='ltr'><strong>v1,</strong></span> <span class='ocrx_word' id='word_1_703' title='bbox 1218 4764 1335 4827; x_wconf 64' lang='lat' dir='ltr'><strong>cap.</strong></span> <span class='ocrx_word' id='word_1_704' title='bbox 1371 4747 1455 4827; x_wconf 65' lang='lat' dir='ltr'><strong>l7.</strong></span> 
     </span>
    </p>
   </div>
   <div class='ocr_carea' id='block_1_94' title="bbox 150 4815 1601 4897">
    <p class='ocr_par' dir='ltr' id='par_1_94' title="bbox 150 4815 1601 4897">
     <span class='ocr_line' id='line_1_94' title="bbox 150 4815 1601 4897; baseline -0.01 -13"><span class='ocrx_word' id='word_1_705' title='bbox 150 4836 168 4863; x_wconf 83' lang='grc'><strong><em>⁸</em></strong></span> <span class='ocrx_word' id='word_1_706' title='bbox 192 4815 518 4897; x_wconf 18' lang='grc' dir='ltr'><strong>νυδεετὲθηάθ</strong></span> <span class='ocrx_word' id='word_1_707' title='bbox 549 4829 805 4897; x_wconf 83' lang='lat' dir='ltr'><strong>majorum</strong></span> <span class='ocrx_word' id='word_1_708' title='bbox 829 4815 1132 4897; x_wconf 73' lang='lat' dir='ltr'><strong>nostrorum</strong></span> <span class='ocrx_word' id='word_1_709' title='bbox 1176 4818 1445 4897; x_wconf 64' lang='lat' dir='ltr'><strong>religioiu</strong></span> <span class='ocrx_word' id='word_1_710' title='bbox 1478 4815 1601 4896; x_wconf 71' lang='lat' dir='ltr'><strong>red-</strong></span> 
     </span>
    </p>
   </div>
   <div class='ocr_carea' id='block_1_95' title="bbox 96 4891 1601 4962">
    <p class='ocr_par' dir='ltr' id='par_1_95' title="bbox 96 4891 1601 4962">
     <span class='ocr_line' id='line_1_95' title="bbox 96 4891 1601 4962; baseline -0.003 -18"><span class='ocrx_word' id='word_1_711' title='bbox 96 4891 243 4951; x_wconf 83' lang='lat' dir='ltr'><strong>dendis</strong></span> <span class='ocrx_word' id='word_1_712' title='bbox 272 4902 369 4956; x_wconf 87' lang='lat' dir='ltr'><strong>Deo</strong></span> <span class='ocrx_word' id='word_1_713' title='bbox 398 4891 648 4954; x_wconf 77' lang='lat' dir='ltr'><strong>laudibus</strong></span> <span class='ocrx_word' id='word_1_714' title='bbox 667 4898 879 4962; x_wconf 88' lang='lat' dir='ltr'><strong>debitis,</strong></span> <span class='ocrx_word' id='word_1_715' title='bbox 929 4894 1081 4947; x_wconf 87' lang='lat' dir='ltr'><strong>statis</strong></span> <span class='ocrx_word' id='word_1_716' title='bbox 1113 4892 1287 4955; x_wconf 90' lang='lat' dir='ltr'><strong>horis,</strong></span> <span class='ocrx_word' id='word_1_717' title='bbox 1336 4896 1391 4942; x_wconf 88' lang='lat' dir='ltr'><strong>ut</strong></span> <span class='ocrx_word' id='word_1_718' title='bbox 1440 4891 1601 4941; x_wconf 87' lang='lat' dir='ltr'><strong>etiam</strong></span> 
     </span>
    </p>
   </div>
   <div class='ocr_carea' id='block_1_96' title="bbox 97 4963 1600 5035">
    <p class='ocr_par' dir='ltr' id='par_1_96' title="bbox 97 4963 1600 5035">
     <span class='ocr_line' id='line_1_96' title="bbox 97 4963 1600 5035; baseline -0.014 -5"><span class='ocrx_word' id='word_1_719' title='bbox 97 4969 283 5035; x_wconf 69' lang='grc' dir='ltr'><strong>θνὶιεορί</strong></span> <span class='ocrx_word' id='word_1_720' title='bbox 334 4980 486 5025; x_wconf 87' lang='lat' dir='ltr'><strong>noctu</strong></span> <span class='ocrx_word' id='word_1_721' title='bbox 540 4970 605 5022; x_wconf 83' lang='lat' dir='ltr'><strong>ad</strong></span> <span class='ocrx_word' id='word_1_722' title='bbox 656 4965 1075 5035; x_wconf 11' lang='lat' dir='ltr'><strong>persolvendumg</strong></span> <span class='ocrx_word' id='word_1_723' title='bbox 1115 4963 1327 5035; x_wconf 81' lang='lat' dir='ltr'><strong>solitum</strong></span> <span class='ocrx_word' id='word_1_724' title='bbox 1359 4972 1600 5035; x_wconf 70' lang='lat' dir='ltr'><strong>pensum</strong></span> 
     </span>
    </p>
   </div>
   <div class='ocr_carea' id='block_1_97' title="bbox 98 5028 1604 5111">
    <p class='ocr_par' dir='ltr' id='par_1_97' title="bbox 98 5028 1604 5111">
     <span class='ocr_line' id='line_1_97' title="bbox 98 5028 1604 5111; baseline -0.01 -15"><span class='ocrx_word' id='word_1_725' title='bbox 98 5028 342 5111; x_wconf 42' lang='lat' dir='ltr'><strong>sumerent.</strong></span> <span class='ocrx_word' id='word_1_726' title='bbox 371 5043 594 5098; x_wconf 84' lang='lat' dir='ltr'><strong>Sanctus</strong></span> <span class='ocrx_word' id='word_1_727' title='bbox 626 5028 919 5111; x_wconf 75' lang='lat' dir='ltr'><strong>Germanus</strong></span> <span class='ocrx_word' id='word_1_728' title='bbox 960 5033 1135 5111; x_wconf 68' lang='lat' dir='ltr'><strong>Paris.</strong></span> <span class='ocrx_word' id='word_1_729' title='bbox 1160 5032 1323 5111; x_wconf 46' lang='lat' dir='ltr'><strong>epist&#39;.</strong></span> <span class='ocrx_word' id='word_1_730' title='bbox 1358 5031 1411 5084; x_wconf 91' lang='lat' dir='ltr'><strong>in</strong></span> <span class='ocrx_word' id='word_1_731' title='bbox 1446 5028 1604 5111; x_wconf 84' lang='lat' dir='ltr'><strong>itine-</strong></span> 
     </span>
    </p>
   </div>
   <div class='ocr_carea' id='block_1_98' title="bbox 99 5104 1601 5179">
    <p class='ocr_par' dir='ltr' id='par_1_98' title="bbox 99 5104 1601 5179">
     <span class='ocr_line' id='line_1_98' title="bbox 99 5104 1601 5179; baseline -0.003 -25"><span class='ocrx_word' id='word_1_732' title='bbox 99 5104 212 5165; x_wconf 79' lang='lat' dir='ltr'><strong>ribtis</strong></span> <span class='ocrx_word' id='word_1_733' title='bbox 249 5114 407 5179; x_wconf 83' lang='lat' dir='ltr'><strong>capite</strong></span> <span class='ocrx_word' id='word_1_734' title='bbox 460 5112 600 5164; x_wconf 91' lang='lat' dir='ltr'><strong>nudo</strong></span> <span class='ocrx_word' id='word_1_735' title='bbox 635 5151 650 5173; x_wconf 91' lang='lat'><strong>,</strong></span> <span class='ocrx_word' id='word_1_736' title='bbox 696 5110 795 5162; x_wconf 90' lang='lat' dir='ltr'><strong>etsi</strong></span> <span class='ocrx_word' id='word_1_737' title='bbox 848 5108 937 5159; x_wconf 81' lang='lat' dir='ltr'><strong>nix</strong></span> <span class='ocrx_word' id='word_1_738' title='bbox 986 5104 1301 5179; x_wconf 83' lang='lat' dir='ltr'><strong>aut_imber_</strong></span> <span class='ocrx_word' id='word_1_739' title='bbox 1342 5107 1601 5179; x_wconf 80' lang='lat' dir='ltr'><strong>urgeret,</strong></span> 
     </span>
    </p>
   </div>
   <div class='ocr_carea' id='block_1_99' title="bbox 99 5172 1606 5244">
    <p class='ocr_par' dir='ltr' id='par_1_99' title="bbox 99 5172 1606 5244">
     <span class='ocr_line' id='line_1_99' title="bbox 99 5172 1606 5244; baseline -0.003 -13"><span class='ocrx_word' id='word_1_740' title='bbox 99 5189 262 5244; x_wconf 56' lang='lat' dir='ltr'><strong>furtum</strong></span> <span class='ocrx_word' id='word_1_741' title='bbox 304 5172 491 5236; x_wconf 70' lang='lat' dir='ltr'><strong>dicebat</strong></span> <span class='ocrx_word' id='word_1_742' title='bbox 522 5221 536 5244; x_wconf 93' lang='lat'><strong>,</strong></span> <span class='ocrx_word' id='word_1_743' title='bbox 591 5172 657 5234; x_wconf 77' lang='lat' dir='ltr'><strong>ex</strong></span> <span class='ocrx_word' id='word_1_744' title='bbox 706 5180 1011 5233; x_wconf 82' lang='lat' dir='ltr'><strong>Fortunato.</strong></span> <span class='ocrx_word' id='word_1_745' title='bbox 1072 5174 1226 5244; x_wconf 79' lang='lat' dir='ltr'><strong>Plura</strong></span> <span class='ocrx_word' id='word_1_746' title='bbox 1272 5172 1346 5244; x_wconf 73' lang='lat' dir='ltr'><strong>de</strong></span> <span class='ocrx_word' id='word_1_747' title='bbox 1392 5173 1494 5244; x_wconf 71' lang='lat' dir='ltr'><strong>hac</strong></span> <span class='ocrx_word' id='word_1_748' title='bbox 1546 5184 1606 5222; x_wconf 83' lang='lat' dir='ltr'><strong>re</strong></span> 
     </span>
    </p>
   </div>
   <div class='ocr_carea' id='block_1_100' title="bbox 102 5239 1606 5382">
    <p class='ocr_par' dir='ltr' id='par_1_100' title="bbox 102 5239 1606 5382">
     <span class='ocr_line' id='line_1_100' title="bbox 102 5239 1606 5382; baseline -0.015 -71"><span class='ocrx_word' id='word_1_749' title='bbox 102 5242 381 5382; x_wconf 37' lang='lat' dir='ltr'><strong>zlgtillonius</strong></span> <span class='ocrx_word' id='word_1_750' title='bbox 409 5239 566 5307; x_wconf 77' lang='lat' dir='ltr'><strong>habet</strong></span> <span class='ocrx_word' id='word_1_751' title='bbox 602 5252 655 5305; x_wconf 87' lang='lat' dir='ltr'><strong>in</strong></span> <span class='ocrx_word' id='word_1_752' title='bbox 686 5248 958 5320; x_wconf 87' lang='lat' dir='ltr'><strong>Disquisit.</strong></span> <span class='ocrx_word' id='word_1_753' title='bbox 1006 5244 1072 5301; x_wconf 90' lang='lat' dir='ltr'><strong>de</strong></span> <span class='ocrx_word' id='word_1_754' title='bbox 1092 5242 1261 5299; x_wconf 90' lang='lat' dir='ltr'><strong>Cursu</strong></span> <span class='ocrx_word' id='word_1_755' title='bbox 1310 5239 1606 5304; x_wconf 81' lang='lat' dir='ltr'><strong>Gallicana,</strong></span> 
     </span>
    </p>
   </div>
   <div class='ocr_carea' id='block_1_101' title="bbox 140 5382 1607 5465">
    <p class='ocr_par' dir='ltr' id='par_1_101' title="bbox 140 5382 1607 5465">
     <span class='ocr_line' id='line_1_101' title="bbox 140 5382 1607 5465; baseline -0.006 -22"><span class='ocrx_word' id='word_1_756' title='bbox 140 5387 177 5465; x_wconf 59' lang='lat' dir='ltr'><strong>fl</strong></span> <span class='ocrx_word' id='word_1_757' title='bbox 200 5390 338 5448; x_wconf 77' lang='lat' dir='ltr'><strong>Varie</strong></span> <span class='ocrx_word' id='word_1_758' title='bbox 363 5395 495 5458; x_wconf 86' lang='lat' dir='ltr'><strong>apud</strong></span> <span class='ocrx_word' id='word_1_759' title='bbox 538 5393 711 5465; x_wconf 88' lang='lat' dir='ltr'><strong>varios</strong></span> <span class='ocrx_word' id='word_1_760' title='bbox 745 5388 997 5465; x_wconf 73' lang='lat' dir='ltr'><strong>scribitur</strong></span> <span class='ocrx_word' id='word_1_761' title='bbox 1028 5382 1368 5465; x_wconf 63' lang='lat' dir='ltr'><strong>hiiius__cast_ri</strong></span> <span class='ocrx_word' id='word_1_762' title='bbox 1392 5394 1607 5465; x_wconf 67' lang='lat' dir='ltr'><strong>nomen.</strong></span> 
     </span>
    </p>
   </div>
   <div class='ocr_carea' id='block_1_102' title="bbox 106 5450 1614 5531">
    <p class='ocr_par' dir='ltr' id='par_1_102' title="bbox 106 5450 1614 5531">
     <span class='ocr_line' id='line_1_102' title="bbox 106 5450 1614 5531; baseline -0.009 -14"><span class='ocrx_word' id='word_1_763' title='bbox 106 5452 369 5519; x_wconf 70' lang='lat' dir='ltr'><strong>Bi2errones</strong></span> <span class='ocrx_word' id='word_1_764' title='bbox 396 5450 624 5531; x_wconf 79' lang='lat' dir='ltr'><strong>appellat</strong></span> <span class='ocrx_word' id='word_1_765' title='bbox 648 5464 829 5531; x_wconf 58' lang='grc' dir='ltr'><strong>(ἐπεῖδε</strong></span> <span class='ocrx_word' id='word_1_766' title='bbox 852 5460 986 5512; x_wconf 91' lang='lat' dir='ltr'><strong>libro</strong></span> <span class='ocrx_word' id='word_1_767' title='bbox 1002 5450 1444 5531; x_wconf 28' lang='lat' dir='ltr'><strong>mul&#39;ielliuGa‘llici.</strong></span> <span class='ocrx_word' id='word_1_768' title='bbox 1478 5450 1614 5531; x_wconf 85' lang='lat' dir='ltr'><strong>U_rbs</strong></span> 
     </span>
    </p>
   </div>
   <div class='ocr_carea' id='block_1_103' title="bbox 106 5522 1614 5601">
    <p class='ocr_par' dir='ltr' id='par_1_103' title="bbox 106 5522 1614 5601">
     <span class='ocr_line' id='line_1_103' title="bbox 106 5522 1614 5601; baseline -0.008 -15"><span class='ocrx_word' id='word_1_769' title='bbox 106 5531 241 5601; x_wconf 55' lang='lat' dir='ltr'><strong>ﬁctili}</strong></span> <span class='ocrx_word' id='word_1_770' title='bbox 266 5546 411 5601; x_wconf 90' lang='lat' dir='ltr'><strong>caput</strong></span> <span class='ocrx_word' id='word_1_771' title='bbox 428 5522 621 5601; x_wconf 65' lang='lat' dir='ltr'><strong>Turba,</strong></span> <span class='ocrx_word' id='word_1_772' title='bbox 650 5547 745 5586; x_wconf 89' lang='lat' dir='ltr'><strong>seu</strong></span> <span class='ocrx_word' id='word_1_773' title='bbox 788 5530 1003 5601; x_wconf 74' lang='lat' dir='ltr'><strong>Travia,</strong></span> <span class='ocrx_word' id='word_1_774' title='bbox 1033 5527 1156 5601; x_wconf 85' lang='lat' dir='ltr'><strong>olim</strong></span> <span class='ocrx_word' id='word_1_775' title='bbox 1177 5524 1482 5601; x_wconf 70' lang='lat' dir='ltr'><strong>_dicd_)atur,</strong></span> <span class='ocrx_word' id='word_1_776' title='bbox 1512 5522 1614 5601; x_wconf 46' lang='lat' dir='ltr'><strong>hoc.</strong></span> 
     </span>
    </p>
   </div>
   <div class='ocr_carea' id='block_1_104' title="bbox 107 5590 1615 5666">
    <p class='ocr_par' dir='ltr' id='par_1_104' title="bbox 107 5590 1615 5666">
     <span class='ocr_line' id='line_1_104' title="bbox 107 5590 1615 5666; baseline -0.006 -14"><span class='ocrx_word' id='word_1_777' title='bbox 107 5595 176 5649; x_wconf 57' lang='lat' dir='ltr'><strong>die</strong></span> <span class='ocrx_word' id='word_1_778' title='bbox 198 5590 377 5657; x_wconf 60' lang='lat' dir='ltr'><strong>Tarae}.</strong></span> <span class='ocrx_word' id='word_1_779' title='bbox 419 5607 472 5658; x_wconf 92' lang='lat' dir='ltr'><strong>ln</strong></span> <span class='ocrx_word' id='word_1_780' title='bbox 515 5590 780 5658; x_wconf 77' lang='lat' dir='ltr'><strong>veteribus</strong></span> <span class='ocrx_word' id='word_1_781' title='bbox 830 5590 1063 5666; x_wconf 85' lang='lat' dir='ltr'><strong>Notitiis,</strong></span> <span class='ocrx_word' id='word_1_782' title='bbox 1092 5596 1267 5649; x_wconf 79' lang='lat' dir='ltr'><strong>ciuitas</strong></span> <span class='ocrx_word' id='word_1_783' title='bbox 1307 5592 1496 5666; x_wconf 66' lang='lat' dir='ltr'><strong>Turba,</strong></span> <span class='ocrx_word' id='word_1_784' title='bbox 1528 5590 1615 5644; x_wconf 82' lang='lat' dir='ltr'><strong>ubi</strong></span> 
     </span>
    </p>
   </div>
   <div class='ocr_carea' id='block_1_105' title="bbox 106 5662 1618 5746">
    <p class='ocr_par' dir='ltr' id='par_1_105' title="bbox 106 5662 1618 5746">
     <span class='ocr_line' id='line_1_105' title="bbox 106 5662 1618 5746; baseline -0.001 -28"><span class='ocrx_word' id='word_1_785' title='bbox 106 5680 283 5746; x_wconf 67' lang='lat' dir='ltr'><strong>matrum</strong></span> <span class='ocrx_word' id='word_1_786' title='bbox 302 5673 549 5746; x_wconf 17' lang='lat' dir='ltr'><strong>ABt&#39;gorra,</strong></span> <span class='ocrx_word' id='word_1_787' title='bbox 579 5676 838 5729; x_wconf 89' lang='lat' dir='ltr'><strong>decimum</strong></span> <span class='ocrx_word' id='word_1_788' title='bbox 855 5662 1063 5746; x_wconf 82' lang='lat' dir='ltr'><strong>obtinet</strong></span> <span class='ocrx_word' id='word_1_789' title='bbox 1090 5669 1267 5746; x_wconf 67' lang='lat' dir='ltr'><strong>locum</strong></span> <span class='ocrx_word' id='word_1_790' title='bbox 1390 5662 1618 5746; x_wconf 48' lang='lat' dir='ltr'><strong>Diovem-</strong></span> 
     </span>
    </p>
   </div>
   <div class='ocr_carea' id='block_1_106' title="bbox 112 5734 1616 5813">
    <p class='ocr_par' dir='ltr' id='par_1_106' title="bbox 112 5734 1616 5813">
     <span class='ocr_line' id='line_1_106' title="bbox 112 5734 1616 5813; baseline -0.014 -7"><span class='ocrx_word' id='word_1_791' title='bbox 112 5734 396 5805; x_wconf 61' lang='lat' dir='ltr'><strong>thulania.&#39;</strong></span> <span class='ocrx_word' id='word_1_792' title='bbox 422 5734 653 5804; x_wconf 77' lang='lat' dir='ltr'><strong>Amelius</strong></span> <span class='ocrx_word' id='word_1_793' title='bbox 708 5742 1022 5813; x_wconf 82' lang='lat' dir='ltr'><strong>subscripsit</strong></span> <span class='ocrx_word' id='word_1_794' title='bbox 1082 5737 1249 5795; x_wconf 85' lang='lat' dir='ltr'><strong>Cone.</strong></span> <span class='ocrx_word' id='word_1_795' title='bbox 1308 5734 1508 5792; x_wconf 75' lang='lat' dir='ltr'><strong>Matisc.</strong></span> <span class='ocrx_word' id='word_1_796' title='bbox 1546 5747 1616 5794; x_wconf 81' lang='grc' dir='ltr'><strong>ιι.</strong></span> 
     </span>
    </p>
   </div>
   <div class='ocr_carea' id='block_1_107' title="bbox 1711 4668 3283 4808">
    <p class='ocr_par' dir='ltr' id='par_1_107' title="bbox 1711 4668 3283 4808">
     <span class='ocr_line' id='line_1_107' title="bbox 1711 4668 3283 4808; baseline 0.003 -28"><span class='ocrx_word' id='word_1_797' title='bbox 1711 4687 1804 4780; x_wconf 62' lang='lat' dir='ltr'><strong>me</strong></span> <span class='ocrx_word' id='word_1_798' title='bbox 1831 4668 2049 4808; x_wconf 52' lang='grc' dir='ltr'><strong>ῗζῗέωη</strong></span> <span class='ocrx_word' id='word_1_799' title='bbox 2080 4733 2404 4808; x_wconf 64' lang='lat' dir='ltr'><strong>gonsttrgent_</strong></span> <span class='ocrx_word' id='word_1_800' title='bbox 2428 4726 2821 4808; x_wconf 52' lang='lat' dir='ltr'><strong>pseudorhristi,</strong></span> <span class='ocrx_word' id='word_1_801' title='bbox 2863 4737 2993 4808; x_wconf 46' lang='lat' dir='ltr'><strong>etc“</strong></span> <span class='ocrx_word' id='word_1_802' title='bbox 3022 4729 3283 4808; x_wconf 59' lang='lat' dir='ltr'><strong>inducent.</strong></span> 
     </span>
    </p>
   </div>
   <div class='ocr_carea' id='block_1_108' title="bbox 1780 4798 3290 4878">
    <p class='ocr_par' dir='ltr' id='par_1_108' title="bbox 1780 4798 3290 4878">
     <span class='ocr_line' id='line_1_108' title="bbox 1780 4798 3290 4878; baseline 0.004 -29"><span class='ocrx_word' id='word_1_803' title='bbox 1780 4810 1802 4849; x_wconf 82' lang='lat' dir='ltr'><strong>r</strong></span> <span class='ocrx_word' id='word_1_804' title='bbox 1836 4798 2047 4878; x_wconf 56' lang='lat' dir='ltr'><strong>Regum,</strong></span> <span class='ocrx_word' id='word_1_805' title='bbox 2072 4798 2339 4878; x_wconf 66' lang='lat' dir='ltr'><strong>Beruanle,</strong></span> <span class='ocrx_word' id='word_1_806' title='bbox 2367 4798 2518 4856; x_wconf 79' lang='lat' dir='ltr'><strong>Colb.</strong></span> <span class='ocrx_word' id='word_1_807' title='bbox 2546 4815 2615 4878; x_wconf 84' lang='lat' dir='ltr'><strong>m.</strong></span> <span class='ocrx_word' id='word_1_808' title='bbox 2647 4807 2703 4853; x_wconf 91' lang='lat' dir='ltr'><strong>et</strong></span> <span class='ocrx_word' id='word_1_809' title='bbox 2724 4798 2873 4867; x_wconf 86' lang='lat' dir='ltr'><strong>Bec.,</strong></span> <span class='ocrx_word' id='word_1_810' title='bbox 2907 4799 3203 4878; x_wconf 74' lang='lat' dir='ltr'><strong>Bernornoz.</strong></span> <span class='ocrx_word' id='word_1_811' title='bbox 3234 4802 3290 4878; x_wconf 90' lang='lat' dir='ltr'><strong>l_n</strong></span> 
     </span>
    </p>
   </div>
   <div class='ocr_carea' id='block_1_109' title="bbox 1710 4869 3292 4938">
    <p class='ocr_par' dir='ltr' id='par_1_109' title="bbox 1710 4869 3292 4938">
     <span class='ocr_line' id='line_1_109' title="bbox 1710 4869 3292 4938; baseline -0.008 -3"><span class='ocrx_word' id='word_1_812' title='bbox 1710 4869 1982 4937; x_wconf 68' lang='lat' dir='ltr'><strong>veteribus</strong></span> <span class='ocrx_word' id='word_1_813' title='bbox 2010 4869 2214 4931; x_wconf 87' lang='lat' dir='ltr'><strong>notitiis</strong></span> <span class='ocrx_word' id='word_1_814' title='bbox 2243 4876 2417 4928; x_wconf 91' lang='lat' dir='ltr'><strong>locum</strong></span> <span class='ocrx_word' id='word_1_815' title='bbox 2456 4871 2743 4937; x_wconf 90' lang='lat' dir='ltr'><strong>septimum</strong></span> <span class='ocrx_word' id='word_1_816' title='bbox 2771 4881 2993 4938; x_wconf 91' lang='lat' dir='ltr'><strong>occupat</strong></span> <span class='ocrx_word' id='word_1_817' title='bbox 3044 4869 3184 4924; x_wconf 90' lang='lat' dir='ltr'><strong>inter</strong></span> <span class='ocrx_word' id='word_1_818' title='bbox 3212 4871 3292 4923; x_wconf 88' lang='lat' dir='ltr'><strong>ci-</strong></span> 
     </span>
    </p>
   </div>
   <div class='ocr_carea' id='block_1_110' title="bbox 1711 4940 3291 5013">
    <p class='ocr_par' dir='ltr' id='par_1_110' title="bbox 1711 4940 3291 5013">
     <span class='ocr_line' id='line_1_110' title="bbox 1711 4940 3291 5013; baseline -0.008 -6"><span class='ocrx_word' id='word_1_819' title='bbox 1711 4956 1900 5008; x_wconf 85' lang='lat' dir='ltr'><strong>vitates</strong></span> <span class='ocrx_word' id='word_1_820' title='bbox 1919 4944 2439 5013; x_wconf 62' lang='lat' dir='ltr'><strong>Novempopulanir.</strong></span> <span class='ocrx_word' id='word_1_821' title='bbox 2470 4941 2640 4995; x_wconf 84' lang='lat' dir='ltr'><strong>Hodie</strong></span> <span class='ocrx_word' id='word_1_822' title='bbox 2672 4940 2931 5013; x_wconf 77' lang='lat' dir='ltr'><strong>Benearni</strong></span> <span class='ocrx_word' id='word_1_823' title='bbox 2959 4941 3175 4994; x_wconf 88' lang='lat' dir='ltr'><strong>nomine</strong></span> <span class='ocrx_word' id='word_1_824' title='bbox 3202 4954 3291 4995; x_wconf 79' lang='lat' dir='ltr'><strong>re-</strong></span> 
     </span>
    </p>
   </div>
   <div class='ocr_carea' id='block_1_111' title="bbox 1708 5010 3036 5095">
    <p class='ocr_par' dir='ltr' id='par_1_111' title="bbox 1708 5010 3036 5095">
     <span class='ocr_line' id='line_1_111' title="bbox 1708 5010 3036 5095; baseline -0.012 -17"><span class='ocrx_word' id='word_1_825' title='bbox 1708 5020 2083 5095; x_wconf 70' lang='lat' dir='ltr'><strong>gionirelicto,</strong></span> <span class='ocrx_word' id='word_1_826' title='bbox 2107 5010 2623 5095; x_wconf 40' lang='lat' dir='ltr'><strong>.vocatuthascui-a,</strong></span> <span class='ocrx_word' id='word_1_827' title='bbox 2646 5011 2816 5091; x_wconf 42' lang='lat' dir='ltr'><strong>vulgo.</strong></span> <span class='ocrx_word' id='word_1_828' title='bbox 2828 5010 3036 5095; x_wconf 46' lang='lat' dir='ltr'><strong>.Lescar&#39;.</strong></span> 
     </span>
    </p>
   </div>
   <div class='ocr_carea' id='block_1_112' title="bbox 1782 5079 3292 5152">
    <p class='ocr_par' dir='ltr' id='par_1_112' title="bbox 1782 5079 3292 5152">
     <span class='ocr_line' id='line_1_112' title="bbox 1782 5079 3292 5152; baseline -0.005 -11"><span class='ocrx_word' id='word_1_829' title='bbox 1782 5103 1807 5141; x_wconf 81' lang='grc' dir='ltr'><strong>ις</strong></span> <span class='ocrx_word' id='word_1_830' title='bbox 1841 5079 2076 5145; x_wconf 70' lang='lat' dir='ltr'><strong>Comites</strong></span> <span class='ocrx_word' id='word_1_831' title='bbox 2106 5087 2158 5139; x_wconf 91' lang='lat' dir='ltr'><strong>in</strong></span> <span class='ocrx_word' id='word_1_832' title='bbox 2186 5082 2406 5152; x_wconf 82' lang='lat' dir='ltr'><strong>singulis</strong></span> <span class='ocrx_word' id='word_1_833' title='bbox 2435 5092 2588 5135; x_wconf 85' lang='lat' dir='ltr'><strong>erant</strong></span> <span class='ocrx_word' id='word_1_834' title='bbox 2611 5079 2940 5139; x_wconf 77' lang='lat' dir='ltr'><strong>civitatibus,</strong></span> <span class='ocrx_word' id='word_1_835' title='bbox 2967 5079 3135 5152; x_wconf 74' lang='lat' dir='ltr'><strong>duces</strong></span> <span class='ocrx_word' id='word_1_836' title='bbox 3163 5093 3292 5134; x_wconf 89' lang='lat' dir='ltr'><strong>vero</strong></span> 
     </span>
    </p>
   </div>
   <div class='ocr_carea' id='block_1_113' title="bbox 1715 5149 3289 5234">
    <p class='ocr_par' dir='ltr' id='par_1_113' title="bbox 1715 5149 3289 5234">
     <span class='ocr_line' id='line_1_113' title="bbox 1715 5149 3289 5234; baseline -0.006 -19"><span class='ocrx_word' id='word_1_837' title='bbox 1715 5164 1951 5234; x_wconf 81' lang='lat' dir='ltr'><strong>pluribus</strong></span> <span class='ocrx_word' id='word_1_838' title='bbox 2014 5149 2299 5230; x_wconf 57' lang='lat' dir='ltr'><strong>prmerant&#39;.</strong></span> <span class='ocrx_word' id='word_1_839' title='bbox 2344 5154 2474 5206; x_wconf 81' lang='lat' dir='ltr'><strong>Vide</strong></span> <span class='ocrx_word' id='word_1_840' title='bbox 2521 5165 2681 5219; x_wconf 89' lang='lat' dir='ltr'><strong>supra</strong></span> <span class='ocrx_word' id='word_1_841' title='bbox 2723 5160 2877 5204; x_wconf 82' lang='lat' dir='ltr'><strong>notas</strong></span> <span class='ocrx_word' id='word_1_842' title='bbox 2915 5149 2980 5202; x_wconf 90' lang='lat' dir='ltr'><strong>ad</strong></span> <span class='ocrx_word' id='word_1_843' title='bbox 3025 5149 3117 5204; x_wconf 90' lang='lat' dir='ltr'><strong>lib.</strong></span> <span class='ocrx_word' id='word_1_844' title='bbox 3171 5164 3289 5215; x_wconf 83' lang='lat' dir='ltr'><strong>vui,</strong></span> 
     </span>
    </p>
   </div>
   <div class='ocr_carea' id='block_1_114' title="bbox 1714 5233 1949 5289">
    <p class='ocr_par' dir='ltr' id='par_1_114' title="bbox 1714 5233 1949 5289">
     <span class='ocr_line' id='line_1_114' title="bbox 1714 5233 1949 5289; baseline -0.026 0"><span class='ocrx_word' id='word_1_845' title='bbox 1714 5233 1831 5289; x_wconf 82' lang='lat' dir='ltr'><strong>cap.</strong></span> <span class='ocrx_word' id='word_1_846' title='bbox 1863 5233 1949 5285; x_wconf 75' lang='lat'><strong>18.</strong></span> 
     </span>
    </p>
   </div>
   <div class='ocr_carea' id='block_1_115' title="bbox 1780 5249 3291 5365">
    <p class='ocr_par' dir='ltr' id='par_1_115' title="bbox 1780 5249 3291 5365">
     <span class='ocr_line' id='line_1_115' title="bbox 1780 5249 3291 5365; baseline -0.005 -11"><span class='ocrx_word' id='word_1_847' title='bbox 1780 5249 2115 5358; x_wconf 34' lang='lat' dir='ltr'><strong>llihiiiscones</strong></span> <span class='ocrx_word' id='word_1_848' title='bbox 2144 5297 2196 5349; x_wconf 93' lang='lat' dir='ltr'><strong>in</strong></span> <span class='ocrx_word' id='word_1_849' title='bbox 2244 5291 2511 5365; x_wconf 85' lang='lat' dir='ltr'><strong>Pyrenaeis</strong></span> <span class='ocrx_word' id='word_1_850' title='bbox 2551 5288 2771 5365; x_wconf 59' lang='lat' dir='ltr'><strong>Alpibus</strong></span> <span class='ocrx_word' id='word_1_851' title='bbox 2812 5286 3114 5343; x_wconf 87' lang='lat' dir='ltr'><strong>habitantes</strong></span> <span class='ocrx_word' id='word_1_852' title='bbox 3169 5296 3291 5365; x_wconf 74' lang='lat' dir='ltr'><strong>post</strong></span> 
     </span>
    </p>
   </div>
   <div class='ocr_carea' id='block_1_116' title="bbox 1718 5359 3286 5430">
    <p class='ocr_par' dir='ltr' id='par_1_116' title="bbox 1718 5359 3286 5430">
     <span class='ocr_line' id='line_1_116' title="bbox 1718 5359 3286 5430; baseline -0.011 0"><span class='ocrx_word' id='word_1_853' title='bbox 1718 5376 1892 5429; x_wconf 87' lang='lat' dir='ltr'><strong>varias</strong></span> <span class='ocrx_word' id='word_1_854' title='bbox 1914 5370 2267 5430; x_wconf 88' lang='lat' dir='ltr'><strong>incursiones,</strong></span> <span class='ocrx_word' id='word_1_855' title='bbox 2287 5359 2550 5418; x_wconf 74' lang='lat' dir='ltr'><strong>inclinato</strong></span> <span class='ocrx_word' id='word_1_856' title='bbox 2599 5360 2920 5414; x_wconf 86' lang='lat' dir='ltr'><strong>Francorum</strong></span> <span class='ocrx_word' id='word_1_857' title='bbox 2956 5374 3141 5427; x_wconf 86' lang='lat' dir='ltr'><strong>regno,</strong></span> <span class='ocrx_word' id='word_1_858' title='bbox 3170 5359 3286 5430; x_wconf 68' lang='lat' dir='ltr'><strong>No-</strong></span> 
     </span>
    </p>
   </div>
   <div class='ocr_carea' id='block_1_117' title="bbox 1720 5429 3291 5511">
    <p class='ocr_par' dir='ltr' id='par_1_117' title="bbox 1720 5429 3291 5511">
     <span class='ocr_line' id='line_1_117' title="bbox 1720 5429 3291 5511; baseline -0.01 -11"><span class='ocrx_word' id='word_1_859' title='bbox 1720 5441 2177 5511; x_wconf 87' lang='lat' dir='ltr'><strong>vempopulauiam</strong></span> <span class='ocrx_word' id='word_1_860' title='bbox 2189 5429 2805 5511; x_wconf 26' lang='grc' dir='ltr'><strong>Διέξψιειᾳιιν-οῒιιίηιιθνεξρηιι</strong></span> <span class='ocrx_word' id='word_1_861' title='bbox 2846 5430 3039 5499; x_wconf 89' lang='lat' dir='ltr'><strong>quibus</strong></span> <span class='ocrx_word' id='word_1_862' title='bbox 3067 5429 3291 5511; x_wconf 37' lang='lat' dir='ltr'><strong>et-Vas-</strong></span> 
     </span>
    </p>
   </div>
   <div class='ocr_carea' id='block_1_118' title="bbox 1716 5499 3290 5572">
    <p class='ocr_par' dir='ltr' id='par_1_118' title="bbox 1716 5499 3290 5572">
     <span class='ocr_line' id='line_1_118' title="bbox 1716 5499 3290 5572; baseline -0.018 1"><span class='ocrx_word' id='word_1_863' title='bbox 1716 5499 1868 5572; x_wconf 74' lang='lat' dir='ltr'><strong>conia</strong></span> <span class='ocrx_word' id='word_1_864' title='bbox 1894 5499 2031 5566; x_wconf 76' lang='lat' dir='ltr'><strong>dicta</strong></span> <span class='ocrx_word' id='word_1_865' title='bbox 2055 5518 2155 5565; x_wconf 91' lang='lat' dir='ltr'><strong>est.</strong></span> <span class='ocrx_word' id='word_1_866' title='bbox 2189 5502 2322 5562; x_wconf 77' lang='lat' dir='ltr'><strong>Vide</strong></span> <span class='ocrx_word' id='word_1_867' title='bbox 2360 5505 2685 5559; x_wconf 81' lang='lat' dir='ltr'><strong>Alteserram</strong></span> <span class='ocrx_word' id='word_1_868' title='bbox 2731 5499 2866 5555; x_wconf 83' lang='lat' dir='ltr'><strong>lib.t</strong></span> <span class='ocrx_word' id='word_1_869' title='bbox 2910 5514 3090 5556; x_wconf 89' lang='lat' dir='ltr'><strong>rerum</strong></span> <span class='ocrx_word' id='word_1_870' title='bbox 3121 5503 3290 5572; x_wconf 70' lang='lat' dir='ltr'><strong>Aqui-</strong></span> 
     </span>
    </p>
   </div>
   <div class='ocr_carea' id='block_1_119' title="bbox 1718 5581 2113 5652">
    <p class='ocr_par' dir='ltr' id='par_1_119' title="bbox 1718 5581 2113 5652">
     <span class='ocr_line' id='line_1_119' title="bbox 1718 5581 2113 5652; baseline -0.023 -9"><span class='ocrx_word' id='word_1_871' title='bbox 1718 5597 1852 5651; x_wconf 87' lang='lat' dir='ltr'><strong>tan.,</strong></span> <span class='ocrx_word' id='word_1_872' title='bbox 1874 5598 1991 5652; x_wconf 90' lang='lat' dir='ltr'><strong>cap.</strong></span> <span class='ocrx_word' id='word_1_873' title='bbox 2025 5581 2113 5636; x_wconf 83' lang='grc'>16.</span> 
     </span>
    </p>
   </div>
   <div class='ocr_carea' id='block_1_120' title="bbox 1707 5644 3007 5727">
    <p class='ocr_par' dir='ltr' id='par_1_120' title="bbox 1707 5644 3007 5727">
     <span class='ocr_line' id='line_1_120' title="bbox 1707 5644 3007 5727; baseline -0.001 -29"><span class='ocrx_word' id='word_1_874' title='bbox 1707 5657 1721 5669; x_wconf 83' lang='grc'><em>’</em></span> <span class='ocrx_word' id='word_1_875' title='bbox 1796 5644 2006 5727; x_wconf 70' lang='lat' dir='ltr'><strong>.sup&#39;m</strong></span> <span class='ocrx_word' id='word_1_876' title='bbox 2036 5655 2131 5709; x_wconf 90' lang='lat' dir='ltr'><strong>lib.</strong></span> <span class='ocrx_word' id='word_1_877' title='bbox 2172 5667 2287 5715; x_wconf 88' lang='lat' dir='ltr'><strong>vm,</strong></span> <span class='ocrx_word' id='word_1_878' title='bbox 2314 5644 2557 5727; x_wconf 27' lang='lat' dir='ltr'><strong>cap.‘_4§i,</strong></span> <span class='ocrx_word' id='word_1_879' title='bbox 2582 5644 3007 5727; x_wconf 77' lang='lat' dir='ltr'><strong>dicitur_comes.</strong></span> 
     </span>
    </p>
   </div>
   <div class='ocr_carea' id='block_1_121' title="bbox 1796 5710 3295 5801">
    <p class='ocr_par' dir='ltr' id='par_1_121' title="bbox 1796 5710 3295 5801">
     <span class='ocr_line' id='line_1_121' title="bbox 1796 5710 3295 5801; baseline -0.009 -19"><span class='ocrx_word' id='word_1_880' title='bbox 1796 5733 1809 5782; x_wconf 84' lang='lat' dir='ltr'><strong>i</strong></span> <span class='ocrx_word' id='word_1_881' title='bbox 1839 5710 2053 5801; x_wconf 38' lang='lat' dir='ltr'><strong>Regni”</strong></span> <span class='ocrx_word' id='word_1_882' title='bbox 2082 5710 2552 5799; x_wconf 48' lang='lat' dir='ltr'><strong>lugentum-Vide</strong></span> <span class='ocrx_word' id='word_1_883' title='bbox 2575 5729 2732 5788; x_wconf 81' lang='lat' dir='ltr'><strong>supra</strong></span> <span class='ocrx_word' id='word_1_884' title='bbox 2762 5713 2857 5775; x_wconf 87' lang='lat' dir='ltr'><strong>lib.</strong></span> <span class='ocrx_word' id='word_1_885' title='bbox 2896 5729 3022 5785; x_wconf 85' lang='lat' dir='ltr'><strong>vm,</strong></span> <span class='ocrx_word' id='word_1_886' title='bbox 3046 5724 3164 5787; x_wconf 77' lang='lat' dir='ltr'><strong>cap.</strong></span> <span class='ocrx_word' id='word_1_887' title='bbox 3198 5710 3295 5769; x_wconf 69' lang='grc' dir='ltr'><strong>’5οΑ</strong></span> 
     </span>
    </p>
   </div>
  </div>
