3942 6190
649 245 750 300 687
1643 241 1700 298 S.
1741 240 2064 298 GREGORII
2107 236 2410 294 EPISCOPI
2448 232 2877 289 TUROXENSIS
3779 234 3857 287 ϋζὸ

646 360 882 424 nomine,
911 373 1030 412 cum
1061 357 1220 412 rebus
1253 367 1410 426 atque
1444 356 1834 411 habitatoribus
1886 355 2210 415 desolantes,
2249 357 2293 414 Α
2323 347 2690 416 Raucltingum
2745 347 2924 416 jussit.
2967 346 3065 414 Qui
3106 361 3226 400 cum
3273 344 3554 408 adfuisset,
3597 344 3855 415 priusquam

645 449 790 504 nullo
811 449 1090 504 resistente
1113 450 1336 517 regressi
1366 459 1506 501 sunt.
2320 458 2442 496 eum
2479 457 2575 496 rex
2605 457 2702 496 suo
2725 440 2977 510 jussisset
3012 449 3187 494 astare
3215 440 3565 507 conspectui,
3595 441 3725 492 datis
3749 442 3857 496 litte-

715 539 849 595 Vlll.
887 539 1312 594 Guntchramnus
1339 554 1464 593 vero
1493 540 1628 594 Boso
1655 555 1776 594 cum
1805 554 1998 594 exosus
2020 539 2216 610 regina:
2318 533 2413 598 ris,
2446 543 2500 587 et
2529 533 2709 602 pueris
2736 532 3018 587 destinatis
3045 546 3165 586 cum
3195 533 3474 587 evectione
3497 533 3702 599 publica
3723 532 3766 603 ά,
3789 537 3860 604 qui,

645 633 930 689 haberetur
950 673 964 696 ,
997 632 1160 702 cmpit
1201 647 1295 700 per
1325 633 1604 702 episcopus
1634 648 1697 686 ac
1726 647 1975 702 proceres
2012 631 2218 686 discnr-
2318 639 2404 679 res
2429 624 2544 692 ejus
2575 640 2670 693 per
2693 625 2806 678 loca
2830 625 3037 693 singula
3077 624 3574 692 deberentcapere,
3598 623 3744 692 jussit
3763 641 3855 680 eum

646 739 789 790 rere,
821 722 984 795 426
1011 733 1065 777 et
1109 724 1318 776 veniam
1359 724 1556 777 misero
1606 723 1806 786 precari
1835 731 1859 758 ι
1884 737 2040 790 quam
2094 729 2218 774 ante
2319 718 2372 773 in
2403 718 2706 772 cubiculum
2755 717 3069 782 intromitti;
3114 717 3432 783 loculosque
3459 732 3585 771 cum
3609 733 3671 772 eo
3706 717 3788 772 alia
3808 735 3854 773 ex

645 819 990 884 despexerat.
1019 814 1150 870 Nam
1179 831 1299 869 cum
1332 831 1420 869 rex
1447 815 1817 871 Childebertus
1847 823 1991 869 esset
2016 813 2216 881 junior,
2319 810 2460 873 aliis,
2488 813 2669 879 egredi
2693 822 2884 864 net-um
2911 812 2977 865 de
3004 810 3252 864 cubiculo
3274 812 3448 878 jubet.
3473 809 3709 880 Cumque
3732 828 3853 881 egre-

645 909 1037 964 Brunichildem
1069 910 1302 979 reginam
1327 923 1467 976 saepe
1491 908 1746 962 conviciis
1775 917 1932 976 atque
1953 907 2219 972 imprope-
2319 901 2555 965 deretur,
2597 918 2624 954 a
2656 903 2864 956 duobus
2888 901 3122 955 ostiariis
3153 902 3376 970 pedibus
3405 903 3762 971 apprehensus
3780 906 3854 958 ruit

642 1000 740 1056 riis
771 1002 1068 1063 lacessibat,
1095 1005 1188 1055 sed
1235 1009 1290 1054 et
1313 999 1520 1068 injuriis
1545 1016 1662 1067 qua:
1690 1000 1737 1052 ei
1765 999 1832 1053 ab
1855 997 2093 1051 adversis
2137 996 2218 1048 in-
2321 992 2371 1045 in
2403 992 2653 1060 gradibus
2674 993 2795 1046 ostii
2821 1035 2835 1058 ,
2877 993 2949 1046 ita
2990 1001 3049 1046 ut
3080 1008 3200 1061 pars
3229 994 3477 1062 corporis
3508 994 3626 1062 ejus
3649 1009 3772 1050 esset
3795 999 3853 1048 in-

644 1091 969 1155 ferebantur,
998 1089 1172 1145 fautor
1210 1093 1505 1146 exstiterat.
1541 1091 1643 1147 Sed
1666 1102 1719 1145 et
1742 1106 1832 1145 rex
1859 1090 1924 1142 ad
1957 1090 2218 1143 ulciscen-
2323 1083 2604 1149 triuserus,
2645 1098 2765 1149 pars
2794 1100 2919 1139 vero
2951 1085 3286 1139 extrinsecus
3311 1085 3713 1142 extenderetur.
3744 1087 3852 1140 Tunc

644 1183 764 1236 dam
797 1183 1042 1252 injuriam
1069 1183 1344 1253 genitricis
1374 1226 1389 1246 ,
1416 1182 1574 1253 jussit
1616 1199 1734 1237 eum
1767 1183 2029 1252 persequi,
2061 1191 2220 1251 atque
2323 1177 2356 1232 ii
2384 1180 2474 1247 qui
2499 1179 2635 1248 jussi
2666 1181 2732 1233 ad
2766 1180 2879 1234 haec
2914 1179 3177 1249 explenda
3218 1181 3386 1249 parati
3427 1191 3602 1244 erant,
3636 1196 3742 1234 eum
3772 1181 3851 1250 gla-

644 1273 867 1327 interﬂci
902 1290 916 1328 :
951 1273 1037 1330 ille
1064 1288 1191 1327 vero
1229 1289 1349 1328 cum
1374 1289 1431 1328 se
1471 1282 1719 1328 cerneret
1767 1273 1996 1342 positum
2028 1272 2080 1326 iu
2111 1271 2222 1324 dis-
2319 1271 2424 1328 diis
2465 1287 2627 1343 super
2671 1290 2792 1328 eum
2835 1285 3018 1339 ruunt,
3069 1284 3228 1343 atque
3277 1276 3347 1326 ita
3392 1273 3687 1326 minutatim
3732 1282 3850 1336 caput

643 1367 896 1432 crimine,
940 1365 1352 1420 Viridunensem
1386 1365 1664 1420 ecclesiam
1718 1365 1901 1434 petiit,
1935 1379 2028 1432 per
2080 1364 2219 1433 Age-
2321 1365 2439 1435 ejus
2468 1367 2809 1430 colliserunt,
2842 1375 2898 1419 ut
2923 1366 3100 1420 simile
3129 1375 3294 1419 totum
3326 1365 3554 1419 cerebro
3587 1374 3846 1434 putaretur:

644 1457 814 1510 ricum
859 1471 1076 1525 prorsus
1115 1457 1452 1526 episcopum,
1484 1456 1572 1525 qui
1612 1465 1727 1510 erat
1769 1455 1910 1523 regis
1956 1462 2106 1520 pater
2152 1469 2218 1508 ex
2322 1458 2606 1527 statimque
2643 1468 2884 1511 mortuus
2909 1467 3009 1512 θυι.
3058 1458 3207 1512 Tunc
3243 1457 3583 1522 denudatus,
3613 1465 3665 1510 et
3699 1472 3776 1524 per
3797 1455 3852 1508 le-

649 1549 883 1614 lavacro,
915 1547 1123 1601 veniam
1151 1550 1434 1616 impetrare
1464 1548 1756 1602 conlidens.
1782 1549 1932 1601 Tunc
1979 1545 2217 1612 pontifex
2325 1560 2560 1606 uestram
2604 1550 2830 1619 ejectus.
2880 1551 3168 1619 sepulturas
3207 1551 3490 1604 mandatus
3515 1561 3616 1604 est.
3649 1549 3756 1602 Erat
3783 1562 3850 1599 au-

651 1640 716 1694 ad
741 1655 917 1708 regem
945 1648 1216 1706 pmperat,
1249 1639 1668 1709 deprecaturque
1711 1655 1806 1707 pro
1851 1655 1916 1693 eu
1943 1657 1954 1691 :
1979 1641 2062 1693 Cui
2104 1638 2215 1691 Rex
2327 1653 2435 1698 tem
2469 1645 2600 1698 levis
2630 1646 2680 1697 in
2710 1646 2969 1707 moribus,
3003 1645 3138 1698 ultra
3173 1643 3462 1697 humanum
3507 1658 3666 1711 genus
3692 1641 3854 1707 cupidi-

644 1745 764 1784 cum
791 1747 982 1798 negare
1006 1731 1246 1798 nequiret
1270 1746 1390 1800 qua:
1421 1731 1652 1798 petebat,
1683 1731 1791 1784 ait:
1823 1731 2013 1783 Veniat
2041 1743 2219 1782 coram
2256 1723 2303 1783 B
2335 1736 2426 1788 tati
2450 1751 2512 1789 ac
2545 1734 2885 1789 facultatibus
2914 1734 3125 1788 inhians
3155 1735 3364 1799 alienis,
3387 1743 3444 1788 et
3463 1749 3526 1788 ex
3550 1733 3670 1802 ipsis
3693 1731 3851 1784 divitiis

646 1823 820 1887 nobis,
849 1834 899 1878 et
928 1822 1065 1876 datis
1112 1820 1513 1890 ﬁilejnssoribus
1561 1821 1611 1875 in
1665 1822 1946 1890 prasentia
1990 1820 2160 1889 patrui
2189 1819 2217 1857 ὶι
2324 1829 2482 1882 valde
2529 1829 2822 1897 snpcrblh;
2879 1829 3138 1881 intantum
3171 1836 3225 1880 ut
3266 1827 3376 1894 jam
3410 1826 3463 1879 in
3514 1827 3624 1893 ipso
3653 1823 3852 1876 interitus

648 1915 772 1978 mei,
817 1913 1068 1983 ouidquid
1114 1910 1254 1968 illius
1299 1914 1553 1982 judicium
1597 1914 1918 1976 decreverit,
1951 1929 2221 1981 exsequa-
2324 1919 2405 1973 sui
2436 1928 2674 1986 tempore
2717 1918 3114 1971 Chlntliacharii
3145 1917 3286 1986 regis
3323 1916 3490 1970 filium
3529 1929 3587 1969 se
3617 1915 3845 1966 fateretur.

651 2026 790 2064 mur.
815 2009 962 2062 Tunc
982 2008 1241 2063 adductus
1263 2008 1326 2061 ad
1376 2008 1548 2062 locum
1595 2007 1680 2061 ubi
1734 2022 1829 2062 rex
1887 2007 2221 2070 morabatur,
2326 2010 2552 2064 Multum
2584 2021 2760 2063 tamen
2782 2024 2903 2062 cum
2932 2026 2994 2062 eu
3023 2010 3142 2062 auri
3178 2017 3448 2077 repertum
3478 2015 3577 2062 est.
3607 2004 3852 2071 Quointer-

649 2102 877 2156 nudatus
901 2101 1096 2164 armis,
1121 2115 1185 2154 ac
1218 2115 1314 2169 per
1355 2102 1592 2155 manicas
1635 2112 1831 2165 tentus,
1869 2101 1936 2152 ab
1969 2100 2224 2167 episcopo
2327 2101 2490 2168 fecto,
2518 2103 2755 2169 pretinus
2786 2117 2920 2153 unus
2949 2115 3230 2168 puerorum
3253 2100 3372 2169 ejus
3400 2113 3557 2154 cursu
3580 2096 3730 2152 veloci
3748 2109 3845 2148 evo-

646 2203 1060 2263 repraesentatur
1090 2194 1221 2260 regi.
1258 2192 1334 2244 Ad
1379 2191 1527 2260 cujus
1555 2193 1865 2260 provolutus
1893 2191 2075 2259 pedes,
2101 2191 2217 2244 ait:
2327 2191 2468 2257 lans,
2522 2192 2781 2244 nuntiavit
2833 2191 3040 2259 coujugi
3083 2192 3202 2256 eius
3244 2206 3362 2258 qua
3403 2200 3518 2243 acta
3559 2196 3716 2242 erant.
3756 2184 3850 2238 Haec

649 2284 872 2339 Peccavi
903 2285 994 2337 ttoi
1023 2297 1085 2335 ac
1113 2282 1353 2351 genitrici
1389 2290 1510 2346 tuae,
1539 2297 1642 2334 non
1671 2281 2222 2349 obediendopraecep-
2329 2298 2461 2337 vero
2517 2297 2612 2351 per
2667 2283 2894 2351 plateam
2955 2280 3310 2336 Suessionicat
3361 2279 3585 2334 civitatis
3641 2283 3846 2342 compta,

647 2373 879 2427 tionibus
906 2373 1102 2431 vestris
1161 2374 1254 2426 sed
1281 2383 1487 2440 agendo
1515 2383 1698 2426 contra
1741 2374 2065 2426 voluntatem
2099 2388 2224 2426 ves-
2327 2372 2614 2442 grandibus
2653 2371 2979 2426 ornamentis
3023 2385 3084 2424 ac
3109 2385 3443 2439 gemmarum
3479 2367 3846 2426 pretiositatibus

649 2476 786 2520 tram
817 2474 976 2529 atque
1007 2465 1284 2517 utilitatem
1337 2464 1634 2531 publicam;
1661 2479 1800 2518 nunc
1845 2474 2022 2518 autem
2069 2478 2221 2531 rogo,
2328 2473 2384 2519 et
2421 2465 2534 2518 auri
2565 2463 2768 2532 fulgore
2807 2464 3040 2528 obtecta,
3069 2476 3289 2516 ascenso
3314 2463 3478 2532 428
3497 2475 3641 2526 equo,
3683 2469 3842 2525 prace-

653 2564 712 2607 ut
755 2554 1070 2621 indulgeatis
1111 2554 1264 2608 malis
1311 2553 1479 2620 meis,
1520 2570 1636 2621 qua:
1683 2563 1868 2608 contra
1925 2569 2019 2607 vos
2055 2555 2220 2623 gessi.
2328 2555 2577 2611 dentibus
2617 2558 2793 2624 pueris
2835 2557 3059 2623 aliisque
3101 2565 3450 2619 sequentibus
3478 2551 3752 2612 ferebatur;
3788 2555 3842 2598 at-

649 2641 765 2701 Bex
788 2653 964 2699 autem
989 2645 1145 2714 jussit
1186 2661 1306 2698 eum
1346 2645 1542 2699 elevari
1581 2661 1609 2698 a
1648 2655 1819 2711 terra,
1863 2655 1918 2700 et
1959 2646 2130 2714 posuit
2172 2646 2224 2699 in
2328 2663 2434 2716 que
2463 2648 2525 2698 ad
2561 2647 2833 2699 basilicam
2865 2647 3034 2700 sancti
3057 2645 3287 2711 Crispini
3315 2641 3716 2714 Ct-ispinianique
3745 2651 3842 2706 pro-

650 2735 1079 2804 ntanuepiscopi,
1102 2735 1283 2788 dicens
1314 2753 1325 2786 :
1352 2735 1430 2789 Sit
1455 2749 1616 2803 penes
1638 2745 1709 2802 te,
1739 2744 1924 2789 sancte
1949 2735 2222 2800 sacerdos,
2331 2738 2572 2808 perabat,
2621 2739 2770 2805 quasi
2819 2747 3117 2806 spectatura
3153 2738 3338 2790 Missas
3372 2754 3386 2790 :
3417 2746 3525 2791 erat
3550 2735 3675 2788 enim
3701 2745 3757 2784 eo
3780 2729 3843 2782 die

657 2826 829 2881 donec
860 2828 912 2879 in
957 2827 1298 2896 praesentiam
1343 2825 1727 2881 Guntchramni
1777 2826 1917 2894 regis
1959 2825 2220 2880 adveniat.
2330 2831 2507 2900 passio
2547 2838 2838 2898 martyrum
2880 2829 3153 2882 beatorum
3171 2837 3217 2881 ο.
3265 2829 3375 2882 Sed
3417 2828 3588 2884 videns
3624 2821 3836 2884 nuntium,

653 2917 897 2986 EIJ'USSit
925 2933 1044 2972 cum
1083 2916 1388 2972 discedere.'
2331 2937 2425 2992 per
2444 2921 2602 2975 aliam
2650 2921 2878 2989 plateam
2915 2936 3154 2989 gressum
3195 2936 3534 2992 retorquens,
3563 2917 3778 2987 proiectis
3800 2913 3837 2966 in

713 3009 804 3063 IX.
858 3010 1100 3062 Posthmc
1129 3007 1469 3076 Ranchingus
1500 3007 1814 3074 conjunctus
1851 3023 1972 3061 cum
2033 3009 2226 3076 priorl-
2333 3023 2530 3067 terram
2563 3013 2911 3077 ornamentis,
2946 3011 2996 3066 in
3022 3013 3293 3067 basilicam
3336 3017 3505 3067 sancti
3536 3007 3740 3066 Medardi
3767 3020 3837 3057 an-

655 3101 750 3154 bus
799 3099 945 3168 regni
985 3097 1277 3152 Chlotharn
1317 3099 1410 3152 filii
1456 3098 1768 3167 Chilperici,
1811 3099 2122 3168 conﬁngens
2163 3115 2222 3154 se
2252 3085 2299 3147 (ἶ
2333 3104 2510 3159 tistitis
2555 3104 2808 3174 confugit,
2853 3105 2924 3158 ibi
2972 3119 3031 3158 se
3080 3105 3239 3159 tutari
3287 3106 3602 3160 confessoris
3643 3095 3836 3168 prasidi!

656 3191 806 3259 quasi
839 3197 1183 3242 traCIaturum
1214 3190 1280 3243 de
1305 3203 1449 3257 pace,
1470 3201 1524 3242 Ill.
1553 3190 1689 3244 inter
1717 3193 2000 3244 terminum
2039 3190 2228 3244 utrius
2332 3207 2542 3266 putans,
2574 3196 2728 3250 Pueri
2757 3211 2884 3252 vero
2910 3197 2997 3265 qui
3025 3196 3172 3250 missi
3200 3212 3227 3248 a
3252 3212 3379 3264 rege
3411 3197 3606 3251 fueram,
3631 3192 3686 3246 ad
3706 3186 3836 3256 requi-

658 3295 765 3348 que
791 3282 935 3348 regni
961 3280 1105 3332 nulla
1137 3283 1357 3334 intentio
1387 3290 1474 3334 aut
1499 3283 1725 3348 direptio
1761 3293 2066 3352 gereretur,
2098 3298 2228 3336 con-
2329 3289 2524 3342 rendas
2555 3303 2641 3342 res
2670 3287 2816 3357 ejus,
2851 3299 2990 3340 tanta
3038 3288 3088 3340 in
3122 3287 3392 3342 thesauris
3433 3287 3570 3341 illius
3597 3281 3833 3350 reperiunt.

657 3373 832 3425 silium
867 3371 1188 3437 habuerunt,
1235 3383 1289 3426 ut
1333 3373 1535 3427 scilicet
1576 3376 1851 3428 interfecto
1886 3376 2227 3430 Childeberto
2329 3391 2524 3450 quanta
2556 3395 2654 3433 nec
2678 3381 2728 3432 in
2771 3381 2885 3447 ipso
2918 3379 3089 3432 :erarii
3141 3377 3339 3446 publici
3377 3389 3576 3446 regesto
3605 3361 3832 3442 poterant‘

657 3477 804 3530 rege,
840 3461 1180 3530 Ranchingus
1208 3475 1325 3515 cum
1355 3462 1730 3516 Theodoberto
1772 3465 1986 3518 seniore
2015 3467 2132 3532 ejus
2162 3464 2226 3518 [ἰ-
2331 3471 2578 3534 inveniri,
2619 3470 2758 3538 quod
2805 3480 2971 3524 totum
3019 3469 3158 3537 regis
3193 3470 3566 3538 conspecnbus
3607 3469 3832 3534 praesenta-

657 3551 727 3606 Ito
768 3567 986 3620 regnum
1017 3551 1320 3619 Campania:
1360 3561 1566 3605 teneret
1592 3569 1606 3617 ;
1653 3553 1804 3606 Ursio
1835 3569 1962 3607 vero
2000 3571 2061 3608 ac
2099 3555 2229 3608 Ber-
2330 3572 2475 3618 ι-υηι,
2507 3563 2638 3616 Nam
2668 3577 2734 3617 eo
2759 3562 2865 3623 die,
2898 3578 3004 3631 quo
3029 3563 3112 3614 hic
3136 3562 3444 3616 interfectus
3469 3571 3565 3625 est,
3592 3561 3722 3611 erant
3742 3561 3832 3602 cum

659 3645 935 3698 thefredus
970 3654 1018 3709 ε,
1041 3644 1253 3713 juniore
1283 3645 1392 3697 lilio
1423 3659 1592 3711 nuper
1619 3645 1828 3716 genito,
1857 3649 1944 3715 qui
1978 3646 2226 3700 Theodo-
2330 3669 2454 3723 rege
2480 3655 2628 3708 mum
2660 3654 2990 3708 Τυι-οιιοτυιη
3020 3662 3177 3721 atque
3210 3652 3563 3713 Ρίειεινοτυιη,
3607 3645 3664 3700 de
3687 3640 3833 3711 quibus

657 3739 802 3792 ricus
857 3737 1351 3808 cognominabatur,
1401 3738 1466 3791 ad
1514 3753 1572 3791 se
1602 3748 1882 3806 suscepto,
1917 3747 1972 3792 et
2009 3739 2228 3793 excluso
2331 3746 2439 3799 tale
2470 3746 2568 3798 fuit
2599 3745 2922 3807 consilium,
2971 3745 3098 3796 utsi
3141 3742 3336 3796 malum
3383 3743 3480 3796 hoc
3509 3738 3733 3809 perlicere
3767 3739 3833 3793 ρο·

657 3829 1062 3884 Guntchramno
1108 3846 1252 3901 rege,
1285 3831 1547 3897 reliquum
1579 3829 1727 3901 regni
1759 3841 2021 3886 tenerent.
2067 3833 2228 3887 Multa
2333 3837 2583 3898 tuissettt,
2617 3836 2698 3890 his
2729 3835 2954 3889 subditis
2981 3835 3261 3901 snpplicio,
3301 3834 3538 3889 dicereut
3560 3829 3666 3898 quia
3687 3838 3738 3876 ex
3764 3831 3831 3869 νο·

656 3924 817 3978 etiam
838 3931 1017 3977 contra
1042 3923 1435 3978 Brunichildem
1467 3924 1702 3995 reginam
1725 3924 1882 3996 427
1915 3926 2226 3992 frementes,
2330 3927 2413 3982 his
2455 3927 2552 3981 fuit
2579 3928 2666 3994 qui
2699 3941 2875 3994 regem
2922 3935 3163 3979 nostrum
3195 3926 3484 3988 interemit,
3517 3922 3679 3989 eisque
3702 3913 3832 3966 diter-

657 4023 715 4068 ut
741 4027 859 4068 eam
894 4015 945 4067 in
967 4015 1343 4068 contumeliam
1374 4015 1696 4086 redigerent,
1729 4017 1866 4070 sicut
1907 4019 2054 4087 prius
2084 4018 2227 4071 fece-
2331 4017 2409 4072 sis
2433 4018 2707 4086 suppliciis
2739 4014 3044 4078 trucidatis,
3077 4017 3277 4070 ultores
3301 4031 3362 4069 se
3389 4014 3566 4070 mortis
3591 4005 3724 4076 regia:
3746 4009 3831 4052 esse

658 4115 781 4160 rant
805 4105 858 4158 in
888 4105 1144 4160 viduitate
1171 4121 1286 4161 sua.
1325 4106 1665 4178 Rauchingus
1695 4125 1823 4179 ergo
1866 4124 2071 4164 summa
2113 4109 2228 4164 ela-
2327 4109 2614 4178 jactarent.
2671 4108 2779 4162 Sed
2837 4106 2981 4160 Deus
3025 4109 3364 4176 omnipotens
3409 4101 3615 4160 consilia
3657 4103 3828 4179 eorum.

659 4208 746 4252 tus
774 4199 1029 4268 potentia.
1060 4208 1113 4254 et
1144 4207 1202 4252 ut
1230 4200 1298 4254 ita
1329 4201 1501 4254 dicam
1525 4241 1539 4263 ,
1569 4175 1633 4254 ad
1666 4175 1829 4269 ipsius
1859 4202 2049 4271 regalis
2078 4218 2228 4270 scep-
2329 4175 2456 4271 quia
2488 4203 2663 4271 iniqua
2686 4211 2859 4266 erant,
2899 4175 3202 4268 dissipavit,
3233 4199 3569 4268 implevitque
3596 4186 3704 4247 illud
3726 4175 3829 4279 qu.0d

660 4302 728 4347 trt
766 4307 826 4346 se
859 4292 1068 4360 jaetans
1091 4293 1314 4362 gloriam
1351 4292 1628 4361 pervenire
1651 4332 1666 4356 ,
1719 4293 1819 4345 iter
1859 4303 2119 4362 prieparat
2163 4295 2228 4348 ad
2333 4298 2584 4362 scriptum
2617 4306 2736 4346 est:
2765 4292 2894 4355 Quia
2925 4293 3120 4360 foveam
3148 4307 3301 4359 quam
3343 4289 3492 4357 fratri
3537 4279 3738 4353 parabit.
3773 4284 3812 4320 ιη

655 4389 1055 4444 Childebertum
1104 4405 1280 4457 regem
1319 4387 1624 4449 accedendi,
1671 4397 1725 4440 ut
1766 4387 2042 4441 consilium
2085 4389 2224 4456 quod
2332 4383 2468 4437 cides
2492 4384 2542 4435 iu
2572 4399 2682 4434 eam
2720 4380 2907 4452 (Eccti.
2940 4396 3102 4460 xxvii,
3134 4381 3246 4448 29).
3278 4379 3332 4433 In
3365 4381 3529 4434 locum
3552 4363 3830 4460 tamen-Ball“

665 4480 857 4535 inierat
885 4489 1066 4548 posset
1091 4451 1330 4549 explere.
1365 4479 1469 4533 Sed
1500 4479 1670 4546 pietas
1700 4477 1908 4531 Domini
1937 4479 2048 4531 hanc
2073 4451 2230 4533 verba
2265 4462 2313 4524 Ι)
2339 4475 2515 4544 chingi
2559 4451 2941 4542 Magnuualdus
2983 4451 3231 4540 dirigitur
3259 4471 3389 4524 dux.
3431 4469 3539 4524 Jam
3568 4463 3686 4518 enim
3713 4451 3828 4549 Ursilo

661 4575 716 4628 in
738 4588 894 4627 aures
925 4572 1309 4627 Guntchramni
1343 4572 1482 4642 regis
1508 4571 1650 4638 prius
1683 4571 1951 4636 imposuit.
1980 4571 2077 4638 Qui
2110 4575 2237 4626 mis-
2339 4577 2500 4634 atque
2532 4565 2907 4618 Berthefredus
2935 4565 3065 4616 certi
3109 4563 3250 4632 quod
3289 4561 3613 4626 Rauchingus
3635 4561 3730 4642 qua!
3747 4539 3827 4642 col

660 4669 735 4722 sis
758 4667 956 4720 nuntiis
984 4666 1116 4719 clam
1163 4665 1226 4718 ad
1268 4664 1669 4718 Childehcrtutn
1713 4679 1889 4732 regem
1909 4709 1923 4732 ,
1970 4681 2157 4719 omnes
2187 4667 2234 4719 ei
2339 4657 2498 4711 Ιυευιὶ
2533 4656 2738 4708 fueral“
2758 4693 2772 4716 ν
2801 4663 2980 4722 p055el
3008 4655 3223 4719 θιριετθ
3245 4693 3260 4717 .
3289 4652 3512 4705 θυηθοιο
3538 4640 3737 4732 “erat”
3761 4640 3827 4732 νεῖ

662 4757 967 4813 molitiones
998 4757 1093 4810 has
1125 4756 1174 4809 in
1219 4757 1454 4810 notitiam
1486 4756 1679 4824 posuit,
1725 4756 1908 4808 dicens
1937 4771 1950 4809 :
1985 4754 2234 4809 Accelera
2343 4749 2579 4801 niebant.
2615 4745 2718 4798 Sed
2749 4744 3028 4797 audientes
3059 4742 3200 4812 quod
3240 4743 3440 4796 scilicet
3470 4739 3553 4792 tali
3586 4717 3826 4824 fuisselpaf:

661 4849 945 4914 velociter,
997 4858 1053 4902 ut
1089 4849 1362 4902 videamur
1397 4864 1424 4900 a
1469 4847 1651 4912 nobis;
1709 4857 1835 4900 sunt
1873 4848 2014 4901 enim
2055 4862 2228 4901 causa:
2337 4840 2502 4894 fectus
2552 4839 2797 4900 interitu,
2857 4835 3078 4887 adaucta
3121 4833 3298 4895 adhuc
3334 4847 3506 4886 secum
3551 4811 3826 4914 ιιιιιῑιίιιιάιξὶξ3

661 4957 779 5014 qua:
809 4943 890 5013 agi
923 4898 1174 4996 debeant.
1219 4941 1285 4994 At
1315 4937 1400 4992 ille
1424 4938 1706 5006 diligenter
1733 4938 2004 5004 inquirens
2030 4954 2146 5006 qua:
2179 4939 2226 4991 ei
2337 4931 2631 4995 lmminum,
2688 4944 2806 4996 quae
2857 4927 2923 4978 ad
2959 4939 3054 4980 eos
3111 4927 3378 4994 pertinere
3418 4919 3694 5014 videbatur.

664 5036 900 5090 nuntiata
936 5035 1166 5098 fuerant,
1201 5046 1430 5098 veraque
1463 5045 1582 5083 esse
1609 5044 1954 5100 cognoscens,
1983 5030 2228 5082 arcessiri
2335 5033 2566 5075 castrum
2608 5018 2920 5073 anrenses
2949 5059 2962 5083 ,
3003 5015 3144 5085 quod
3201 5015 3342 5068 villa:
3399 5007 3619 5067 Ursionis
3660 5003 3824 5067 ΡΓ⁰Ρ¹⁰⁶

735 5179 758 5205 ε
785 5168 873 5222 Sic
900 5170 1089 5222 habent
1119 5164 1302 5229 scripti
1330 5173 1381 5218 et
1404 5163 1548 5216 editi.
1583 5163 1881 5226 Legendum
1910 5173 2086 5237 tamen
2111 5178 2230 5216 esse
2337 5147 3309 5237 degcll‘r-‘iu.Pulllic“3__'il:;A’f'l‘gffqu
3370 5216 3550 5237 "mm
3591 5200 3821 5237 “mrum

664 5239 900 5302 videtur,
925 5241 1119 5293 veniam
1147 5205 1299 5290 miser
1324 5237 1383 5288 ab
1407 5251 1466 5287 ea
1498 5205 1714 5298 mentri,
1759 5252 1873 5294 seu,
1907 5236 2100 5285 veniant
2136 5250 2227 5300 pro
2411 5235 2434 5263 θ
2464 5226 2887 5302 Celebratttrvnt
2938 5217 3338 5302 KalaNu‘vemb.
3369 5216 3556 5302 "quam

668 5262 900 5302 ὶιυυιιπ,
925 5262 1119 5293 ι’σηιαηι
1147 5262 1298 5290 mwcr
1324 5262 1383 5288 α’]
1407 5262 1466 5287 εει
1498 5262 1714 5298 "VIN-"TI.
1759 5262 1873 5294 3C“,
1908 5262 2100 5285 ιἐηιιιιη
2136 5262 2227 5300 νιυ
2421 5262 2426 5263 ⁷
2466 5262 2788 5307 U"."":"'.'"'.
2811 5262 2887 5272 ""
2938 5262 3056 5271 "“'"
3083 5262 3336 5271 """""""
3369 5262 3518 5294 """_"
3587 5278 3614 5327 b

665 5313 848 5362 misero
877 5311 1069 5378 precari
1095 5310 1156 5361 ab
1193 5325 1250 5361 ea
1279 5323 1451 5376 quam,
1475 5315 1566 5358 aut
1603 5307 1814 5370 saltem,
1843 5307 2038 5356 veniunt
2082 5305 2230 5356 miser
2337 5312 2579 5378 memoria
2603 5307 2792 5378 infigit:
2817 5286 3512 5378 ornamentoAdﬁoraluufttl‘l
3532 5286 3762 5378 inim-fiam).
3785 5328 3819 5376 7.

667 5349 858 5390 mm.-.
877 5349 1068 5378 νην...
1095 5349 1153 5361 ..ν
1193 5349 1250 5361 ν..
1279 5349 1451 5376 Ἵππη,
1475 5349 1566 5358 -.η
1603 5349 1814 5370 -..η-..η
1845 5349 2037 5356 --.η--..-
2083 5349 2216 5356 πη--.

664 5395 859 5448 precari
887 5397 1054 5442 quant.
1439 5446 1446 5448 ξ
1773 5446 1781 5448 ᾗ
2127 5443 2137 5448 Α

2336 5373 2442 5448 είον
2471 5376 2534 5448 9‘.
2558 5349 2727 5446 ιτιάίῖ
2742 5447 2745 5448 ,
2761 5361 2816 5448 δυ
2854 5361 3152 5448 Nisaei
3174 5349 3762 5448 "'11-"._"lfff:3’":.‘i?lf:
3783 5349 3818 5448 ἐξ

1109 5448 1328 5510 palrini;
1360 5446 1450 5498 sed
1482 5461 1740 5513 nusquam
1772 5446 1867 5498 hac
1908 5459 2036 5496 voce
2068 5443 2234 5497 utitur
2336 5404 2627 5513 If‘tat’tcllingi
2659 5447 2790 5486 uxor
2818 5432 2962 5499 prius
2987 5427 3193 5484 Godino
3225 5437 3380 5497 nupta
3402 5424 3577 5480 fuerat.
3606 5425 3662 5466 ει
3685 5404 3759 5457 ³⁸³³·
3783 5413 3818 5455 ’³

667 5517 951 5583 Gregorius
980 5519 1043 5570 ad
1069 5506 1455 5586 designandum
1479 5506 1916 5581 susceptoremex
1942 5516 2224 5584 baptismo.
2337 5506 2549 5586 cap._5_.
2677 5583 2684 5586 Δ
2853 5579 2864 5586 _
2933 5571 2970 5586 η
3038 5570 3050 5582 _
3166 5571 3177 5582 ο
3254 5585 3259 5586 γ
3320 5564 3479 5586 ᾼᾘε-
3517 5551 3688 5586 “MM
3721 5533 3817 5586 mi,

743 5550 951 5583 egmms
980 5550 1043 5570 ..υ
1075 5550 1455 5586 υωιδιη-ηυιιιη
1479 5550 1916 5581 susceptum...“
1942 5550 2224 5584 μορυς-νυ.
2338 5550 2454 5574 ..ι-,η
2497 5550 2549 5559 ν-
3038 5570 3050 5582 _
3166 5571 3177 5582 ,
3440 5564 3451 5576 ,
3630 5551 3638 5560 .
3721 5554 3764 5590 η

741 5600 762 5627 ο
795 5587 947 5638 Culh.
976 5603 1051 5646 a..
1087 5586 1413 5656 Bertfredm‘;
1446 5598 1499 5637 et
1527 5587 1603 5637 sic
1630 5586 1786 5638 inlra.
1906 5655 1912 5656 ί
2251 5625 2264 5637 .
2408 5579 2428 5619 ί
2460 5578 2579 5640 Εὐ..
2603 5579 2901 5656 ρρωᾳταηις
2931 5571 3138 5653 βηειιιη
3159 5585 3270 5640 ipsa
3305 5579 3480 5622 aerario
3515 5553 3688 5626 ρειδᾶιο
3763 5550 3800 5604 θ’

733 5656 862 5712 dDe
891 5660 967 5709 his
999 5643 1219 5720 Biguon:
1249 5658 1312 5707 ad
1372 5643 1528 5706 form.
1559 5657 1613 5706 tl
1675 5657 1763 5706 lib.
1815 5671 1830 5707 ι
1874 5655 2126 5714 Marcutli,
2176 5663 2230 5707 et
2334 5643 2964 5720 tantapoterintinvcniri.
3285 5710 3299 5720 .
3354 5707 3366 5720 _
3434 5710 3472 5720 Α
3505 5697 3678 5720 “Mm
3716 5681 3726 5720 ί

733 5683 764 5697 ’⁵
789 5683 862 5712 υΰ
891 5683 967 5709 1115
999 5683 1219 5720 υιςιςιιυιι.
1249 5683 1311 5707 iIU
1372 5683 1441 5706 ΙυΙ
1457 5683 1528 5706 ΙΙΙ.
1563 5683 1613 5706 11
1675 5683 1763 5706 Ιιυ.
1815 5683 1830 5707 I
1875 5683 2126 5714 ﬂlill’lLUIII,
2176 5683 2230 5707 (τι
2334 5683 2473 5706 eunu-
2489 5683 2617 5716 μυυυι
2633 5683 2703 5695 ιη-
2727 5683 2912 5722 .πινννυυσ
2929 5683 2964 5693 η

667 5733 934 5790 Alteserra
952 5730 1003 5781 in
1031 5729 1168 5780 hunc
1186 5728 1385 5789 locum;
1411 5725 1502 5778 sed
1533 5723 1697 5779 fusius
1714 5727 1807 5792 Cuj
1826 5733 1954 5785 :cjus
1972 5733 2034 5783 ad
2068 5731 2169 5792 leg,
2196 5728 2227 5780 5
2408 5730 2432 5770 ε
2456 5721 2695 5776 Castrum
2725 5713 2862 5769 tStud
2885 5727 3025 5784 pago
3045 5725 3236 5773 nomen
3269 5707 3477 5766 dederat
3504 5697 3679 5754 Mosam
