3942 6190
512 258 612 313 471

1470 260 1530 318 S.
1571 260 1897 317 GREGORII
1938 256 2240 317 EPISCOPI
2275 256 2705 315 TURONENSIS

3664 260 3770 315 L7?

511 373 603 443 qui
632 386 751 428 eum
774 371 837 425 ad
854 370 1155 426 convivium
1186 382 1520 441 provocaret.
1549 373 1665 440 Quo
1689 385 1972 437 renuente,
1999 391 2085 426 ro-
2112 378 2157 433 Α
2191 372 2462 427 maleiiciis
2491 373 2751 427 Francum
2782 373 2939 443 jussit
2972 374 3221 428 interiici.
3268 374 3329 427 Et
3362 374 3442 428 bis
3474 375 3633 429 dit-tis
3662 376 3769 429 dis-

512 475 603 537 gat
628 476 685 518 ut
714 481 754 519 st
782 465 1026 519 convivio
1054 469 1169 533 ejus
1196 466 1268 516 uti
1319 480 1424 518 non
1455 465 1614 529 velit,
1645 465 1832 520 saltem
1877 466 1962 519 vel
1990 480 2088 535 po-

511 557 691 610 culum
736 555 973 617 bauriat,
1022 570 1089 609 ne
1120 554 1333 624 jejunus
1362 570 1390 607 a
1434 555 1595 624 regali
1626 556 1788 611 domu
1830 555 2084 610 discedat.

516 646 634 714 Quo
660 656 1025 714 exspectante,
1065 655 1285 713 accepto
1319 647 1539 715 poculo,
1574 647 1706 701 bibit
1748 648 2087 718 absynthium

512 754 634 794 cum
670 742 794 795 vino
838 749 894 793 et
922 741 1079 795 melle.
1120 742 1376 803 mixtum,
1428 751 1485 795 ut
1529 757 1644 796 mos
1684 743 2029 799 barbarorum
2061 755 2089 782 ι

516 831 716 886 habet:
764 834 856 888 sed
898 834 982 888 hic
1018 843 1173 901 potus
1197 848 1403 888 veneno
1450 835 1682 889 imbutus
1720 846 1855 889 erat.
1901 838 2088 891 Statim

517 932 690 978 autem
720 934 776 977 ut
805 925 970 988 bibit,
1012 926 1177 979 sensit
1223 926 1423 995 pectori
1472 940 1569 979 suo
1596 926 1833 981 dolorem
1860 929 2088 982 validum

516 1012 829 1081 imminere,
863 1026 916 1070 et
944 1017 1096 1084 quasi
1145 1017 1189 1068 si
1234 1017 1557 1071 incideretur
1603 1017 1952 1082 intrinsecus,
1992 1035 2088 1074 ex-

512 1104 709 1159 clamat
738 1108 871 1171 suis,
903 1107 1085 1162 dicens
1119 1125 1130 1160 :
1169 1107 1373 1175 Fugite,
1404 1122 1437 1161 ο
1465 1108 1675 1169 miseri.
1706 1108 1867 1175 fugite
1895 1111 2089 1164 malum

513 1199 649 1265 hoc,
704 1214 771 1254 ne
819 1215 1021 1255 mecum
1064 1201 1261 1270 pariter
1323 1201 1677 1268 perimarnini.
1734 1202 1840 1256 Illis
1881 1218 2093 1272 quoque

516 1306 622 1346 non
670 1291 1009 1360 bibentibus,
1058 1293 1150 1345 sed
1181 1290 1554 1347 festinantibus
1581 1293 1762 1359 abire,
1811 1294 1898 1350 ille
1929 1295 2094 1363 prmi-

519 1397 620 1437 nus
647 1397 970 1447 excmcattis,
1023 1398 1353 1453 ascensoque
1396 1398 1557 1453 equo,
1601 1384 1654 1436 in
1702 1384 1859 1438 tertio
1898 1386 1966 1439 ab
1994 1386 2094 1440 hoc

521 1475 641 1529 loco
666 1475 839 1528 stadio
876 1476 1090 1539 cecidit,
1121 1484 1176 1529 et
1203 1485 1442 1527 mortuus
1478 1484 1581 1529 est.
1616 1475 1858 1529 Postbzec
1882 1477 2093 1531 Leodo-

515 1566 701 1618 valdus
742 1564 1024 1634 episcopus
1064 1564 1091 1603 δ
1122 1566 1377 1633 epistolas
1417 1581 1513 1635 per
1554 1581 1741 1621 omnes
1786 1569 2095 1635 sacerdotes

514 1656 734 1721 direxit,
770 1666 823 1710 et
862 1665 1082 1724 accepto
1108 1658 1330 1711 consilio
1358 1658 1611 1713 ecclesias
1639 1658 2096 1729 Rothomagenses

2190 475 2490 525 cesserunt,
2535 466 2734 517 nullum
2779 467 3094 520 rationabile
3152 482 3469 535 responsum
3507 469 3774 535 accipien-

2194 565 2302 621 tes;
2334 556 2663 610 obtestantes
2699 559 2917 611 otnuiuo
2956 567 3011 609 ut
3043 572 3309 626 nunquam
3351 560 3401 609 in
3430 559 3659 611 ecclesia
3690 560 3773 611 illa

2194 648 2493 717 Melantius,
2541 650 2629 718 qui
2672 649 2821 717 prius
2859 650 2910 703 in
2954 649 3072 702 loco
3110 648 3411 703 Przetextati
3455 654 3777 719 subrogatus

2195 742 2388 806 fuerat,
2419 741 2713 796 sacerdotis
2744 743 3052 811 fungeretur
3078 741 3279 795 ofiicio.

2262 831 2482 886 XXXII.
2511 832 2669 885 Multa
2694 835 2834 886 enim
2866 833 2965 886 hoc
2994 841 3235 899 tempore
3271 832 3405 885 mala
3436 843 3595 901 gesta
3630 844 3776 888 sunt.

2192 920 2322 975 Nam
2354 923 2610 975 Domnola
2641 922 2825 976 relicta
2870 923 3137 992 quondam
3184 922 3487 989 Bnrgoleni,
3516 933 3657 989 qua:
3686 923 3781 977 fuit

2202 1012 2305 1064 lilia
2336 1011 2552 1066 Victorii
2580 1011 2952 1066 Rbedonensis
2978 1012 3216 1080 episcopi
3244 1021 3293 1078 ο,
3322 1012 3782 1079 ιιιιειιιτΝθοιετί.

2196 1103 2534 1155 matrimonio
2558 1104 2924 1171 copulaverat,
2971 1103 3316 1156 intentionem
3354 1104 3423 1156 de
3456 1103 3638 1156 vineis
3661 1120 3780 1157 cum

2198 1194 2466 1249 Bobolcno
2497 1191 2517 1232 ί
2554 1192 2915 1248 referendario
2959 1193 3322 1264 Fredeguudis
3370 1193 3627 1247 habebat.
3674 1198 3783 1250 Au-

2196 1289 2345 1345 diens
2375 1305 2493 1343 eam
2519 1292 2569 1343 iu
2605 1291 2699 1344 has
2729 1290 2915 1345 vineas
2936 1291 3241 1353 advenisse,
3265 1291 3409 1345 misit
3434 1290 3657 1344 nuntios
3687 1290 3777 1343 ob-

2198 1390 2454 1437 testantes
2486 1400 2551 1437 ne
2596 1384 2800 1455 ingredi
2842 1386 3054 1453 penitus
3099 1387 3150 1439 in
3204 1385 3340 1439 banc
3384 1385 3781 1453 possessionem

2206 1484 2578 1540 prtasumeret.
2626 1476 2776 1543 Quod
2820 1478 2905 1531 illa
2936 1476 3259 1547 despiciens,
3291 1488 3344 1531 et
3387 1491 3473 1531 res
3501 1478 3676 1547 patris
3703 1473 3781 1529 sui

2200 1566 2361 1620 fuisse
2392 1569 2757 1636 proclamans,
2792 1570 3027 1640 ingressa
3064 1581 3167 1624 est.
3200 1570 3349 1623 Tunc
3388 1569 3479 1624 ille
3505 1578 3779 1623 commota

2200 1659 2485 1724 sedtione,
2519 1675 2678 1729 super
2703 1677 2819 1715 eam
2865 1676 2984 1715 cum
3036 1663 3258 1715 armatis
3283 1662 3411 1715 viris
3450 1661 3650 1715 irruit:
3678 1677 3779 1728 qua

513 1748 725 1815 clausit,
762 1756 817 1801 ut
847 1748 899 1803 in
931 1748 1012 1802 his
1052 1748 1282 1818 populus
1322 1749 1581 1804 solemnia
1627 1751 1805 1806 divina
1834 1767 1940 1806 non
1972 1768 2095 1821 spe-
2123 1741 2170 1800 Β
2198 1752 2495 1816 interfecta,
2520 1755 2700 1809 vineas
2726 1754 3085 1815 vindemiavit,
3112 1771 3302 1825 resque
3322 1756 3560 1823 diripuit,
3595 1766 3651 1810 et
3675 1768 3781 1809 tam

516 1849 708 1901 claret,
741 1837 911 1894 donec
942 1839 1281 1909 indagatiOne
1300 1844 1567 1895 communi
1596 1845 1917 1909 reperiretur
1942 1845 2097 1914 hujus

514 1938 702 1982 auctor
713 1928 952 1982 sceleris.
968 1929 1071 1983 Sed
1091 1930 1362 2000 etaliquos
1374 1932 1747 2000 apprehendit,
1763 1935 1956 2003 quibus
1968 1951 2097 2005 sup-

516 2020 673 2087 plicio
698 2021 955 2080 subditis.
985 2023 1264 2077 veritatem
1294 2026 1555 2088 extorsit,
1588 2026 1817 2095 qualiter
1846 2042 1940 2094 per
1968 2042 2098 2082 cun-

514 2109 692 2165 silium
718 2110 1084 2180 Fredeguudis
1116 2113 1230 2167 haec
1257 2127 1373 2168 aeta
1405 2115 1653 2169 fuerant:
1686 2118 1778 2171 sed
1812 2134 1871 2171 ea
1904 2120 2094 2174 defen-

514 2214 688 2267 sante,
721 2204 906 2259 ulcisci
941 2221 1044 2257 non
1080 2207 1268 2273 potuit.
1324 2206 1590 2262 Ferebant
1612 2210 1773 2264 etiam
1816 2212 1880 2265 ad
1924 2213 2096 2280 ipsum

516 2308 860 2362 percussores
888 2294 1121 2359 venisse,
1163 2310 1260 2363 pro
1288 2311 1353 2350 eo
1375 2298 1515 2365 quod
1548 2297 1664 2353 haec
1718 2300 1987 2371 inquirere
2015 2319 2100 2358 sa-

516 2387 721 2452 gaciter
758 2385 1079 2449 destinaret;
1113 2387 1206 2440 sed
1234 2388 1476 2441 custodia
1517 2390 1715 2444 vallato
1744 2406 1987 2457 suorum,
2019 2394 2101 2447 ni-

522 2476 598 2531 ltil
628 2478 675 2530 ei
724 2491 920 2531 nocere
942 2487 1247 2546 potuerunt.
1296 2478 1478 2545 Itaque
1516 2494 1639 2534 cum
1685 2481 1796 2535 haec
1825 2482 1892 2537 ad
1927 2482 2099 2539 Gunt-

520 2568 835 2621 chramnum
879 2583 1059 2639 regem
1112 2569 1311 2638 perlata
1342 2570 1589 2637 fuissent,
1615 2581 1671 2625 et
1691 2573 1893 2628 crimen
1936 2588 2102 2644 super

522 2662 802 2716 mulierem
839 2662 1129 2728 jaceretur.
1164 2663 1308 2715 mist
1348 2672 1457 2718 tres
1488 2665 1767 2733 episcopos
1804 2666 1869 2720 ad
1911 2667 2098 2735 illium,

527 2753 619 2822 qtti
645 2767 766 2807 esse
787 2751 984 2807 dicitur
1000 2751 1307 2821 Cbilperici,
1333 2769 1487 2822 quem
1501 2753 1747 2822 superius
1767 2754 2102 2812 Clothariutu

521 2846 991 2915 scripsimus(Lib.
1022 2862 1118 2913 vti,
1147 2864 1261 2915 cap.
1290 2846 1347 2918 ὃ)
1378 2848 1693 2914 vncitatum,
1727 2851 1778 2904 id
1806 2863 1889 2905 est
1912 2851 2105 2907 Arthe-

524 2938 689 2991 ntiuni
743 2937 1088 3000 Senonicum,
1140 2938 1405 2994 Veranum
1464 2939 1922 2997 Cavellionensem
1956 2951 2005 3010 ε,
2051 2951 2105 2998 et

524 3030 810 3099 Agreciutn
840 3030 1197 3085 Tricassinum
1218 3073 1230 3096 ,
1267 3041 1324 3087 ut
1352 3032 1553 3087 scilicet
1600 3048 1719 3088 cum
1760 3034 1842 3089 his
1870 3036 1957 3104 qui
1984 3050 2101 3104 par-

2199 1851 2341 1900 virns
2387 1864 2545 1917 quam
2574 1849 2859 1915 mulieres,
2891 1851 2978 1918 qui
3012 1864 3131 1904 cum
3161 1864 3223 1904 ea
3269 1859 3456 1915 erant,
3505 1848 3783 1903 interfecit

2199 1940 2398 2010 gladio,
2430 1957 2527 1995 nec
2552 1942 2807 1996 remansit
2854 1956 2921 1995 ex
2960 1941 3076 2004 bis.
3110 1942 3211 1996 nisi
3255 1944 3343 2011 qui
3385 1942 3506 2013 I’uga
3543 1942 3650 1996 labi
3682 1957 3785 2011 po-

2201 2036 2321 2085 luit.

2274 2120 2512 2177 XXXIII.
2552 2123 2763 2177 Exsﬁtit
2789 2134 2967 2179 autem
2996 2125 3049 2179 in
3081 2125 3163 2179 bis
3192 2125 3382 2179 diebus
3426 2125 3567 2193 apud
3592 2124 3780 2178 urbem

2202 2213 2521 2269 Parisiacam
2570 2216 2781 2282 mulier,
2814 2215 2974 2287 506
3001 2232 3121 2285 qua:
3152 2217 3357 2270 diceret
3398 2217 3590 2271 Incolis
3624 2234 3637 2268 :
3672 2216 3782 2270 Fu-

2203 2307 2310 2375 gite
2333 2308 2399 2361 ab
2430 2308 2581 2372 urbe,
2604 2317 2660 2361 et
2689 2310 2879 2362 scitete
2900 2323 3020 2362 eam
3046 2309 3293 2363 incendio
3313 2308 3778 2362 concremandam.

2202 2400 2330 2468 Que
2358 2415 2478 2453 cum
2526 2416 2555 2453 a
2601 2400 2784 2454 multis
2830 2401 3170 2462 irrideretur,
3204 2402 3343 2471 quod
3376 2402 3492 2455 haec
3528 2412 3622 2473 aut
3666 2415 3779 2454 sor-

2204 2494 2332 2545 tium
2366 2491 2628 2560 prtesagio
2656 2491 2891 2557 diceret,
2922 2503 3014 2544 aut
3050 2507 3181 2545 vana
3213 2491 3392 2561 aliqua
3436 2491 3780 2554 somniasset,

2204 2592 2295 2638 aut
2324 2594 2470 2639 certe
2525 2584 2771 2638 dzcmonii
2826 2586 3105 2639 meridiani
3164 2585 3258 2655 (V.
3287 2585 3375 2639 lib.
3399 2600 3448 2638 tv
3475 2584 3539 2637 de
3561 2583 3688 2638 Μὶν.
3710 2584 3778 2639 S.

2215 2674 2449 2739 Martini,
2502 2692 2617 2742 cap.
2648 2676 2739 2747 36)
2772 2676 2885 2730 haec
2927 2677 3178 2730 instinctu
3222 2676 3520 2745 proferret,
3552 2690 3780 2744 respon-

2204 2768 2280 2821 dit
2313 2784 2328 2823 :
2360 2768 2701 2837 Nequaquam
2740 2777 2822 2822 est
2869 2768 2939 2822 ita
2971 2776 3029 2822 ut
3055 2768 3254 2822 dicitis.
3294 2769 3425 2821 Nam
3471 2767 3523 2821 itt
3554 2769 3781 2821 veritate

2205 2862 2412 2930 loquor,
2440 2862 2560 2929 quia
2587 2860 2692 2913 vidi
2726 2876 2821 2930 per
2850 2860 3112 2915 somnium
3140 2875 3169 2912 a
3196 2859 3411 2912 basilica
3441 2860 3613 2913 sancti
3648 2857 3783 2909 Vin-

2205 2951 2366 3008 centii
2389 2952 2687 3007 venientem
2718 2952 2889 3005 virum
2915 2952 3290 3015 illuminatum,
3317 2960 3587 3006 tenentem
3617 2966 3782 3005 manu

2207 3056 2444 3105 cereum,
2469 3051 2522 3097 ct
2552 3041 2740 3097 domos
2770 3045 3128 3110 negotiantum
3151 3057 3213 3097 ex
3237 3043 3423 3095 ordine
3446 3045 3781 3098 succenden-

524 3122 705 3176 vulum
738 3122 1061 3189 nutriebant,
1093 3125 1464 3194 perquirerent
1493 3126 1648 3197 hujus
1672 3126 1890 3182 sceleris
1917 3142 2104 3195 perso-
2132 3117 2177 3179 C
2209 3142 2339 3189 tem.
2373 3134 2609 3203 Denique
2632 3144 2747 3200 post
2774 3136 2981 3187 tertiam
3015 3140 3222 3188 noctem
3255 3133 3396 3201 quod
3431 3133 3546 3187 hrc
3590 3136 3784 3189 mulier

525 3227 670 3275 nam,
715 3222 771 3267 et
818 3213 869 3267 in
906 3222 1196 3281 conSpectu
1235 3213 1353 3283 ejus
1388 3215 1724 3272 exbibereut.
1775 3217 1929 3284 Quod
1978 3233 2099 3273 cum

526 3306 837 3361 sacerdotes
879 3305 1038 3359 locuti
1083 3304 1337 3369 fuissent,
1386 3308 1778 3376 responderunt
1828 3310 2100 3372 seniores:

528 3394 690 3467 [‘05
720 3395 883 3449 Nobis
927 3411 1145 3462 [rursus
1175 3396 1289 3451 btec
1329 3396 1465 3453 facta
1509 3400 1816 3468 displicent,
1844 3411 1899 3455 et
1938 3403 2107 3472 magis

529 3502 594 3542 ac
628 3486 795 3555 magis
832 3500 895 3540 ea
931 3485 1171 3556 cupimus
1210 3489 1412 3544 ulcisci.
1453 3489 1584 3545 Nam
1623 3506 1729 3546 non
1762 3502 1935 3562 potest
1966 3492 2103 3562 ﬁeri,

532 3590 591 3632 tit
619 3578 664 3633 si
694 3578 815 3649 quis
842 3578 981 3634 inter
1007 3593 1105 3634 nos
1141 3580 1419 3649 culpabilis
1459 3582 1742 3647 invenitur,
1769 3583 1821 3638 in
1851 3599 2108 3655 conspec-

532 3682 645 3726 tum
692 3671 836 3742 regis
874 3673 1035 3726 vestri
1079 3671 1391 3737 deducatur,
1412 3688 1533 3727 cum
1579 3690 1676 3729 nos
1716 3677 1979 3744 possimus
2012 3693 2108 3734 no-

535 3774 765 3819 strorum
783 3764 1018 3818 facinora
1034 3765 1196 3832 regali
1211 3769 1486 3822 sanctione
1503 3771 1856 3838 comprimere
1883 3770 1931 3825 ἀ.
1955 3772 2107 3827 Tunc

532 3861 843 3911 sacerdotes
866 3858 1113 3911 dixerunt
1137 3874 1150 3911 :
1175 3858 1437 3913 Noveritis
1467 3860 1628 3927 enim,
1656 3863 1780 3931 quia
1808 3864 1854 3917 si
1882 3877 2109 3932 persona

531 3966 653 4019 quae
693 3952 808 4004 btec
843 3953 1192 4020 perpetravit.
1241 3953 1291 4006 in
1337 3953 1513 4007 medio
1551 3956 1719 4023 posita
1767 3971 1871 4009 non
1914 3956 2105 4021 fuerit,

536 4056 633 4098 rex
658 4052 840 4096 noster
871 4058 991 4097 cum
1040 4044 1277 4099 exercitu
1320 4046 1420 4099 ltuc
1458 4048 1698 4114 veniens,
1732 4064 1943 4102 omnem
1974 4052 2111 4103 hanc

533 4135 809 4206 regionem
853 4137 1031 4207 gladio
1074 4138 1425 4207 incendioque
1470 4140 1695 4193 vastabit
1727 4157 1741 4193 :
1772 4140 1895 4209 quia
1941 4141 2112 4194 marti-

533 4232 728 4287 festum
763 4244 846 4288 est
874 4231 1011 4288 hanc
1046 4230 1379 4287 interfecisse
1411 4233 1590 4302 gladio
1618 4234 1960 4303 episcopum,
1990 4249 2109 4304 qua;

608 4397 633 4425 ⁸
660 4388 748 4445 Sic
815 4388 1053 4443 Francos
1099 4389 1294 4457 passim
1338 4389 1571 4457 appellat
1617 4389 1923 4457 Gregorius.
1974 4391 2109 4446 Vino

535 4468 712 4541 autem
747 4460 1131 4550 Iabsyntbiaco,
1177 4460 1520 4550 nonvbarb‘ari
1568 4460 2109 4550 siduntqnsedetnlim
2138 4490 2191 4550 Β

534 4532 676 4582 niani
708 4529 990 4587 utebantur
1016 4529 1065 4581 itt
1090 4531 1370 4593 conviviis,
1404 4538 1461 4584 ut
1488 4546 1553 4584 ex
1576 4530 1870 4598 Capitolino
1901 4532 1951 4584 in
1977 4531 2109 4585 Gor-

535 4599 722 4672 diano,
750 4613 805 4655 et
831 4600 1133 4672 Lampridio
1162 4599 1213 4654 in
1240 4601 1622 4667 liieliogabalo.
1653 4603 1712 4659 S.
1737 4600 2025 4654 Ambrosio
2050 4602 2112 4655 li-

535 4671 638 4725 bro
658 4670 726 4723 de
746 4672 937 4735 Tnbia,
960 4670 1014 4726 et
1039 4672 1158 4723 aliis
1188 4672 1498 4727 auctoribus
1529 4682 1691 4739 patet.
1722 4674 1793 4727 De
1821 4673 1922 4727 boc
1950 4673 2113 4728 etIo—

536 4754 637 4797 nas
668 4741 718 4793 in
752 4742 873 4796 Vita
906 4741 1073 4797 sancti
1100 4743 1432 4795 Colutnbani.

610 4808 708 4866 ltls
748 4823 864 4867 erat
906 4816 1068 4880 episc.
1123 4812 1493 4879 Baiocassinus
1533 4828 1599 4868 ex
1641 4814 1731 4868 lib.
1767 4828 1841 4876 ιι,
1868 4828 1986 4880 cap.
2021 4815 2111 4879 15,

536 4883 691 4951 cujus
712 4886 867 4939 sedes
888 4894 970 4939 est
997 4884 1163 4944 prima
1189 4884 1242 4936 in
1271 4882 1514 4953 Lugdun.
1544 4884 1582 4936 Il
1606 4895 1725 4951 post
1751 4885 2109 4953 metropolim;

537 4955 682 5010 unde
724 4956 952 5010 viduata:
982 4952 1434 5025 Rotbomagensis
1466 4955 1717 5009 Ecclesia!
1763 4952 1945 5009 curam
1988 4967 2113 5012 tunc

538 5030 794 5095 suscepit.

612 5108 635 5137 ο
669 5100 758 5154 Sic
786 5113 916 5153 mss.
941 5107 994 5154 et
1020 5104 1193 5160 recte;
1228 5112 1347 5151 nam
1373 5096 1795 5153 Cabillonensem
1824 5096 2113 5153 Ecclesiam

538 5180 664 5224 tunc.
680 5169 1384 5229 Flavnts,Cavel|ionensem
1404 5184 1550 5231 vero,
1568 5169 2111 5231 SCIICHVBIIICCHSPIH,

544 5239 824 5302 Cavnillon,
856 5241 1116 5306 Verantts,
1148 5242 1423 5301 regebant.
1450 5242 1685 5297 Uterque
1716 5244 1881 5293 (June.
1909 5239 2110 5293 Matisc.

541 5328 630 5363 an.
657 5312 760 5365 585
792 5313 1125 5380 subscripsit.
1169 5312 1303 5365 Editi
1336 5313 1474 5366 male
1502 5311 1920 5365 Cabillonanmm.
1951 5311 2115 5377 llujus

544 5380 735 5434 Verani
770 5383 881 5435 Vita
931 5395 1104 5438 exsmt
1154 5394 1297 5436 turno
1337 5400 1371 5439 ll
1404 5384 1655 5437 Bibliotlt.
1711 5398 1862 5435 nova:
1893 5382 2109 5445 Latibei,

540 5466 661 5519 pag.
706 5452 838 5515 69-);
888 5454 1019 5507 obiit
1067 5470 1122 5508 ιιι
1174 5456 1293 5508 Idus
1320 5454 1657 5515 Novembris,
1707 5455 1797 5507 sed
1856 5453 1971 5517 ipso
2025 5454 2111 5507 die

545 5526 729 5574 Iduum
757 5521 872 5588 ejus
904 5525 1090 5577 festum
1123 5526 1423 5579 celebratur
1454 5526 1506 5577 in
1537 5542 1627 5579 sua
1663 5526 1813 5577 urbe.
1842 5527 2111 5577 Artemius

539 5602 719 5646 autem
759 5594 1087 5647 Settuneusis
1124 5596 1437 5659 subscripsit
1478 5598 1640 5648 Cone.
1685 5594 1886 5648 Matisc.
1918 5606 2011 5647 tet
2050 5611 2109 5647 ιι.

539 5664 748 5717 tioiitnr
778 5664 915 5729 apud
940 5668 1179 5718 Senones
1209 5667 1294 5718 die
1320 5664 1390 5717 ‘25
1420 5667 1635 5727 Aprilis.
1663 5665 1938 5727 Agrmcius
1963 5666 2113 5717 deni-

537 5750 647 5801 que
668 5733 1001 5794 Τιξιςςξδκξιιυε
1031 5736 1192 5789 Couc.
1228 5736 1429 5789 Matisc.
1463 5752 1495 5789 Ii
1526 5736 1837 5806 subscripsit
1869 5752 1960 5804 per
1988 5738 2110 5788 tuis-

2206 3236 2291 3282 est
2316 3225 2494 3289 eﬂ‘ata,
2536 3227 2819 3282 inchoante
2855 3226 3203 3295 crepusculo,
3231 3226 3445 3294 quidam
3494 3241 3527 3279 e
3572 3227 3782 3281 civibus

2205 3331 2438 3372 accenso
2487 3316 2717 3382 lumine,
2773 3318 2825 3370 in
2869 3316 3290 3386 promptuarium
3345 3326 3427 3370 est
3477 3317 3784 3386 ingressus.

2206 3408 2733 3478 assumptoque‘oleo
2763 3416 2788 3455 ε
2819 3423 2881 3461 ac
2912 3409 3120 3461 caeteris
3140 3422 3258 3475 quas
3287 3421 3581 3460 necessaria
3603 3418 3782 3471 erant,

2207 3499 2505 3561 abscessit,
2561 3497 2760 3553 lumine
2814 3512 2967 3552 secus
3020 3498 3284 3567 cupellam
3336 3498 3439 3551 olei
3474 3499 3777 3557 ,derelictu.

2210 3592 2337 3645 Erat
2363 3591 2505 3646 enim
2538 3591 2726 3645 domus
2756 3590 2871 3645 haec
2902 3591 3067 3659 prima
3107 3604 3261 3645 secus
3299 3602 3529 3657 portam,
3557 3607 3681 3661 qua:
3712 3594 3781 3648 ad

2209 3684 2484 3739 meridiem
2527 3685 2706 3754 pandit
2751 3700 3051 3754 egressum.
3101 3685 3178 3741 Et
3213 3704 3320 3757 quo
3349 3690 3548 3743 lumine
3584 3704 3786 3756 appre-

2210 3775 2829 3831 hensadomusincendio
2841 3780 3316 3841 concrematur,de
3344 3795 3443 3849 qua
3469 3789 3522 3832 et
3551 3779 3672 3833 alia:
3693 3796 3786 3848 ap-

2209 3868 2468 3939 prehendi
2499 3877 2795 3935 cazperunt.
2822 3866 2969 3921 Tunc
2991 3868 3237 3924 diruente
3258 3870 3376 3938 igne
3394 3885 3556 3937 super
3576 3870 3786 3925 vinctos

2210 3960 2461 4020 carceris,
2494 3960 2740 4029 apparuit
2787 3961 2865 4013 eis
2893 3960 3080 4016 beatus
3108 3961 3425 4025 Germanus,
3470 3972 3525 4017 et
3559 3964 3787 4017 cummi-

2212 4067 2381 4107 nuens
2413 4052 2615 4105 trabem
2646 4065 2807 4120 atque
2839 4061 3090 4119 catenas,
3120 4054 3310 4123 quibus
3341 4055 3497 4109 vincti
3531 4058 3788 4111 teneban-

2213 4154 2318 4207 tur,
2346 4153 2583 4198 reserato
2613 4145 2845 4197 caret-ris
2891 4146 3049 4208 ostio,
3082 4147 3287 4198 vinctos
3340 4146 3490 4200 abire
3538 4150 3787 4217 permisit

2213 4236 2528 4292 incolumes.
2579 4235 2657 4289 Illi
2687 4249 2814 4288 vero
2850 4236 3051 4303 egressi
3096 4251 3156 4290 se
3198 4236 3266 4290 ad
3306 4236 3578 4292 basilicam
3610 4241 3787 4293 sancti

2213 4406 2331 4447 sum
2362 4405 2513 4462 suum
2541 4389 2729 4462 :quod
2762 4387 3170 4462 b_ic_obse.rvare
3197 4391 3364 4462 visum
3399 4400 3514 4462 est,
3540 4406 3607 4446 eo
3641 4392 3789 4462 quod

2216 4463 2370 4527 hujus
2400 4460 2672 4519 antistitis,
2698 4469 2751 4514 et
2781 4458 2972 4513 Felicis
3005 4459 3314 4515 Be’ilicensis
3340 4461 3581 4526 nomina,
3608 4458 3792 4517 nescio

2214 4547 2467 4601 quocasu
2498 4534 2547 4583 in
2570 4529 3049 4601 subscriptiouibus
3068 4531 3287 4585 Concilii
3311 4532 3520 4587 Matisc.
3547 4547 3646 4587 suo
3669 4535 3789 4589 loco

2215 4600 2607 4665 desiderentur,
2642 4612 2699 4655 ut
2727 4610 2908 4655 monet
2929 4600 3246 4656 Sirmondus
3274 4604 3329 4655 in
3360 4604 3572 4657 erratis.

2286 4671 2314 4711 ἀ
2343 4674 2490 4738 Quod
2520 4687 2711 4741 nempe
2736 4671 2917 4732 alium,
2940 4681 3130 4740 praeter
3151 4673 3477 4727 Chlotariuni
3496 4674 3789 4742 juniorem,

2216 4759 2393 4813 regem
2423 4760 2526 4799 non
2553 4749 2939 4813 agnoscerent,
2987 4742 3141 4811 cujus
3171 4746 3318 4813 regni
3361 4743 3462 4811 ipsi
3495 4747 3788 4811 optimates

2216 4812 2368 4871 erant
2394 4826 2450 4869 et
2477 4812 2764 4868 consiliarii
2788 4853 2803 4877 ,
2828 4827 2991 4880 penes
3011 4828 3147 4882 quos
3164 4856 3179 4879 ,
3226 4812 3297 4868 ub
3324 4815 3463 4883 regis
3488 4814 3790 4882 infantiam,

2218 4902 2396 4942 rerum
2426 4883 2816 4939 administratio
2840 4893 2992 4947 erat;
3027 4886 3355 4953 proindeque
3378 4885 3579 4938 nullum
3617 4890 3700 4953 jus
3734 4889 3791 4943 in

2218 4972 2313 5011 eos
2345 4958 2488 5025 ipsos
2518 4956 2877 5010 Gnntramuus
2918 4954 3159 5010 haberet.
3211 4954 3361 5009 Unde
3402 4954 3676 5013 Melantius
3695 4972 3795 5013 se-

2220 5028 2339 5081 dem
2392 5028 2868 5090 itotbontagensem
2890 5066 2905 5085 ,
2938 5025 3163 5095 iaveute
3204 5025 3571 5095 Fredegunde,
3602 5042 3792 5083 rursus

2217 5100 2470 5163 obtinuit,
2494 5098 2576 5152 cui
2601 5096 2892 5165 Gregorius
2932 5094 2999 5150 Μ.
3032 5094 3395 5166 Augustinum
3426 5098 3662 5165 aliosque
3684 5115 3795 5152 mo.

2220 5170 2418 5223 nacbns
2445 5172 2494 5221 in
2536 5168 2780 5237 Angliam
2810 5166 3206 5235 proficiscentes
3249 5168 3644 5223 commendavit
3691 5170 3793 5224 lib.

2220 5257 2287 5301 ιχ,
2314 5242 2470 5301 epist.
2503 5239 2588 5292 δι’.

2336 5282 2341 5287 ,
2385 5257 2470 5295 tSt.
2503 5257 2588 5292 az.

2290 5257 2677 5377 *egttbscrtpsit
2704 5308 2867 5364 Couc.
2903 5308 3101 5363 Turon.
3149 5325 3204 5373 ιι,
3238 5325 3328 5364 an.
3359 5308 3485 5373 567,
3536 5321 3588 5364 et
3615 5311 3797 5365 lauda.

2218 5392 2302 5436 tur
2331 5398 2361 5435 a
2392 5380 2680 5434 Fortunato
2710 5383 2800 5434 lib.
2834 5397 2908 5443 ιιι.
2947 5394 3110 5433 carm.
3152 5380 3203 5433 4.

2294 5451 2311 5489 ί
2360 5454 2565 5516 Iiegm.,
2602 5451 2881 5506 Bodoleno.
2914 5450 3044 5517 Cap.
3072 5466 3257 5518 prmc.,
3291 5462 3344 5504 et
3372 5452 3507 5503 infra
3536 5466 3651 5519 cap.
3693 5450 3794 5519 ιξ,

2217 5524 2411 5576 dicitur
2439 5522 2783 5591 Beppolenus.
2832 5524 2896 5576 V.
2944 5537 3063 5587 cap.
3093 5522 3179 5575 45.
3224 5522 3450 5575 Intentio
3503 5521 3609 5584 hic,
3653 5523 3798 5581 sicut

2217 5605 2269 5647 et
2322 5608 2514 5662 pztSSLIII
2568 5592 2703 5662 apud
2734 5595 2918 5664 Greg.,
2964 5594 3355 5647 contentionem
3395 5609 3488 5645 seu
3523 5593 3792 5650 lttemde.

2218 5679 2411 5731 Slgttal.

2288 5744 2310 5781 ε
2357 5736 2442 5793 Sic
2464 5734 2667 5796 Casitm
2699 5738 2874 5791 caueri
2939 5744 3294 5807 damnatoque
3323 5749 3400 5802 eo,
3432 5742 3523 5789 aut
3549 5735 3616 5791 ab
3639 5750 3718 5795 ω.
