3942 6190
166 281 267 335 475

1086 271 1403 332 HISTORIA
1444 268 1884 329 FRANCORUM.
1926 269 2128 325 LIBER
2165 270 2511 327 OCTAVUS.

3295 272 3399 329 ιη

171 401 452 469 ἴίιιωιιιίἰ,
484 401 538 454 iu
564 414 667 469 qua
693 398 992 465 sepulcrum
1021 397 1242 452 habetur
1266 397 1405 453 beati
1436 392 1727 454 Antistitis,
1755 386 1810 446 Δ
1835 399 2015 445 mento
2042 389 2112 446 de
2141 389 2367 461 pellibus
2403 397 2604 444 tantum
2632 396 2892 456 uteretur,
2924 387 3098 444 cibum
3120 389 3189 444 de
3217 387 3402 445 herbis

170 497 523 552 contulerunt.
548 492 712 561 Igitur
738 507 860 545 cum
900 506 997 559 per
1027 499 1190 545 totam
1212 491 1484 545 civitatem
1516 491 1620 543 huc
1652 496 1733 541 at-

171 605 265 658 que
292 588 418 643 illuc
447 586 611 640 ﬂante
640 592 802 639 vento
831 583 1039 638 ﬂamma
1070 581 1322 651 ferretur,
1354 582 1581 652 totisque
1603 581 1733 636 viri-

172 681 261 736 bus
288 689 540 750 regnaret
586 678 889 732 incendium
916 719 932 743 ,
987 678 1414 745 appropinquare
1464 676 1531 730 ad
1566 675 1733 730 aliam

174 783 367 841 portam
395 770 583 837 cmpit.
610 769 664 824 in
695 784 795 837 qua
824 769 959 824 beati
984 769 1190 823 Martini
1230 768 1523 823 oratorium
1568 766 1735 821 babe-

174 866 355 919 batur:
391 862 535 930 quod
564 863 633 916 ob
687 862 788 916 hoc
839 860 1124 929 aliquando
1167 860 1364 914 factum
1415 859 1623 922 fuerat,
1668 872 1735 912 eo

171 954 300 1025 quod
331 954 406 1007 ibi
432 954 638 1020 lepram
685 951 943 1006 maculosi
993 950 1223 1004 hominis
1272 949 1458 1004 osculo
1498 948 1739 1015 depulis—

169 1054 303 1099 set'.
332 1043 425 1097 Vir
454 1053 635 1098 autem
661 1042 748 1111 qui
776 1058 897 1098 eum
922 1043 1143 1095 intextis
1167 1042 1407 1109 virgultis
1429 1040 1480 1093 in
1509 1040 1738 1094 sublime

171 1142 562 1200 construxerat,
596 1134 832 1188 conlisus
861 1136 912 1188 in
935 1133 1092 1204 E07
1114 1134 1357 1197 Domino,
1386 1121 1483 1185 nec
1504 1132 1573 1185 de
1600 1131 1736 1185 beati

170 1228 382 1283 Martini
421 1227 621 1281 virtute
647 1226 889 1292 diffisus,
945 1242 1004 1281 se
1056 1241 1248 1294 resque
1275 1240 1401 1280 suas
1452 1223 1590 1278 intra
1621 1224 1740 1289 ejus

172 1320 405 1390 parietes
440 1319 690 1385 ambivit,
718 1318 939 1374 dicens:
968 1316 1140 1373 Credo
1169 1320 1334 1383 enim,
1374 1326 1427 1372 et
1460 1315 1591 1370 fides
1620 1328 1738 1367 mea

168 1435 269 1487 est,
300 1425 443 1492 quod
476 1424 702 1489 repellat
727 1421 795 1476 ab
823 1422 921 1476 hoc
943 1420 1061 1475 loco
1084 1418 1407 1481 incendium,
1432 1416 1518 1485 qui
1542 1414 1740 1482 sapius

174 1516 435 1571 incendiis
476 1514 794 1581 imperavit,
820 1522 876 1569 et
903 1512 956 1567 in
988 1512 1090 1566 hoc
1117 1512 1238 1566 loco
1285 1510 1478 1577 leprosi
1511 1507 1741 1562 hominis

167 1617 342 1660 cutem
390 1606 580 1661 osculo
641 1605 887 1660 medente
953 1603 1216 1674 purgavit.
1274 1602 1740 1670 Appropinquante

166 1698 307 1751 enim
342 1697 468 1750 illuc
498 1696 772 1763 incendio,
804 1695 1109 1749 ferebantur
1138 1693 1297 1747 validi
1325 1691 1469 1761 globi
1498 1692 1738 1745 ﬂamma-

1837 483 2131 552 agrestibus
2160 481 2383 539 incoctis
2409 492 2666 545 sumeret;
2695 481 2800 536 vini
2830 496 2957 537 vero
2988 490 3189 537 tantum
3219 497 3309 536 vas
3329 480 3398 538 ad

1836 587 1898 628 os
1948 584 2211 641 poneret,
2275 571 2410 640 quod
2456 573 2624 642 magis
2677 582 2949 641 putaretur
2996 572 3186 627 libare
3214 572 3400 628 osculo

1835 680 1991 734 quam
2022 664 2253 718 haurire.
2284 663 2388 718 Sed
2419 678 2537 717 cum
2567 661 2738 718 eidem
2759 661 3250 734 Mdevotorum
3297 661 3403 716 Iar-

1835 758 1971 827 gitas
2001 757 2303 828 frequenter
2331 756 2606 812 exhiberet
2651 770 2777 811 vasa
2825 756 2927 810 hoc
2955 756 3113 824 plena
3154 754 3358 824 liquore
3382 795 3399 819 ,

1835 849 2042 912 didicit,
2067 849 2205 918 quod
2240 848 2390 916 peius
2418 856 2529 909 est.
2572 856 2721 902 extra
2754 847 2966 902 modotu
2997 847 3209 901 haurire
3229 887 3247 907 ,
3268 856 3324 901 et
3349 846 3401 900 in

1839 949 2040 995 tantum
2070 938 2289 992 dissolvi
2317 938 2554 1007 potione.
2586 946 2646 991 ut
2676 938 2986 1006 plerumque
3010 934 3190 990 ebrius
3212 948 3387 990 cerne

1834 1040 2022 1089 retur:
2054 1032 2195 1086 unde
2220 1034 2416 1086 laetum
2447 1037 2558 1095 est,
2591 1040 2646 1084 ut
2672 1030 3031 1086 invalescente
3057 1030 3401 1093 temulentis,

1840 1131 2079 1191 tempore
2109 1124 2453 1191 procedente,
2475 1137 2506 1176 a
2528 1122 2791 1176 dremonio
2817 1132 3113 1191 correptus,
3136 1136 3231 1187 per
3250 1135 3408 1175 enero

1838 1215 1976 1282 giam
2006 1224 2310 1280 vexaretur,
2361 1214 2414 1268 in
2448 1224 2647 1268 tantum
2703 1224 2762 1270 ut
2812 1222 3030 1281 accepto
3082 1214 3289 1278 cultro,
3320 1212 3408 1267 vel

1834 1306 2191 1378 quodcunque
2217 1321 2385 1374 genus
2410 1305 2529 1371 teli,
2558 1305 2640 1361 vel
2671 1305 2920 1374 lapidem,
2950 1315 3041 1359 aut
3086 1303 3280 1359 fustem
3309 1318 3409 1373 po-

1840 1403 2031 1457 tuisset
2056 1402 2318 1470 arripere,
2359 1408 2481 1471 post
2513 1399 2755 1454 homines
2783 1401 2971 1453 insano
2998 1396 3175 1453 furore
3200 1397 3410 1451 discur-

1839 1506 2009 1561 reret;
2051 1494 2192 1550 unde
2242 1494 2538 1549 necessitas
2584 1494 2800 1562 exegit,
2844 1504 2900 1547 ut
2950 1491 3152 1545 catenis
3202 1490 3409 1547 vinctus

1838 1590 2196 1647 custodiretur
2239 1590 2290 1642 in
2320 1588 2536 1643 cellula.
2574 1586 2631 1640 In
2663 1587 2763 1640 hac
2812 1600 3024 1656 quoque
3070 1584 3413 1640 damnatione

1841 1696 1938 1751 per
1964 1680 2186 1735 duorum
2233 1692 2497 1733 annorum
2543 1676 2712 1744 spatia
2757 1675 3095 1731 debacchans
3119 1715 3133 1741 ,
3164 1674 3407 1742 spiritum

168 1804 308 1852 rum,
330 1791 419 1859 qni
444 1790 804 1857 percutientes
829 1791 1088 1858 parietem
1119 1785 1359 1852 oratorii,
1390 1784 1631 1853 protinus
1660 1792 1740 1837 te-
1768 1750 1818 1813 Β
1844 1773 2138 1830 exhalavit.
2191 1772 2343 1828 Alius
2391 1784 2603 1840 quoque
2649 1770 2927 1824 Anatolius
2982 1768 3405 1838 Bttrdegalensis,

167 1882 480 1948 pescebzint.
504 1880 783 1937 Clamabat
812 1893 989 1935 autem
1021 1880 1244 1950 populus
1268 1879 1380 1933 viro
1404 1892 1468 1931 ac
1490 1876 1699 1931 mulieri
1727 1892 1740 1929 :

172 1974 379 2043 Fugite.
415 1992 448 2029 ο
492 1976 721 2043 miseri,
779 1986 834 2030 ut
887 1976 1113 2030 evadere
1163 1974 1402 2044 possitis.
1451 1975 1589 2029 Ecce
1634 1972 1743 2043 jam

169 2066 371 2130 ignium
404 2068 612 2135 pondus
641 2081 802 2130 super
823 2081 919 2121 vos
945 2066 1119 2121 deruit
1145 2082 1159 2129 ;
1189 2080 1316 2121 ecce
1347 2064 1540 2119 favillae
1560 2065 1745 2118 incen-

166 2156 240 2209 dii
271 2171 394 2210 cum
425 2158 774 2224 carbonibus,
805 2168 1053 2225 tanquam
1086 2156 1292 2210 validus
1320 2155 1513 2221 imber,
1552 2155 1616 2209 ad
1646 2168 1742 2209 vos

168 2262 340 2316 usque
379 2248 727 2303 distenditur.
763 2247 1090 2318 Egredimini
1121 2248 1188 2300 ab
1217 2247 1484 2314 oratorio,
1527 2261 1595 2301 ne
1622 2261 1743 2300 eum

167 2339 360 2392 eodem
391 2340 640 2394 incendio
665 2339 1096 2395 concrememini.
1120 2339 1191 2393 At
1212 2338 1285 2393 illi
1308 2338 1602 2393 orationem
1627 2336 1744 2391 fun-

168 2429 384 2491 dentes,
434 2443 706 2498 nunquam
752 2428 819 2482 ab
849 2428 933 2482 bis
982 2428 1198 2483 vocibus
1236 2427 1607 2482 movebantur.
1637 2426 1743 2483 Sed

170 2534 275 2575 nec
302 2521 499 2575 mulier
541 2536 602 2575 se
649 2536 880 2591 unquam
917 2535 947 2573 a
975 2518 1231 2587 fenestra,
1260 2535 1356 2589 per
1383 2535 1540 2590 quam
1569 2520 1742 2575 inter-

168 2614 300 2669 dum
338 2614 570 2670 flammaa
600 2614 1048 2686 ingrediebantur,
1078 2614 1310 2680 amovit;
1348 2629 1466 2682 quae
1493 2621 1608 2668 erat
1645 2627 1742 2682 spe

169 2705 487 2760 ﬁrmissima
537 2706 607 2760 de
655 2706 849 2761 virtute
899 2705 1038 2760 beati
1089 2704 1341 2759 antistitis
1390 2705 1740 2773 praemunita.

164 2797 449 2866 Tantaque
480 2796 579 2850 fuit
603 2797 775 2852 virtus
820 2795 963 2850 beati
995 2796 1295 2863 pontificis,
1328 2805 1522 2850 utnon
1567 2796 1739 2851 solum

166 2885 277 2939 hoc
296 2885 590 2940 oratorium
632 2901 752 2941 cum
798 2886 999 2940 alumni
1048 2886 1245 2956 proprii
1287 2885 1449 2940 domo
1474 2886 1737 2954 salvaret,

166 2994 357 3033 verum
384 2980 544 3032 etiam
573 2994 671 3033 nec
696 2978 813 3033 aliis
834 2978 1077 3033 domibus
1098 2994 1216 3049 quae
1242 2979 1295 3032 in
1322 2978 1546 3033 circuitu
1567 2988 1743 3044 erant,

164 3084 368 3124 nocere
392 3070 621 3125 ﬂammis
649 3070 1041 3125 dominantibus
1061 3070 1422 3139 permisisset:
1453 3070 1631 3139 ibique
1654 3086 1743 3126 ce-

1844 1883 1999 1939 puer,
2029 1874 2090 1922 ut
2113 1868 2312 1930 ferunt,
2341 1878 2599 1917 annorum
2648 1861 2959 1925 duodecim,
2997 1874 3116 1915 cum
3160 1868 3304 1913 esset
3336 1858 3413 1910 fa-

1842 1964 2016 2018 mulus
2043 1959 2316 2029 cujusdam
2344 1956 2727 2027 negotiatoris,
2762 1953 2909 2022 petiit
2940 1953 3038 2007 sibi
3064 1952 3129 2006 ad
3156 1951 3413 2006 reclusio-

1843 2070 1967 2111 nem
2013 2051 2284 2109 licentiam
2333 2049 2515 2105 tribui.
2548 2048 2652 2104 Sed
2696 2046 2979 2102 resistente
3029 2045 3118 2098 diu
3150 2043 3411 2109 domino,

1844 2155 2035 2217 putans
2070 2160 2192 2201 eum
2243 2145 2295 2197 in
2345 2143 2445 2196 hoc
2493 2150 2798 2209 tepescere,
2838 2146 2995 2207 atque
3041 2135 3262 2204 implere
3305 2147 3411 2189 non

1844 2239 2074 2309 possein
2108 2237 2206 2291 hac
2233 2245 2409 2299 aetate,
2434 2232 2577 2303 quod
2600 2233 2865 2286 nitebatur
2891 2239 3144 2297 appetere
3161 2266 3175 2291 ,
3195 2225 3410 2281 tandem

1844 2333 2016 2387 victus
2045 2331 2289 2400 precibus
2319 2328 2501 2383 famuli
2533 2326 2832 2379 facultatem
2864 2323 3079 2385 tribuit,
3103 2330 3161 2375 ut
3188 2319 3239 2373 id
3267 2319 3411 2388 quod

1844 2423 2119 2493 ﬂagitabat
2144 2422 2411 2490 impleret.
2439 2419 2566 2473 Erat
2589 2426 2764 2471 antem
2789 2415 2861 2470 ibi
2882 2423 3066 2484 crypta
3086 2413 3154 2466 ab
3181 2410 3413 2480 antiquis

1846 2517 2173 2571 transvoluto
2189 2512 2407 2585 (Gallice
2426 2510 2606 2581 vouté)
2623 2508 2948 2579 elegantique
2970 2521 3133 2575 opere
3152 2505 3412 2574 exposita,

1848 2609 1898 2663 in
1913 2608 2064 2677 cujus
2074 2607 2266 2676 angulo
2282 2615 2397 2659 erat
2409 2604 2595 2658 cellula
2620 2616 2776 2671 parva
2790 2598 3137 2670 dequadratis
3151 2596 3415 2665 lapidibus

1846 2703 2046 2767 clausa,
2079 2700 2130 2753 iti
2160 2714 2318 2769 quam
2346 2698 2431 2750 vix
2467 2711 2604 2750 unus
2644 2705 2791 2749 stans
2832 2693 2991 2747 homo
3021 2692 3181 2761 recipi
3215 2698 3415 2759 posset.

1847 2792 1904 2845 In
1922 2791 2060 2846 hanc
2079 2791 2323 2846 cellulam
2347 2805 2481 2859 puer
2504 2787 2816 2856 ingreditur;
2843 2786 2894 2839 in
2922 2786 3021 2839 hac
3046 2798 3139 2852 per
3176 2792 3296 2837 octo
3323 2790 3417 2838 aut

1848 2898 1913 2938 eo
1963 2885 2192 2953 amplius
2241 2897 2412 2936 annos
2457 2887 2837 2941 commoratus,
2866 2879 3011 2932 tenui
3038 2876 3156 2931 cibo
3185 2885 3418 2943 potuqne

1847 2985 2151 3041 contentus,
2190 2974 2383 3043 vigiliis
2408 2970 2844 3039 orationibusque
2898 2968 3139 3023 vacabat.
3173 2964 3419 3022 Posthac

1851 3083 2099 3135 pavorem
2127 3067 2357 3119 validum
2380 3076 2689 3133 perpessus,
2708 3061 2941 3115 clamare
2966 3060 3147 3127 cmpit,
3166 3058 3418 3113 intrinse-

162 3163 308 3217 cidit
334 3163 661 3231 incendium,
693 3162 835 3230 quod
877 3163 944 3216 ab
991 3116 1093 3216 un;
1122 3172 1270 3231 parte
1310 3162 1484 3231 pontis
1506 3116 1744 3234 coeperat
1769 3116 1817 3181 ο
1847 3116 1941 3216 cus
1957 3172 2016 3213 se
2037 3157 2293 3225 torqueri.
2316 3116 2467 3209 Utine
2483 3116 2684 3207 factum
2701 3163 2800 3217 est,
2821 3162 2878 3205 ut
2894 3151 3337 3221 adjuvanteeum,
3361 3155 3421 3205 ut

162 3254 457 3308 deservire.
487 3253 569 3307 Ab
588 3252 692 3307 alia
722 3268 849 3307 vero
878 3263 1026 3322 parte
1049 3262 1156 3307 tam
1186 3254 1360 3309 valide
1390 3256 1589 3323 :cuncta
1617 3271 1745 3310 con-

166 3345 452 3411 ﬂagravit,
498 3353 555 3398 ut
599 3345 772 3399 amnis
796 3344 954 3398 finem
1001 3346 1327 3412 imponeret.
1356 3345 1744 3403 Verumtamen

167 3435 420 3490 ecclesia
448 3451 554 3489 non
605 3443 730 3489 sunt
771 3435 973 3490 adustae
1001 3452 1122 3490 cum
1162 3438 1408 3493 domibus
1436 3439 1571 3493 suis.
1622 3440 1747 3495 Aie-

170 3527 309 3580 bant
336 3527 476 3581 enim
509 3526 644 3582 hanc
669 3527 853 3582 urbem
884 3527 1030 3595 quasi
1064 3538 1429 3582 consecratam
1458 3529 1624 3584 fuisse
1645 3545 1746 3585 an-

174 3618 429 3683 tiquitus,
461 3628 646 3673 utnon
677 3619 745 3672 ibi
777 3618 1077 3674 incendium
1108 3619 1455 3688 pra-valeret,
1485 3636 1589 3675 non
1630 3637 1745 3676 ser-

166 3726 327 3780 pens,
363 3726 467 3765 non
497 3710 599 3781 glis
622 3714 975 3781 apparuisset.
1004 3711 1184 3782 Nuper
1227 3724 1404 3768 autem
1432 3728 1552 3768 cum
1589 3714 1746 3768 cuni-

164 3802 328 3859 culus
358 3802 530 3872 pontis
556 3804 957 3872 emundaretur,
992 3816 1048 3862 et
1076 3820 1288 3862 omnum
1316 3806 1384 3859 de
1430 3820 1535 3874 quo
1568 3805 1745 3873 reple-

167 3907 287 3951 tum
319 3896 514 3963 fuerat,
547 3895 868 3966 auferretur,
892 3909 1192 3968 serpentem
1221 3900 1521 3968 glirernque
1546 3913 1744 3953 aereum

166 3996 517 4057 repererunt.
548 3987 753 4055 Quibus
782 3990 993 4057 ablatis,
1023 3998 1078 4045 et
1102 3992 1265 4060 glires
1288 3990 1358 4045 ibi
1386 3990 1638 4059 deinceps
1657 4005 1751 4046 ex-

167 4088 256 4135 tra
290 4096 597 4143 numerum,
640 4089 696 4135 et
732 4094 1009 4149 serpentes
1033 4091 1434 4152 apparuerunt;
1464 4089 1520 4138 et
1565 4089 1750 4152 postea

168 4171 419 4226 incendia
460 4169 697 4240 perferre
717 4173 895 4241 erepit.

248 4260 489 4315 XXXIV.
520 4261 583 4316 Et
620 4266 744 4332 quia
776 4264 1022 4333 princeps
1045 4263 1384 4319 tenebrarum
1417 4264 1562 4320 mille
1592 4264 1752 4320 habet

167 4362 320 4409 artes
349 4354 611 4415 nocendi;
639 4355 763 4423 quid
790 4355 857 4410 de
888 4357 1143 4411 reclausis
1185 4372 1249 4412 ac
1282 4354 1388 4412 Deo
1417 4358 1627 4412 devotis
1655 4374 1752 4413 nu-

168 4460 273 4515 per
298 4454 504 4514 gestum
530 4445 713 4507 fuerit,
744 4447 990 4514 pandam.
1037 4447 1314 4503 Vennocus
1361 4449 1549 4512 Britto,
1592 4463 1743 4519 pres-

168 4536 366 4606 byterii
427 4538 632 4590 honore
680 4537 931 4604 przeditus
952 4578 967 4600 ,
995 4538 1145 4607 cujus
1173 4540 1223 4593 in
1254 4539 1360 4592 alio
1389 4539 1527 4593 libro
1554 4540 1747 4594 memi-

169 4632 350 4684 nimus
381 4629 429 4696 δ,
462 4638 624 4683 tantae
666 4644 725 4684 se
776 4632 1110 4685 abstinentia:
1154 4631 1457 4696 dedicavit,
1492 4641 1545 4685 ut
1593 4631 1751 4686 indu-

254 4884 281 4913 ⁸
313 4875 425 4930 Hoc
446 4873 759 4929 miraculum
806 4875 972 4931 refert
999 4872 1269 4945 Sulpicius
1319 4872 1507 4928 Sever.
1549 4871 1602 4927 in
1627 4871 1748 4928 Vita

169 4946 230 5003 S.
262 4945 489 5001 Martini.
521 4946 825 5005 Oratorium
852 4962 999 5009 vero,
1022 4944 1161 5014 quod
1188 4944 1271 4997 bic
1294 4954 1635 5008 memoratur,
1687 4945 1740 5003 in

170 5019 285 5085 ipsa
335 5018 596 5086 Sequanae
646 5017 813 5070 insula
841 5017 906 5070 ad
955 5015 1421 5084 septentrionalem
1453 5015 1600 5086 urbis
1629 5029 1741 5083 por-

173 5099 283 5142 tam
329 5085 558 5154 positum
613 5086 777 5139 fuisse
806 5088 1071 5141 existimat
1105 5086 1344 5139 Valesius
1389 5087 1441 5139 in
1489 5085 1745 5151 discepta-

170 5161 314 5213 tione
338 5161 404 5212 de
434 5158 669 5212 basilicis
694 5171 810 5225 cap.
841 5157 898 5221 2,
951 5156 1133 5221 procul
1162 5156 1227 5209 ab
1268 5172 1332 5209 eo
1370 5156 1510 5219 loco,
1554 5156 1605 5208 in
1637 5172 1742 5223 quo

168 5229 748 5284 nuncvisitnrecclesia
777 5230 943 5282 sancti
962 5228 1209 5281 Martinia
1232 5226 1447 5291 Campis
1473 5227 1631 5296 vulgo
1659 5226 1742 5278 di-

169 5310 277 5363 cla,
300 5316 456 5368 qnam
486 5316 515 5353 a
547 5311 697 5365 patre
723 5314 821 5351 suo
850 5300 1075 5353 llenrico
1098 5314 1220 5368 rege
1243 5307 1597 5368 constructam
1616 5296 1740 5349 Plii-

171 5367 340 5438 lippns
369 5373 383 5424 l
431 5371 755 5424 Francorum
785 5384 876 5423 rex
906 5367 1341 5424 Cluniacensibns
1381 5367 1738 5438 Benedictinis

169 5437 444 5496 monachis
501 5441 702 5494 szecnlo
745 5456 794 5494 XI
845 5441 1052 5493 labente
1108 5439 1371 5492 attribuit.
1424 5437 1736 5491 Persuasum

170 5519 340 5568 tamen
366 5514 599 5567 habebat
625 5512 900 5577 Henricus,
932 5512 1070 5565 seibi
1096 5510 1371 5564 ecclesiam
1401 5520 1734 5573 construere,

167 5585 254 5637 ubi
287 5599 441 5638 vetns
472 5581 606 5636 illud
640 5582 924 5634 oratorium
946 5591 1168 5635 Steterat
1194 5598 1206 5633 :
1231 5580 1322 5635 sed
1348 5579 1648 5643 fallebatur,
1673 5579 1741 5631 in-

165 5656 563 5722 quit-Valesius,
582 5666 679 5704 nec
706 5651 891 5722 mirum
921 5667 1040 5722 esse
1066 5651 1213 5722 dicit,
1238 5666 1357 5722 cum
1385 5649 1589 5722 nullu_m
1612 5657 1740 5703 tunc

167 5718 472 5794 superesset
505 5722 703 5793 prioris
737 5721 876 5778 illius
904 5720 1115 5778 aedilicii
1166 5721 1467 5790 vestigium.
1520 5718 1735 5776 Certum

1844 3253 2026 3317 credo,
2057 3249 2330 3303 diabolicae
2359 3246 2521 3315 partis
2551 3243 2771 3307 militia,
2804 3246 2997 3307 amotis
3043 3244 3258 3312 quadris
3300 3243 3418 3312 quia

1846 3346 1943 3401 bus
1965 3342 2247 3398 conclusus
2272 3338 2569 3400 tenebatur,
2585 3337 2809 3390 elideret
2836 3337 3094 3405 parietem
3118 3335 3173 3389 in
3197 3344 3418 3400 terram,

1847 3436 2104 3490 collidens
2131 3433 2428 3503 paltnas,et
2456 3427 2695 3481 clamans
2724 3442 2782 3481 se
2809 3440 2839 3480 a
2872 3427 3071 3481 sanctis
3097 3424 3190 3478 Dei
3216 3425 3417 3490 peruri.

1846 3530 2087 3593 Cumque
2112 3526 2410 3580 diutissime
2437 3527 2487 3580 in
2512 3524 2610 3579 hac
2637 3522 2838 3577 insania
2866 3531 3156 3579 teneretur,
3175 3526 3228 3571 et
3251 3516 3422 3571 sancti

1848 3619 2061 3675 Martini
2102 3618 2343 3673 crebrius
2384 3616 2725 3672 confiteretur
2758 3627 2994 3676 nomen,
3024 3624 3087 3664 ac
3127 3608 3332 3664 diceret
3359 3622 3420 3663 se

1852 3713 2024 3781 potius
2070 3712 2137 3766 ab
2164 3727 2230 3766 eo
2272 3727 2426 3779 quam
2457 3725 2487 3763 a
2512 3708 2713 3764 sanctis
2757 3705 2876 3760 aliis
2907 3703 3164 3766 cruciari,
3193 3700 3425 3775 'l‘nronis

1849 3801 2149 3857 adducitur.
2198 3800 2301 3856 Sed
2332 3800 2506 3853 malus
2547 3798 2765 3866 spiritus
2786 3837 2801 3862 ,
2835 3794 2998 3850 credo
3018 3832 3036 3860 ,
3077 3794 3147 3846 ob
3177 3782 3422 3846 virtutem

1848 3906 2006 3962 atque
2034 3892 2446 3961 magnitudinem
2472 3891 2643 3944 sancti
2684 3900 3046 3955 compressus,
3082 3896 3419 3951 nequaquam

1852 3985 2119 4039 hominem
2146 3980 2428 4035 mutilavit.
2460 3978 2592 4033 Nam
2626 3980 2676 4031 in
2726 3977 2845 4030 loco
2874 3976 2990 4044 ipso
3021 3989 3115 4044 per
3144 3971 3269 4026 anni
3302 3986 3424 4026 cur-

1852 4077 2077 4131 riculum
2107 4073 2328 4143 degens,
2356 4086 2476 4126 cum
2507 4068 2640 4123 nihil
2662 4067 2789 4122 mali
2820 4073 3111 4135 pateretur,
3141 4075 3422 4132 regressus

1851 4177 1934 4226 est
1970 4185 1983 4222 :
2013 4167 2108 4221 sed
2136 4178 2320 4219 rursus
2347 4163 2539 4233 quibus
2567 4168 2829 4225 caruerat,
2862 4156 3111 4211 incurrit.

1926 4258 2140 4315 XXXV.
2169 4255 2347 4325 Legati
2377 4252 2444 4308 de
2472 4249 2738 4319 HiSpaniis
2760 4250 2827 4303 ad
2851 4262 3029 4318 regem
3057 4244 3422 4301 Guntchram-

1854 4367 1979 4406 num
2011 4356 2274 4403 venerunt
2296 4361 2417 4401 cum
2446 4344 2623 4398 multis
2653 4340 2984 4406 muneribus,
3028 4352 3213 4410 pacem
3242 4346 3425 4410 peten-

1856 4455 1957 4507 tes,
1980 4442 2074 4497 sed
2106 4440 2235 4495 nihil
2252 4440 2383 4495 certi
2412 4437 2684 4506 accipiunt
2710 4435 2762 4489 in
2786 4432 3074 4504 responsis.
3104 4432 3232 4486 Nam
3254 4430 3418 4503 509

1855 4552 1995 4591 anno
2025 4533 2315 4604 przeterito,
2336 4514 2454 4587 cum
2477 4530 2743 4584 exercitus
2766 4526 3147 4595 Septimaniam
3166 4523 3429 4578 debellas-

1856 4642 1955 4693 set,
1990 4645 2149 4684 naves
2177 4643 2294 4698 qua:
2316 4626 2383 4681 de
2411 4622 2591 4679 Galiiis
2621 4623 2674 4677 in
2698 4620 2972 4677 Galliciam
3002 4620 3247 4675 abierant
3289 4628 3338 4683 ο,
3361 4632 3429 4674 ex

1855 4864 1938 4910 est
1967 4861 2144 4907 tamen
2170 4864 2235 4905 ex
2281 4845 2606 4903 Childeberti
2641 4844 2707 4901 Ill
2751 4843 2958 4911 charta,
3015 4857 3172 4913 quam
3215 4840 3267 4894 in
3322 4839 3429 4908 Ap-

1859 4925 2081 4992 pendice
2135 4921 2498 4992 proferemus,
2526 4920 2633 4992 sub
2659 4989 2667 4992 _
2689 4920 2857 4992 prima
2888 4929 3071 4984 regum
3111 4922 3425 4992 nostrorum

1848 4984 2014 5063 stirpe
2036 4984 2309 5063 basilicam
2332 4988 2511 5063 sancti
2525 4984 2729 5063 Martini
2757 4988 2962 5063 conloco
2983 4984 3285 5063 exstitisse,
3313 4994 3423 5049 quo

1852 5057 1992 5119 nunc
2019 5062 2244 5118 ecclesia
2276 5062 2441 5114 sancti
2495 5058 2703 5113 Martini
2754 5074 2782 5111 a
2813 5057 3026 5122 Campis
3080 5061 3278 5122 perstat
3311 5066 3425 5122 :‘an

1849 5151 1974 5211 vero
1998 5149 2066 5211 ea
2088 5134 2199 5199 ipsa
2224 5132 2294 5211 sit
2320 5146 2476 5211 quam
2509 5131 2594 5184 hic
2628 5127 2918 5197 Gregorius
2951 5119 3159 5189 laudat,
3191 5121 3309 5175 aliis
3338 5119 3420 5175 in-

1848 5205 2161 5277 quirendum
2189 5205 2555 5270 relinquimus.
3057 5265 3069 5276 .

1858 5275 2167 5396 nimiam:
2186 5273 2274 5327 lib.
2304 5289 2356 5339 v,
2378 5288 2495 5340 cap.
2515 5272 2607 5337 Ὦ,
2633 5269 2717 5324 ubi
2745 5267 2936 5323 dicitur
2968 5261 3301 5320 Vuumacltus
3324 5276 3420 5316 seu

2025 5362 2167 5400 εηυε.

1858 5348 2167 5402 Vinnochus.

1916 5431 1940 5458 ο
1973 5418 2027 5471 ld
2057 5418 2228 5483 ipsum
2256 5413 2535 5481 designare
2556 5408 2719 5464 voluit
2746 5408 2900 5483 Joan.
2937 5406 3126 5483 Biclar.
3162 5405 3212 5458 in
3237 5403 3404 5483 Chro-

1842 5490 1983 5555 nico,
2013 5476 2105 5541 ubi
2137 5487 2201 5540 ad
2233 5476 2526 5555 Leuvigildi
2556 5496 2754 5555 annum
2792 5481 2854 5555 l_7
2906 5480 3075 5555 refert
3110 5476 3423 5555 provinciam

1844 5544 2086 5615 Callatia:
2115 5544 2429 5629 (legendum
2453 5564 2536 5629 est
2563 5568 2627 5608 ex
2660 5551 2761 5607 hoc
2792 5551 3043 5629 Gregorii
3065 5544 3430 5629 lo'cq,.Gallle-

1841 5633 1955 5697 cite,
1983 5645 2077 5685 seu
2106 5616 2383 5697 Cal'lazciaz)
2409 5644 2441 5680 a
2471 5624 2791 5679 Francorum
2819 5616 3140 5699 infitiatione
3169 5620 3329 5674 fuisse
3354 5616 3428 5677 lis

1844 5706 2090 5761 bernium.
