3942 6190
56 293 136 347 m
972 295 1291 353 HISTORIA
1331 295 1772 355 FRANCORUM.
1818 298 2018 353 LIBER
2058 296 2397 354 OCTAVUS.

3186 301 3290 358 4τὸ

55 418 121 465 tes
146 409 391 463 homines
416 418 650 475 nostros,
679 417 837 479 atque
860 411 1106 465 echinum
1134 411 1184 464 in
1209 410 1348 464 vasis
1368 409 1613 465 deferen-
1638 414 1691 473 Α
1719 412 1950 482 migisilo
1976 427 2184 482 quoque
2224 420 2421 467 metum
2466 411 2674 477 intulit,
2718 413 2811 468 sed
2864 416 3165 483 pacilicatus
3208 427 3291 472 es:

56 511 122 555 tes
141 500 391 564 cederet,
431 508 749 569 protereret,
780 502 1003 571 ipsaque
1026 516 1151 556 vasa
1180 510 1415 571 caperet.
1459 500 1614 568 Quod

56 592 224 647 factum
249 607 373 647 cum
407 594 811 660 comperissem,
858 610 981 647 eum
1014 608 1043 647 a
1070 595 1442 649 communione
1499 608 1618 647 sus-

56 683 211 752 pendi,
238 698 345 738 non
376 685 535 753 quasi
565 684 706 737 ultor
732 683 938 753 injuria:
970 699 1126 749 meae,
1157 684 1250 739 sed
1300 692 1360 739 ut
1411 684 1617 738 facilius

60 791 158 829 eum
186 775 250 828 ab
278 773 383 828 hac
417 774 628 829 insania
676 775 955 831 redderem
1008 775 1367 830 emendatum.
1415 775 1484 829 At
1530 774 1617 829 ille

60 864 218 919 electis
245 865 535 920 duodecim
564 866 711 929 viris,
754 875 807 919 ut
861 865 961 919 hoc
989 866 1163 921 scelus
1192 864 1477 936 pejeraret,
1523 865 1618 919 ad-

63 960 197 1013 venit.
226 958 331 1015 Sed
365 974 496 1013 cum
518 973 616 1029 ego
645 958 842 1013 nullum
871 959 1059 1012 vellem
1091 967 1480 1012 sacramentum
1508 970 1618 1010 sus-

60 1053 231 1119 cipere,
260 1051 575 1117 compulsus
604 1051 672 1103 ab
700 1064 787 1116 eo,
818 1051 899 1104 vel
930 1065 958 1103 a
988 1051 1191 1104 civibus
1221 1050 1437 1113 nostris,
1464 1062 1616 1101 amo-

64 1144 116 1195 tis
164 1140 377 1209 reliquis
410 1181 426 1205 ,
476 1140 645 1209 ipsius
700 1148 902 1194 tantum
953 1140 1311 1210 jnrnmentum
1368 1140 1613 1206 suscepi,

62 1233 271 1301 jussique
296 1247 417 1285 eum
454 1232 623 1300 recipi
670 1232 724 1285 in
766 1231 1216 1285 communionem.
1269 1231 1395 1283 Erat
1440 1239 1614 1283 autem

65 1338 116 1377 eo
138 1332 364 1392 tempore
393 1324 601 1376 mensis
629 1323 847 1391 primus.
876 1321 1204 1375 Adveniente
1230 1328 1406 1374 autem
1434 1333 1617 1374 mense

66 1418 242 1484 quinto,
272 1431 373 1484 quo
406 1424 562 1483 prata
592 1418 777 1475 secari
791 1416 985 1477 solent,
1018 1424 1221 1481 pratum
1244 1412 1619 1468 sanctimonia-

67 1507 191 1571 lium,
213 1508 350 1577 quod
381 1509 618 1561 termino
648 1506 777 1574 prati
806 1507 885 1560 sui
916 1504 1240 1569 adhaerebat,
1268 1504 1531 1566 pervadit.
1561 1504 1617 1558 In

69 1613 153 1667 quo
176 1596 344 1653 statim
380 1606 440 1652 ut
470 1597 660 1651 falcem
684 1599 849 1661 misit,
883 1597 1029 1651 febre
1064 1605 1361 1665 correptus,
1390 1596 1479 1651 die
1505 1604 1615 1650 ter-

70 1690 127 1742 tia
152 1690 380 1758 spiritum
410 1689 707 1744 exhalavit.
750 1690 1075 1755 Deposuerat
1104 1688 1244 1743 enim
1290 1688 1389 1741 sibi
1437 1689 1617 1756 sepul-

1715 519 1833 559 cum
1864 519 1950 561 eo.
1977 504 2251 558 Accedens
2281 512 2457 558 autem
2488 504 2553 557 ad
2587 504 2792 569 urbem,
2828 505 2952 559 dum
2984 507 3291 574 epularetur

1716 609 1835 649 cum
1865 595 2090 649 diversis
2119 594 2171 647 in
2203 595 2412 662 tristega
2441 604 2488 660 ε,
2522 594 2698 648 subito
2723 595 2944 650 effracto
2973 597 3173 666 pulpito
3193 597 3289 651 do-

1717 702 1855 752 mus,
1889 686 1972 739 vix
2001 685 2286 740 semivivus
2325 687 2514 751 evasit,
2543 686 2723 741 multis
2766 686 2925 757 413
2977 688 3286 755 debilitatis,

1716 778 1767 831 in
1799 779 1998 831 eisdem
2024 789 2197 832 tamen
2216 777 2367 831 malis
2390 777 2680 846 perdurans
2701 794 2821 846 quae
2860 781 3005 848 prius
3029 790 3287 849 gesserat.

1717 870 1878 924 Multa
1910 878 2034 923 tunc
2062 879 2115 924 et
2146 869 2506 938 Fredegundis
2534 870 2587 923 in
2620 885 2784 939 regno
2816 870 2909 924 filii
2934 872 3015 925 sui
3040 870 3104 925 de
3132 871 3289 927 rebus

1715 960 1832 1029 ejus
1874 962 2086 1014 evertit.
2118 959 2237 1027 Ipse
2264 975 2472 1030 quoque
2500 961 2563 1013 ad
2598 960 2935 1015 Rhedonicos
2964 961 3203 1027 rediens,
3234 972 3290 1016 et

1716 1066 1808 1105 eos
1836 1051 1945 1121 regi
1970 1049 2366 1105 Guntchramuo
2396 1051 2623 1105 subdere
2651 1053 2890 1120 cupiens,
2936 1053 3099 1106 filium
3126 1068 3284 1106 suum
3324 1040 3327 1043 λ

1718 1142 1770 1196 in
1805 1143 2049 1196 hocloco
2098 1142 2332 1209 reliquit.
2388 1143 2487 1208 Qui
2544 1158 2651 1195 non
2710 1144 2873 1197 multo
2926 1143 3292 1197 intercedente

1719 1243 1977 1302 tempore,
2003 1235 2326 1287 irruentibus
2348 1233 2671 1288 Rhedonicis
2693 1234 3041 1304 interemptus
3066 1243 3148 1289 est
3167 1249 3290 1288 cum

1718 1326 1897 1380 multis
1934 1326 2207 1381 honoratis
2239 1326 2384 1380 viris.
2440 1326 2551 1380 Hoc
2583 1342 2721 1381 anno
2752 1328 2917 1387 multa
2944 1328 3094 1398 signa
3124 1342 3291 1396 appa-

1718 1432 1972 1479 ruerunt:
2005 1440 2125 1478 nam
2157 1439 2342 1478 mense
2364 1426 2592 1492 septimo
2614 1424 2833 1477 arbores
2864 1424 2991 1477 visa:
3030 1430 3152 1477 sunt
3195 1420 3293 1475 Ilo-

1719 1518 1922 1579 ruisse,
1952 1515 2043 1570 sed
2076 1524 2131 1571 et
2180 1515 2360 1569 multae
2407 1532 2525 1584 quae
2575 1517 2720 1583 prius
2775 1530 2930 1583 poma
2974 1514 3291 1577 habuerant,

1720 1623 1860 1662 nova
1891 1608 2170 1671 dederunt,
2202 1623 2317 1675 quae
2348 1623 2513 1676 usque
2540 1608 2606 1661 ad
2634 1608 2834 1663 Natalis
2868 1608 3129 1662 Dominici
3162 1620 3293 1663 tem—

1720 1715 1847 1768 pora
1875 1699 1926 1753 in
1960 1700 2085 1766 ipsis
2115 1698 2396 1753 arboribus
2418 1698 2612 1751 habita:
2639 1708 2784 1753 sunt.
2829 1701 3025 1769 Fulgor
3054 1715 3149 1769 per
3187 1714 3294 1755 cos-

73 1797 193 1836 crum
235 1784 285 1836 in
332 1782 561 1838 basilica
610 1784 778 1838 sancti
829 1781 1037 1836 Martini
1091 1782 1195 1836 vici
1244 1781 1615 1846 Condateusis,
1649 1777 1696 1837 B
1724 1792 1828 1845 lum
1852 1791 1903 1843 in
1936 1790 2149 1843 modum
2178 1790 2437 1859 serpentis
2467 1790 2767 1857 cucurrisse
2792 1792 2942 1844 visus
2973 1801 3077 1845 est.

76 1876 207 1947 512
237 1876 371 1946 quod
429 1876 705 1930 detectum
753 1875 835 1929 sui
886 1884 939 1929 et
970 1882 997 1912 κ
1026 1874 1299 1929 effractum
1352 1872 1406 1926 in
1453 1871 1618 1927 frusta

78 1971 331 2037 reperiunt.
365 1970 459 2025 Sic
489 1980 676 2040 postea
707 1970 758 2024 in
790 1969 997 2041 porticu
1045 1969 1213 2039 ipsius
1262 1968 1493 2023 basilica:
1539 1977 1621 2023 est

77 2062 306 2127 sepultus;
344 2077 471 2116 vasa
502 2077 714 2132 quoque
742 2062 936 2128 echini,
973 2077 1091 2131 quae
1123 2061 1468 2130 pejeraverat,
1500 2071 1623 2129 post

82 2154 243 2207 obitum
272 2155 407 2209 illius
438 2156 512 2210 ab
540 2155 656 2223 ejus
680 2155 1043 2223 promptuario
1069 2164 1193 2209 sunt
1221 2154 1414 2209 delata.
1441 2152 1616 2206 Mani-

44 2232 55 2247 ’
82 2241 233 2298 Iestata
259 2255 339 2300 est
360 2257 546 2300 autem
577 2245 744 2299 virtus
766 2244 933 2299 beata:
962 2244 1141 2298 Marias
1172 2243 1222 2312 δ,
1256 2245 1308 2297 ἰη
1339 2243 1492 2313 cujus
1521 2243 1620 2298 ba-

86 2335 200 2389 silica
226 2339 377 2391 miser
410 2346 811 2392 sacramentum
843 2333 1063 2406 protulit
1091 2336 1338 2391 mendax.

142 2426 255 2486 XLI.
283 2428 413 2483 Cum
448 2443 632 2485 autem
657 2446 749 2500 per
779 2441 942 2485 totam
976 2440 1170 2485 terram
1194 2444 1357 2484 sonus
1385 2429 1476 2484 ille
1503 2443 1622 2495 per-

90 2528 283 2575 curreret
310 2520 688 2576 Praetextatum
709 2521 1016 2591 episc0pum
1037 2536 1064 2573 a
1090 2520 1436 2592 Fredegunde
1458 2520 1623 2576 fuisse

91 2608 396 2681 interiectum,
431 2614 526 2667 illa
557 2628 767 2684 quoque
796 2629 903 2684 quo
953 2614 1160 2668 facilius
1202 2613 1567 2683 detergeretur
1591 2626 1623 2667 a

96 2700 291 2770 crimine,
311 2706 705 2774 apprehensum
733 2721 952 2775 puerum
983 2706 1114 2760 caedi
1150 2705 1308 2775 jussit
1338 2705 1624 2760 vehemen-

96 2802 170 2855 ter.
189 2796 350 2852 dicens
374 2817 385 2851 :
409 2799 491 2855 Tu
526 2799 623 2854 hoc
653 2800 1038 2869 blaSphemium
1068 2814 1227 2869 super
1269 2814 1353 2854 me
1380 2799 1621 2862 intulisti,

97 2895 141 2938 ut
162 2884 517 2945 Pratextatum
548 2891 692 2945 orbis
715 2891 1158 2962 Iiothomagensis
1179 2890 1482 2960 episcopum
1511 2891 1622 2961 gla-

96 2975 162 3029 dio
184 2990 458 3048 appeteres.
492 2982 563 3035 Et
593 2982 806 3037 tradidit
826 2998 945 3036 eum
976 2983 1151 3050 nepoti
1185 2982 1349 3050 ipsius
1377 2982 1622 3036 sacerdo-

98 3066 162 3119 tis.
181 3067 264 3134 Qui
290 3087 404 3126 cum
431 3088 564 3128 eum
597 3073 647 3126 in
670 3072 930 3141 supplicio
961 3072 1241 3141 posuisset,
1270 3086 1480 3126 omnem
1513 3085 1621 3125 rem

99 3161 326 3219 evidenter
352 3167 587 3235 aperuit,
632 3165 976 3235 dixitquezA
1020 3165 1200 3234 regina
1238 3165 1379 3217 enim
1424 3163 1624 3219 Frede-

100 3252 234 3316 gunde
257 3270 461 3313 centum
499 3258 702 3312 solidos
728 3257 930 3324 accepi,
957 3265 1016 3310 ut
1044 3256 1143 3310 hoc
1170 3253 1436 3321 facerem;
1469 3270 1496 3307 a
1521 3254 1629 3309 Me-

100 3342 226 3399 lantio
252 3364 369 3404 vero
395 3353 678 3420 episcopo,
706 3350 1119 3419 quinquaginta;
1152 3357 1206 3404 et
1249 3350 1316 3403 ab
1361 3346 1627 3402 archidia-

101 3448 201 3490 couo
218 3441 450 3513 civitatis,
473 3444 620 3498 alios
648 3442 1058 3513 quinquaginta;
1092 3442 1308 3510 insuper
1333 3450 1390 3495 et
1408 3442 1625 3509 promis

102 3540 186 3582 Sum
210 3531 371 3599 habui,
402 3546 459 3590 ut
494 3535 758 3605 ingenuus
790 3534 997 3601 ﬁerem,
1027 3534 1166 3589 sicut
1213 3540 1267 3587 et
1310 3547 1446 3586 uxor
1488 3546 1623 3586 mea.

102 3614 141 3669 In
165 3620 243 3676 hac
270 3641 387 3681 voce
416 3628 592 3687 illius,
623 3624 903 3696 evaginato
948 3625 1107 3678 homo
1137 3623 1222 3679 ille
1264 3623 1441 3692 gladio
1486 3638 1627 3692 prac-

101 3707 253 3767 dictum
280 3733 419 3775 reum
470 3723 533 3775 in
581 3719 747 3775 frusta
791 3719 1040 3773 concidit.
1092 3717 1456 3787 Fredeguudis
1504 3731 1629 3770 vero

102 3797 367 3874 Melantium,
398 3826 565 3881 quem
612 3810 755 3881 prius
783 3812 1091 3880 episcOpum
1136 3816 1405 3877 posuerat,
1454 3807 1633 3862 eccle-

106 3895 173 3942 siae
198 3895 416 3954 instituit.

157 3979 287 4039 XLII.
324 3989 505 4045 Duma
548 3989 898 4060 Fredegunde
941 3990 1274 4060 Beppolenus
1320 3989 1427 4044 dux
1478 3990 1631 4046 valde

108 4067 387 4150 fatigaretur,
406 4098 505 4137 nec
534 4084 689 4151 juxta
714 4097 992 4152 personam
1023 4098 1175 4137 suam
1203 4084 1253 4137 ei
1287 4082 1457 4136 honor
1478 4083 1630 4137 debi-

108 4164 170 4214 tus
190 4164 589 4236 impenderetur.
618 4187 844 4228 cernens
865 4188 922 4228 se
944 4171 1169 4243 despici,
1198 4174 1262 4227 ad
1287 4173 1633 4228 Guntchram-

108 4262 202 4306 Dum
228 4272 388 4327 regem
418 4265 570 4319 abiit.
601 4265 645 4318 Α
674 4278 777 4334 quo
826 4273 1041 4333 accepta
1097 4274 1360 4334 potestate
1405 4266 1630 4319 ducatus

108 4352 233 4411 super
253 4352 485 4410 civitates
515 4358 633 4411 illas
654 4398 669 4422 ,
701 4373 818 4426 qua:
846 4358 912 4411 ad
944 4356 1312 4412 Chlotharium
1345 4359 1629 4428 Chilperici

109 4435 216 4500 r“Sis
241 4441 391 4501 tilium
421 4450 776 4517 pertinebant,
802 4464 921 4503 cum
951 4465 1137 4519 magna
1159 4452 1394 4519 potentia
1422 4452 1625 4521 pergit;

1790 1880 1971 1937 XLIII.
2011 1882 2166 1936 Anno
2189 1895 2396 1949 quoque
2422 1879 2743 1934 duodecimo
2770 1880 3097 1935 Childeberti
3127 1879 3293 1949 regis,

1719 1975 1951 2030 Nicetius
1981 1977 2251 2028 Arvernus
2290 1984 2463 2028 rector
2490 1973 2834 2028 Massiliensis
2862 1973 3153 2027 Provincite
3182 1971 3207 2010 ἀ
3240 1984 3295 2031 et

1720 2066 2039 2133 reliquarum
2067 2064 2297 2128 urbium,
2326 2079 2445 2133 quae
2489 2062 2539 2117 in
2581 2063 2682 2117 illis
2708 2063 2945 2131 partibus
2974 2062 3040 2116 ad
3071 2079 3296 2132 regnum

1721 2157 1863 2227 regis
1913 2155 2077 2224 ipsius
2124 2153 2485 2223 pertinebant,
2534 2161 2618 2207 est
2665 2152 2960 2208 ordinatus.
3022 2156 3297 2211 Antcstins

1722 2263 1855 2304 vero
1904 2249 1955 2303 in
2004 2250 2291 2317 Audegavo
2334 2264 2363 2302 a
2414 2264 2538 2320 rege
2578 2249 2977 2303 Guntchramno
3026 2249 3297 2319 dirigitur,

1724 2342 1899 2395 multis
1930 2340 2122 2395 ibidem
2154 2340 2359 2394 damnis
2408 2338 2652 2408 affligens
2696 2354 2825 2406 eos,
2878 2341 2969 2409 qui
3021 2342 3071 2394 in
3128 2349 3299 2394 morte

1726 2432 1995 2485 Domnola:
2018 2432 2199 2485 uxoris
2236 2429 2464 2485 Nectarii
2492 2432 2630 2484 misti
2673 2431 2918 2485 luerunt:
2948 2446 3138 2500 resque
3168 2431 3299 2498 Βορ-

1724 2521 1903 2592 poleni
1946 2532 1995 2589 θ,
2026 2538 2092 2577 eo
2122 2522 2261 2592 quod
2294 2521 2451 2577 fuerit
2482 2523 2638 2591 hujus
2666 2534 2822 2591 caput
2850 2523 3091 2589 sceleris,
3127 2523 3181 2576 in
3213 2521 3300 2575 Iis-

1724 2628 1842 2668 cum
1872 2612 2147 2683 redigens,
2181 2611 2468 2667 Namnetas
2496 2613 2741 2674 accessit,
2770 2627 2833 2668 ac
2864 2613 3126 2666 lacessere
3159 2610 3300 2664 Non—

1725 2704 1955 2759 nichium
1982 2704 2288 2774 episcopum
2316 2706 2495 2772 C(Bpil,
2527 2705 2710 2759 dicens
2737 2722 2749 2756 :
2775 2701 2905 2771 Quia
2935 2698 3071 2757 [ilius
3101 2712 3221 2757 tuus
3248 2704 3301 2757 in

1724 2797 1827 2851 hoc
1863 2797 2097 2852 facinore
2135 2806 2217 2851 est
2254 2797 2533 2861 admistus,
2565 2806 2621 2850 ut
2647 2796 2833 2866 dignas
2863 2811 2957 2864 pro
2996 2796 3300 2850 commissis

1726 2890 1838 2944 suis
1861 2904 2043 2957 pinnas
2070 2889 2177 2942 luat
2205 2891 2450 2943 meritum
2480 2888 2662 2957 exigit.
2690 2889 2794 2943 Sed
2819 2903 2951 2957 puer
2976 2888 3301 2942 conscientia

1726 2991 2010 3036 accusante
2050 2982 2282 3044 territus,
2322 2981 2387 3034 ad
2415 2981 2778 3033 Chlotharium
2818 2979 2985 3033 filium
3015 2978 3302 3047 Chilperici

1728 3073 1952 3144 aufugit.
2007 3074 2293 3137 Antestius.
2328 3087 2460 3126 vero
2505 3072 2737 3140 acceptis
2788 3070 3189 3139 ﬁdejussoribus
3235 3069 3303 3123 ab

1654 3152 1699 3215 C
1730 3166 2002 3235 episcOpo,
2047 3173 2106 3217 ut
2153 3163 2204 3217 in
2256 3163 2535 3231 prtesentia
2580 3165 2719 3231 regis
2763 3162 2993 3228 adesset,
3039 3160 3305 3217 Sautonas

1732 3259 1900 3313 venit.
1931 3257 2105 3313 Sonus
2143 3266 2317 3311 autem
2343 3256 2423 3309 his
2452 3255 2640 3309 diebus
2679 3254 2902 3318 exierat,
2933 3253 3073 3323 quod
3100 3252 3301 3307 Frede-

1730 3350 1924 3421 gundis
1960 3349 2196 3404 occultos
2237 3350 2287 3401 in
2314 3346 2589 3416 Hispanias
2634 3347 2855 3400 nuntios
2884 3345 3156 3414 dirigeret,
3188 3359 3307 3399 eos-

1731 3443 1851 3497 dem
1902 3455 1932 3494 a
1962 3440 2195 3494 Palladio
2235 3440 2537 3493 Santonicae
2583 3439 2729 3492 urbis
2754 3439 3004 3506 episcopo
3033 3436 3167 3491 clam
3191 3450 3308 3491 sus-

1730 3545 1947 3602 ceptos,
1981 3541 2037 3587 et
2094 3538 2303 3585 mantea
2343 3531 2680 3584 transmissos
2712 3531 2891 3585 fuisse.
2939 3529 3103 3583 Erant
3131 3538 3306 3583 autem

1732 3637 1798 3677 eo
1833 3634 2074 3688 tempore
2103 3621 2218 3675 dies
2240 3620 2665 3690 Quadragesimte
2693 3630 2913 3685 sanctzc,
2945 3628 2996 3674 et
3025 3623 3307 3690 episcopus

1734 3717 1785 3771 in
1818 3714 2042 3769 insulam
2065 3713 2226 3786 414.
2255 3714 2437 3777 maris,
2468 3713 2721 3768 orationis
2748 3728 2902 3769 caust
2932 3722 3228 3767 secesserat
3255 3712 3299 3766 ί.

1732 3805 2032 3861 Secundum
2062 3805 2499 3859 consuetudinem
2530 3815 2736 3869 autem,
2768 3806 2894 3859 dum
2926 3804 2989 3860 ad
3017 3804 3306 3859 Dominicae

1732 3899 1910 3955 Coena)
1948 3900 2078 3952 festa
2121 3898 2187 3950 ad
2233 3898 2510 3951 ecclesiam
2553 3914 2704 3951 suam
2738 3899 2929 3966 populo
2958 3904 3306 3963 exspectante

1732 3992 1964 4055 rediret,
2005 3990 2073 4043 ab
2104 3989 2344 4043 Antestio
2388 3991 2439 4042 in
2472 3990 2555 4041 via
2586 3989 2829 4044 vallatur.
2854 3989 2952 4053 Qui
2995 3986 3176 4060 [Forte
3199 3987 3304 4057 cui]

1734 4099 1833 4140 nec
1870 4083 2108 4136 discussa
2148 4082 2224 4134 rei
2265 4080 2489 4133 veritate
2527 4080 2737 4134 dicebat
2777 4096 2790 4132 :
2838 4081 2953 4134 Non
2992 4079 3307 4151 ingredieris

1734 4178 1939 4244 urbem,
1970 4176 2062 4230 sed
2111 4175 2299 4231 exsilio
2343 4173 2802 4240 condemnaberis,
2857 4176 2977 4245 quia
3022 4174 3305 4244 suscepisti

1738 4276 1950 4328 nuntios
1974 4273 2202 4329 inimica:
2226 4271 2425 4327 domini
2455 4273 2617 4326 nostri
2645 4273 2803 4342 regis.
2837 4275 2906 4327 At
2935 4273 3021 4327 ille
3045 4289 3057 4323 :
3090 4271 3302 4338 Nescio,

1733 4368 1826 4433 ait,
1850 4368 1973 4435 quid
2006 4369 2259 4437 loquaris.
2288 4367 2484 4420 Tamen
2514 4366 2634 4434 quia
2666 4367 2781 4420 dies
2808 4364 2973 4419 sancti
3001 4363 3300 4433 imminent,

1733 4460 2047 4512 accedamus
2104 4457 2171 4512 ad
2235 4456 2440 4524 urbem,
2504 4457 2850 4526 decursisque
2910 4452 3305 4510 solemnitatum

110 4524 177 4575 sed
203 4542 229 4582 ἃ
252 4532 567 4595 Rhedonicis
596 4554 698 4594 non
728 4550 810 4595 est
838 4548 1106 4609 receptus.
1149 4541 1450 4610 Andegavis
1498 4557 1624 4596 vero
1656 4527 1704 4586 Ῑ)
1731 4561 2033 4605 sanctarum
2059 4551 2226 4619 festis,
2250 4559 2433 4620 postea
2466 4524 2794 4619 quaecunque
2813 4548 3042 4603 volueris
3070 4562 3303 4616 oppone,

112 4620 306 4691 Veniens,
337 4633 492 4687 multa
526 4632 665 4686 mala
691 4633 887 4687 ibidem
918 4635 1103 4702 gessit,
1148 4633 1219 4685 ita
1260 4643 1319 4686 ut
1364 4648 1621 4699 annonas,

113 4707 291 4784 fumum,
312 4722 513 4792 vinum,
546 4735 601 4779 et
623 4725 874 4796 quidquid
902 4726 1140 4793 reperire
1167 4726 1425 4794 potuisset
1455 4725 1506 4779 in
1531 4726 1626 4780 do-

116 4800 248 4858 mibus
278 4813 460 4871 citium
495 4818 563 4870 ad
613 4832 745 4886 quas
787 4826 1107 4881 accesserat,
1165 4832 1263 4873 nec
1312 4819 1628 4886 exSpectatis

113 4891 322 4979 clavibus,
352 4908 604 4979 disruptis
651 4910 803 4963 ostiis
844 4909 1173 4973 devastaret';
1223 4911 1519 4979 multosque
1561 4910 1628 4964 de

116 4977 448 5055 habitatoribus
475 4977 577 5057 loci
621 5002 855 5067 credibus
884 5002 1059 5067 affecit
1089 4977 1472 5073 protrivitquev;
1520 5002 1625 5055 Do—

210 5123 398 5206 Begmq
424 5140 690 5201 delectum,
716 5140 817 5192 sive
842 5137 1131 5206 e/fractum.

172 5190 347 5283 ξ
376 5190 793 5264 euaginata.

176 5268 347 5349 filolbi
379 5294 446 5332 m.
476 5293 530 5335 et
574 5282 782 5349 Regni.,
833 5282 1041 5334 tristica.
1089 5279 1213 5333 Bec.
1266 5278 1394 5332 nihil
1444 5278 1623 5335 habet.

119 5327 311 5419 Tristan
342 5361 469 5419 sunt
492 5327 710 5406 aadilicti’a
745 5327 793 5403 in
825 5363 929 5406 tres
968 5350 1392 5419 contignationes
1435 5350 1626 5405 distin-

123 5412 460 5509 °‘“.‘.‘2§1'P‘.E9'."
488 5440 613 5506 ver."
631 5424 948 5509 ρξεςιιιιρεη
979 5412 1125 5503 rec!“

156 5479 582 5556 .d_5“b‘Clilotarii
631 5494 645 5546 l
681 5494 801 5546 filiis
842 5492 1113 5546 Provincia
1170 5491 1220 5542 in
1259 5490 1390 5544 duas
1448 5501 1626 5557 partes

127 5539 359 5631 ﬁnissem.
390 5561 495 5617 Una
525 5539 849 5618 Arelatensis
875 5564 1148 5618 Provincna
1180 5562 1341 5622 dicta,
1384 5539 1483 5615 sub
1510 5539 1616 5631 quva

132 5609 368 5728 :relatum,
392 5631 515 5699 lteii,
531 5646 658 5696 etc.,
676 5634 1000 5687 Guntramno
1025 5633 1213 5695 cessit;
1239 5632 1482 5695 alteram,
1502 5609 1622 5699 qua:

154 5680 407 5728 Iassilmnczs
441 5705 705 5728 n-n_.:_._:_
743 5706 1013 5728 suun“---
1054 5704 1332 5728 na-....:tt.....
1398 5704 1590 5728 A......:..

168 5697 410 5751 aSsliicnsis
441 5697 706 5760 Provincia
738 5704 1354 5761 dicebaturJIassiliam.
1389 5697 1620 5757 Avi-nio-

138 5762 244 5825 mh
265 5765 413 5833 Αεὶυδδ
434 5777 633 5833 Sextius
667 5788 717 5832 et
754 5778 852 5832 alia
881 5777 1069 5846 oppida
1100 5775 1198 5831 sub
1223 5787 1282 5828 se
1312 5773 1616 5843 habentem,

1730 4644 1988 4698 rationem
2019 4658 2049 4696 a
2084 4659 2180 4719 me.
2195 4642 2422 4712 accipies
2445 4661 2458 4695 :
2485 4642 2603 4711 quia
2634 4641 2773 4710 quod
2800 4652 3011 4710 reputas
3040 4639 3171 4693 nihil
3196 4653 3300 4694 est.

1728 4736 1798 4791 At
1827 4736 1913 4790 ille
1939 4754 1951 4789 :
1978 4736 2339 4805 Nequaquam,
2367 4737 2555 4804 inquit,
2587 4735 2679 4789 sed
2735 4749 2838 4789 non
2871 4738 3099 4803 attinges
3124 4735 3306 4788 limina

1730 4826 1971 4881 ecclesiae
1998 4834 2123 4890 tua},
2151 4827 2269 4894 quia
2297 4826 2527 4880 infidelis
2565 4826 2854 4895 apparuisti
2883 4825 3099 4880 domino
3125 4835 3308 4879 nostro

1732 4915 1865 4984 regi.
1913 4916 2047 4985 Quid
2093 4915 2275 4982 plura?
2316 4926 2524 4970 tenetur
2566 4916 2617 4969 in
2658 4919 2741 4969 via
2778 4916 3081 4985 episcopus,
3114 4915 3307 4967 domus

1732 5006 1975 5063 ecclesia:
2003 5005 2340 5073 describitur,
2385 5021 2574 5076 resque
2617 5007 2961 5077 diripiuntur.
2994 5003 3152 5057 Cives
3181 5018 3303 5056 cum

1728 5141 2029 5212 Sigibertus
2072 5137 2321 5212 obtinuit.
2381 5138 2585 5212 Prioris
2637 5146 2874 5212 rectores
2921 5133 3115 5212 sapius
3166 5134 3304 5212 apud

1729 5203 1937 5266 veiercs
1988 5209 2267 5262 historicos
2316 5209 2521 5273 patricii
2586 5208 2965 5274 appellantur,
3012 5203 3305 5272 aliquando

1729 5285 1888 5339 etiam
1916 5282 2097 5335 duc-es.
2143 5279 2458 5332 l'osterioris
2489 5294 2615 5330 vero
2649 5278 2881 5343 praefecti
2920 5289 3297 5341 nonnunquam

1732 5356 1935 5425 patrii-ii
1964 5352 2086 5425 ἀωρὶ
2112 5359 2264 5409 sunt;
2315 5350 2398 5401 hic
2424 5347 2657 5400 Nicetius
2674 5362 2852 5425 Iccio!
2878 5346 3198 5425 appellatur.

1805 5434 1829 5461 ο
1864 5425 1963 5479 Ed.
1994 5423 2216 5495 aliquot,
2252 5429 2310 5481 ut
2334 5434 2491 5487 supra
2523 5434 2640 5487 cap.
2672 5417 2761 5484 52,
2792 5415 3053 5471 Boboleui.
3089 5417 3302 5486 Iiegm,,

1729 5495 2010 5549 Bobellem'.

1806 5565 1823 5603 ί
1852 5565 1974 5617 llaec
2001 5572 2117 5618 erat
2145 5568 2445 5617 sanctorum
2474 5558 2712 5612 virorum
2731 5557 3085 5620 consuetudo,
3114 5564 3169 5610 ut
3197 5556 3307 5609 die-

1731 5638 1826 5691 bus
1847 5634 2272 5704 Quadragesima:
2296 5633 2345 5685 in
2377 5634 2971 5704 eremumsecedercut.
2999 5628 3124 5687 Vide
3147 5626 3305 5691 l’rth.

1728 5707 1910 5765 saeculi
1940 5722 1955 5762 ι
1988 5702 2337 5775 Benedictiui,
2372 5718 2520 5760 num.
2549 5702 2605 5764 II
2626 5702 2668 5759 I.
