3942 6190
567 214 668 266 479

1548 196 1610 254 8.
1653 188 1977 250 GREGORII
2025 180 2323 238 EPISCOPI
2375 176 2804 234 TURONENSIS

3781 172 3885 229 480

568 324 828 382 homine"
867 321 1113 376 obtinere
1157 331 1260 371 non
1312 319 1535 384 queunt,
1581 319 1639 364 ut
1676 308 1863 362 saltem
1897 303 1978 358 vel
2006 300 2148 356 cele-
2174 297 2223 354 Α
2251 293 2402 360 Quod
2429 291 2790 348 misericordia
2820 289 3029 344 Domini
3053 304 3158 344 non
3183 289 3435 360 permisit
3473 305 3493 343 :
3533 286 3702 344 inter
3755 306 3886 360 quos

570 417 720 471 brata
765 413 1101 468 solemnitate
1132 406 1368 478 paschali
1405 403 1736 458 discutiatur.
1782 397 1982 464 [lisque
2021 407 2147 463 sup-

575 506 910 576 plicantibus,
939 514 991 557 et
1019 502 1110 556 illo
1137 499 1419 557 renitente,
1446 495 1655 546 tandem
1683 487 1933 560 patefacit
1957 487 2149 541 vulnus

573 598 710 665 quod
763 597 958 650 latebat
1009 595 1058 646 in
1108 601 1339 660 pectore.
1384 588 1465 649 Si,
1509 584 1701 653 inquit,
1737 582 1952 636 domum
1989 593 2149 649 quam

579 689 712 742 intra
747 686 996 741 territorii
1022 685 1233 738 Biturici
1268 681 1552 735 terminum
1581 677 1776 730 habere
1803 673 2149 743 dignoscitur,

578 796 713 833 mea:
740 777 925 830 ditioni
961 777 1094 830 facta
1133 774 1435 829 venditone
1461 768 1780 833 subdiderit,
1809 783 1926 836 quae
1954 765 2156 835 ﬂagita-

581 872 650 924 tis
700 869 836 922 facio
875 887 886 922 :
932 870 1162 934 alioquin
1211 881 1314 919 non
1364 862 1582 933 effugiet
1625 873 1813 913 manus
1860 873 2026 926 meas,
2057 857 2158 912 nisi

583 959 828 1012 trudatur
856 960 906 1012 in
929 959 1196 1013 exsilium.
1244 955 1426 1010 Metuit
1456 966 1651 1021 negare
1672 950 1954 1018 episcopus
1979 966 1990 1001 :
2018 947 2157 1002 scri-

585 1054 717 1121 psit,
756 1051 1207 1120 subscripsitque,
1244 1062 1305 1101 ac
1336 1045 1553 1100 tradidit
1586 1059 1801 1114 agrum;
1833 1054 1886 1098 et
1919 1042 1996 1095 sic
2022 1041 2161 1096 datis

587 1141 987 1210 lidejussoribus
1028 1143 1094 1194 de
1126 1138 1408 1208 praesentia
1459 1151 1554 1192 sua
1599 1145 1723 1188 ante
1769 1147 1965 1202 regem,
2007 1132 2059 1184 in
2086 1130 2166 1184 ci-

590 1234 810 1286 vitatem
856 1231 1058 1301 ingredi
1090 1229 1382 1298 permissus
1408 1237 1508 1282 est.
1535 1227 1840 1281 Transactis
1872 1221 2030 1290 igitur
2054 1218 2166 1274 die-

590 1323 690 1377 bus
730 1324 958 1387 sanctis,
999 1321 1065 1374 ad
1099 1336 1277 1390 regem
1322 1320 1492 1389 pergit
1530 1337 1543 1372 :
1587 1317 1757 1370 adfuit
1786 1325 1838 1368 et
1867 1312 2164 1376 Antestius,

2249 387 2431 442 Baddo
2459 383 2485 424 ἀ
2514 388 2694 442 senior
2723 385 3034 440 habebatur.

2321 502 2480 559 XLV.
2522 502 2651 557 Cum
2699 511 2874 556 autem
2921 499 3080 568 legati
3129 499 3195 554 de
3220 500 3520 570 Hispaniis
3573 498 3790 556 crebro
3825 501 3885 556 ad

2251 610 2428 665 regem
2455 592 2914 648 Guntchramnum
2939 591 3201 659 venirent,
3232 600 3286 647 et
3314 590 3543 644 nullius
3580 592 3748 658 pacis
3773 606 3890 661 gra-

2254 686 2380 739 tiam
2409 684 2650 739 obtinere
2677 683 2995 752 potuissent,
3029 681 3124 737 sed
3164 683 3330 752 magis
3358 682 3691 738 inimicitia
3721 686 3888 753 pullo-

2256 777 2410 843 laret,
2454 793 2546 831 rex
2582 776 3014 832 Guntcbramnus
3037 774 3375 844 Albigensem
3426 775 3659 830 urbem
3708 779 3887 844 nepoti

2258 886 2356 926 suo
2385 871 2729 927 Childeberto
2769 868 3020 924 reddidit.
3066 867 3216 933 Quod
3261 883 3512 924 cernens
3565 868 3886 924 Desiderio:

2260 965 2388 1028 dux,
2411 979 2498 1033 qui
2533 963 2763 1018 maxime
2802 962 2855 1016 in
2879 960 3118 1031 ejusdem
3144 959 3293 1014 urbis
3324 961 3640 1015 territorio
3671 959 3888 1016 meliora

2265 1054 2527 1108 facultatis
2556 1068 2669 1107 suae
2709 1051 3049 1117 condiderat;
3080 1049 3242 1122 516
3279 1050 3490 1106 timens
3525 1066 3609 1106 ne
3640 1050 3776 1106 uitio
3800 1065 3862 1106 ex

2264 1154 2536 1216 peteretur
2569 1144 2636 1198 ab
2667 1158 2732 1198 eo
2759 1152 2978 1212 propter
3014 1143 3284 1210 antiquam
3321 1141 3730 1200 inimicitiam.
3752 1139 3882 1208 quod

2265 1236 2548 1307 aliquando
2587 1235 2640 1290 in
2665 1234 2851 1290 eadem
2891 1235 3105 1287 civitate
3130 1234 3422 1287 exercitum
3457 1232 3752 1302 gloriosa:
3781 1245 3878 1285 me-

2267 1330 2452 1386 moria:
2481 1327 2732 1399 Sigiberti
2773 1327 2913 1395 regis
2938 1326 3170 1396 graviter
3204 1323 3505 1389 affecisset,
3537 1339 3682 1378 cum
3706 1323 3885 1378 Tetra-

591 1415 685 1468 sed
729 1414 858 1466 nihil
906 1413 973 1468 de
1019 1413 1100 1466 his
1143 1426 1264 1481 qum
1321 1411 1622 1479 opponebat
1668 1408 1949 1476 episcopo,
2000 1401 2172 1472 potuit

2289 1421 2354 1475 lia
2403 1435 2572 1474 uxore
2614 1434 2733 1485 sua,
2775 1433 2933 1488 quam
2968 1415 3174 1470 Eulalio
3219 1424 3342 1469 tunc
3378 1417 3662 1469 Arverno
3711 1413 3884 1468 comiti

593 1506 908 1575 approbare.
937 1505 1226 1573 Episcopus
1244 1511 1418 1556 autem
1443 1501 1507 1554 ad
1527 1500 1711 1554 urbem
1737 1497 1912 1551 redire
1933 1493 2168 1564 iubetur,

595 1612 650 1654 et
680 1616 844 1670 usque
875 1601 939 1653 ad
974 1601 1234 1671 synodum
1280 1599 1506 1651 futuram
1537 1596 1811 1658 dilatatur,
1843 1593 1886 1646 si
1920 1592 2052 1645 forte
2079 1588 2175 1642 ali-

2271 1512 2582 1572 abstulerat,
2617 1509 2922 1564 intermino
2948 1508 3216 1560 Tolosano
3239 1520 3363 1560 cum
3399 1507 3591 1560 rebus
3639 1506 3886 1560 omnibus

2276 1603 2546 1657 transiens
2591 1601 2883 1656 exercitum
2931 1605 3268 1660 commovet,
3309 1609 3362 1654 et
3403 1607 3624 1653 contra
3666 1597 3887 1650 Gotthos

596 1708 699 1760 qua
743 1693 810 1746 de
853 1693 933 1745 his
977 1708 1094 1760 quae
1145 1689 1572 1759 opponebantur,
1627 1686 1926 1742 evidentius
1971 1679 2174 1751 possint

2289 1694 2425 1749 tbire
2449 1694 2706 1762 disponit,
2735 1691 2920 1746 divisis
2948 1691 3116 1759 prius,
3157 1703 3216 1746 ut
3263 1691 3474 1751 ferunt,
3518 1688 3703 1742 rebus
3757 1688 3884 1740 inter

595 1785 809 1851 agnosci
842 1781 887 1837 δ.
921 1782 1104 1836 Adfuit
1129 1792 1182 1836 et
1212 1781 1540 1835 N0nnichius
1586 1779 1888 1848 episcopus,
1919 1776 2006 1845 qui
2036 1773 2173 1827 datis

597 1876 774 1930 multis
806 1875 1113 1929 muneribus
1144 1873 1404 1928 abscessit
1436 1883 1484 1926 ο.

671 1965 854 2020 XLIV.
895 1965 1261 2036 Fredegundis
1307 1980 1433 2018 vero
1477 1963 1626 2034 quasi
1657 1960 1819 2033 415
1848 1976 1917 2014 ex
1961 1959 2176 2014 nomine

601 2057 696 2113 ﬁlii
736 2059 835 2119 sui,
885 2059 1086 2126 legatos
1134 2057 1200 2110 ad
1245 2056 1705 2111 Guutchramnum
1753 2068 1933 2123 regem
1977 2051 2174 2119 dirigit.

602 2151 702 2218 Qui
734 2160 967 2204 reserata
998 2158 1274 2218 petitione,
1300 2160 1520 2214 accepto
1564 2159 1843 2211 responso,
1874 2142 2180 2196 valedicen-

602 2251 684 2296 tes
724 2242 1054 2306 abscedunt;
1101 2239 1194 2294 sed
1247 2241 1430 2294 nescio
1460 2240 1652 2307 quibus
1688 2239 1862 2293 causis
1907 2235 2180 2304 paululum

604 2331 744 2400 apud
798 2339 1052 2386 metatum
1102 2345 1255 2384 suum
1303 2331 1557 2384 remorati
1601 2339 1745 2383 sunt.
1791 2330 1948 2384 Mane
2002 2336 2180 2381 autem

604 2423 767 2488 facto,
815 2421 1132 2492 procedente
1179 2435 1303 2489 rege
1343 2420 1408 2474 ad
1458 2420 1762 2482 matutinas,
1801 2433 1863 2472 ac
1912 2422 2182 2484 praeuute

606 2529 800 2576 cereo,
840 2514 984 2566 visus
1020 2521 1101 2566 est
1135 2511 1296 2565 homo
1332 2511 1480 2581 quasi
1519 2511 1699 2565 ebrius
1738 2509 1789 2562 in
1841 2507 2035 2577 angulo
2062 2521 2184 2560 ora-

608 2607 728 2660 torii
756 2603 1066 2672 dormitare,
1107 2603 1380 2657 accinctus
1409 2603 1603 2672 gladio,
1628 2601 1778 2669 cujus
1804 2599 1952 2653 hasta
1985 2598 2185 2668 pariete

606 2697 1021 2752 sustentabatur.
1072 2697 1183 2752 Hoc
1218 2699 1334 2752 viso
1367 2714 1461 2752 rex
1504 2697 1837 2758 exclamavit,
1867 2694 2051 2749 dicens
2078 2708 2183 2748 non

606 2803 726 2844 esse
766 2789 1100 2858 simpliciter,
1149 2789 1418 2843 hominem
1466 2788 1566 2842 sub
1605 2787 1705 2842 hoc
1747 2789 1967 2840 horrore
2013 2785 2186 2838 noctis

609 2881 702 2934 tali
735 2882 785 2934 in
826 2881 942 2935 loco
971 2883 1268 2950 quiescere.
1303 2881 1601 2949 Oppressus
1635 2890 1833 2944 autem,
1859 2890 1910 2934 et
1945 2879 2073 2933 loris
2102 2895 2187 2932 re—

609 2975 842 3035 vinctus,
889 2973 1314 3042 interrogabatur
1348 2973 1473 3040 quid
1517 2973 1616 3028 sibi
1663 2972 1777 3026 haec
1826 2971 2020 3024 vellent
2067 2985 2186 3038 qua:

2276 1786 2416 1841 filios
2445 1795 2499 1841 et
2519 1784 2798 1855 conjugem
2829 1801 2842 1836 :
2867 1792 3250 1852 assumptoque
3279 1798 3464 1838 secum
3499 1780 3887 1836 Austrovaldo

2276 1879 2491 1946 comite,
2521 1877 2906 1932 Carcassonam
2948 1876 3116 1945 petiit.
3151 1875 3613 1943 Praeparavcrant
3644 1874 3792 1926 enim
3830 1885 3883 1925 se

2277 1971 2381 2025 hoc
2405 1970 2584 2023 audito
2605 1969 2752 2023 urbis
2777 1969 2917 2022 illius
2941 1968 3106 2032 cives,
3129 1970 3280 2038 quasi
3310 1970 3585 2023 resistere
3610 1968 3883 2020 volentes:

2278 2066 2557 2119 audierant
2604 2071 2781 2116 autem
2828 2062 2894 2116 de
2925 2061 3010 2116 his
3042 2062 3213 2131 prius.
3253 2060 3503 2129 Denique
3552 2060 3698 2114 inito
3748 2058 3880 2111 bello

2282 2152 2464 2223 fugere
2493 2153 2676 2209 Gotthi
2725 2163 2997 2220 ceperunt
3019 2193 3035 2218 ,
3068 2163 3121 2206 et
3151 2151 3459 2206 Desiderius
3491 2165 3631 2205 cum
3663 2153 3882 2204 Austro-
3909 2149 3915 2160 '

2284 2246 2442 2300 valdo
2470 2260 2499 2299 a
2529 2254 2678 2316 tergo
2703 2244 2909 2298 credere
2943 2245 3171 2299 hostem.
3217 2244 3326 2298 Illis
3355 2259 3583 2310 quoque
3635 2242 3877 2310 fugienti-

2283 2338 2406 2404 bus,
2431 2339 2516 2393 bic
2542 2353 2662 2392 cum
2693 2337 2874 2406 paucis
2899 2337 2964 2391 ad
2993 2339 3179 2393 urbem
3208 2336 3432 2390 accessit
3462 2353 3475 2387 :
3513 2334 3712 2388 lassati
3743 2333 3877 2387 enim

2283 2431 2494 2488 fuerant
2517 2433 2726 2502 equites
2755 2431 2861 2502 [AL
2890 2428 3035 2499 equi]
3065 2431 3352 2484 sociorum.
3385 2427 3540 2482 Tunc
3569 2426 3644 2480 ad
3670 2437 3872 2494 portant

2287 2525 2434 2580 urbis
2479 2525 2760 2590 accedens,
2791 2524 3018 2577 vallatus
3063 2537 3091 2575 a
3125 2521 3330 2575 civibus
3369 2520 3454 2588 qui
3502 2519 3651 2572 intra
3697 2530 3874 2569 muros

2287 2624 2460 2682 erant,
2489 2615 2800 2670 interfectus
2827 2623 2910 2668 est
2937 2628 3054 2667 cum
3085 2611 3166 2666 bis
3198 2611 3447 2665 omnibus
3474 2609 3570 2680 qui
3605 2623 3736 2662 eum
3771 2606 3870 2659 fue-

2287 2714 2410 2762 rant
2439 2705 2702 2776 prosecuti
2729 2723 2742 2757 :
2777 2704 2843 2757 ita
2876 2713 2933 2758 ut
2963 2704 3046 2758 vix
3075 2702 3223 2771 pauci
3254 2700 3446 2755 exinde
3474 2697 3870 2770 quodammodo

2288 2798 2597 2864 evaderent,
2647 2797 2738 2866 qui
2785 2812 2938 2861 rem,
2990 2805 3048 2850 ut
3101 2806 3246 2865 gesta
3296 2796 3492 2858 fuerat,
3549 2793 3862 2846 nuntiarent.

2287 2889 2676 2946 Austrovaldus
2702 2903 2827 2942 vero
2857 2888 3079 2942 audiens
3106 2886 3436 2942 Desiderium
3483 2895 3782 2946 mortuum,
3808 2879 3864 2932 de

2291 2983 2377 3035 via
2406 2994 2682 3051 regressus
2729 2979 2794 3032 ad
2835 2994 3014 3049 regem
3061 2980 3327 3047 perrexit,
3375 2977 3468 3047 qui
3521 2991 3649 3030 mox
3690 2975 3741 3027 in
3763 2971 3864 3039 ejus

611 3073 812 3130 ageret.
856 3062 962 3117 Nec
1001 3079 1148 3116 ntora
1192 3063 1454 3133 supplicio
1494 3063 1765 3128 subditus,
1798 3062 1926 3116 dicit
1964 3077 2022 3114 se
2058 3076 2087 3112 a
2119 3064 2184 3114 le-
2213 3063 2260 3128 ρ
2290 3079 2467 3133 locum
2491 3076 2600 3130 dux
2628 3075 2899 3128 ειειυίιυιι,

613 3154 750 3223 gatis
777 3153 864 3223 qui
893 3153 1222 3208 advenerant
1264 3155 1516 3209 emissum
1543 3155 1725 3217 fuisse,
1751 3163 1806 3207 ut
1834 3169 1927 3208 rex
1966 3152 2187 3207 deberet

614 3245 866 3300 interﬁci.
939 3245 1174 3315 Denique
1227 3247 1547 3316 apprehensi
1599 3247 1752 3316 legati
1799 3244 2185 3314 Is‘redeguudis,

615 3337 751 3390 nihil
790 3339 857 3392 de
891 3337 972 3390 his
1002 3354 1119 3407 quae
1149 3340 1600 3408 interrogatisunt
1639 3340 1977 3397 confitentur,
2005 3338 2189 3392 dicen-

618 3440 742 3488 tes:
785 3431 890 3484 Nos
937 3431 1065 3486 nihil
1115 3431 1180 3484 ad
1226 3432 1365 3486 aliud
1413 3433 1596 3500 missi,
1635 3433 1734 3487 nisi
1777 3442 1833 3486 ut
1869 3432 2187 3502 legationem

619 3536 774 3592 quam
802 3522 1156 3590 suggessimus
1182 3521 1532 3577 deferremus.
1562 3523 1709 3578 Tunc
1736 3523 2006 3579 hominem
2037 3521 2189 3577 illum

620 3613 844 3668 diversis
881 3613 1049 3683 plagis
1078 3612 1344 3679 affectum,
1375 3624 1429 3668 et
1457 3615 1661 3668 carceri
1697 3615 2074 3682 mancipatum,
2111 3613 2190 3668 Ie-

621 3715 769 3774 gatos
805 3721 899 3772 per
933 3705 1140 3760 diversa
1175 3706 1286 3760 loca
1326 3706 1516 3761 exsilio
1552 3706 1891 3761 condemnari
1937 3706 2195 3776 pra'cipit.

624 3796 1055 3852 Manifesti~sime
1096 3796 1239 3850 enim
1287 3796 1456 3865 patuit
1502 3796 1602 3851 sub
1638 3797 1738 3852 hoc
1777 3797 1899 3852 dolo
1941 3812 1969 3852 a
1999 3797 2198 3852 Frede-

626 3888 800 3958 guude
831 3887 996 3943 fuisse
1025 3888 1279 3956 directos,
1300 3897 1355 3941 ut
1377 3903 1556 3958 regem
1592 3889 1895 3944 interficere
1919 3889 2197 3944 deberent.

2365 3198 2549 3256 XLVI.
2609 3195 2854 3251 Posthznc
2893 3204 2915 3230 θ
2945 3192 3322 3247 Leuvichildus
3370 3207 3466 3246 rex
3521 3192 3854 3259 Hispanorum

2296 3298 2556 3361 aegrotare
2594 3287 2775 3353 carpit,
2809 3283 2925 3346 sed,
2963 3293 3018 3335 ut
3046 3282 3259 3351 quidam
3310 3290 3590 3347 asserunt,
3623 3276 3857 3347 poeniten-

2299 3385 2424 3437 tiam
2449 3395 2546 3450 pro
2575 3391 2757 3433 errore
2781 3376 3029 3429 hznretico
3058 3389 3243 3442 agens,
3276 3383 3330 3428 et
3360 3375 3644 3428 obtestans
3669 3383 3732 3423 ne
3753 3365 3854 3420 huic

2297 3471 2487 3527 bzeresi
2516 3471 2792 3539 quisquam
2821 3466 3143 3536 reperiretur
3172 3477 3596 3528 consentaneus,
3631 3461 3680 3515 in
3707 3460 3852 3526 legem

2297 3565 2612 3620 catholicam
2668 3560 2905 3625 transiit;
2965 3573 3028 3612 ac
3086 3572 3180 3626 per
3232 3567 3434 3626 septem
3492 3557 3612 3611 dies
3658 3555 3707 3606 in
3750 3550 3853 3602 fletu

2300 3657 2593 3727 perduraus
2621 3670 2714 3721 pro
2746 3652 2827 3705 his
2855 3666 2972 3719 qua:
2999 3660 3184 3705 contra
3217 3649 3382 3702 Deum
3431 3648 3622 3717 inique
3670 3641 3852 3697 molitus

2300 3725 2384 3804 est
2415 3745 2459 3814 ί,
2489 3747 2731 3816 spiritum
2763 3742 3064 3798 exhalavit:
3085 3738 3427 3810 regnavitque
3458 3733 3781 3794 Richaredus
3805 3725 3852 3779 ﬁs

2305 3842 2408 3895 lius
2434 3841 2549 3909 ejus
2578 3852 2672 3907 pro
2697 3853 2784 3892 eo.

626 3979 3845 4035 Μήστῌῶ

1073 4140 1426 4214 417418
1485 4118 2084 4202 INCIPIUNT
2143 4113 2728 4200 CAPITULA
2787 4107 3092 4191 LIBRI
3147 4103 3448 4188 NONI.

634 4276 688 4348 I.
723 4278 798 4332 De
827 4277 1112 4334 Ricltaredo
1143 4287 1187 4331 et
1214 4278 1390 4348 legatis
1413 4281 1545 4345 ejus.

631 4347 717 4403 II.
746 4349 819 4402 De
841 4351 974 4402 obitu
997 4349 1151 4402 beatm
1188 4347 1535 4414 Rndcgundis.

633 4419 693 4472 11
707 4419 749 4472 I.
776 4418 852 4472 De
878 4436 935 4472 eo
957 4422 1040 4482 qui
1066 4435 1179 4471 cum
1212 4408 1376 4471 cultro
1400 4421 1466 4470 ad
1497 4417 1937 4472 Guntclrramnum
1966 4434 2133 4489 regem
2160 4417 2314 4474 venit.

634 4489 661 4542 1
677 4490 737 4542 γ.
773 4490 919 4552 Quod
955 4489 1276 4543 Childebmo
1301 4489 1434 4543 alius
1459 4499 1606 4542 natus
1637 4499 1709 4543 est
1730 4491 1896 4556 ﬁlius.

648 4559 706 4614 V.
738 4559 815 4613 De
843 4560 1110 4630 prodigiis.

707 4703 733 4730 ι
775 4694 829 4748 Id
857 4702 935 4747 est
960 4693 1020 4746 ab
1044 4692 1266 4755 homine,
1296 4693 1499 4747 scilicet
1522 4693 1783 4748 Antestio.

707 4763 735 4804 δ
775 4764 1040 4819 Laudatur
1071 4779 1100 4816 a
1136 4763 1425 4816 Fortunato
1474 4765 1564 4818 lib.
1597 4779 1632 4827 ι,
1657 4779 1823 4817 carm.
1852 4765 1908 4829 '5,
1939 4765 2008 4816 ob
2036 4763 2202 4817 :ediﬂ-

639 4846 808 4892 catatn
837 4842 1021 4889 sancto
1045 4833 1320 4899 Stephano
1349 4835 1648 4888 ecclesiam.
1678 4835 1906 4890 Alteram
1958 4837 2010 4887 in
2040 4835 2206 4888 hono-

640 4924 753 4964 rem
803 4912 1105 4959 sanctorum
1150 4903 1309 4967 Petri,
1342 4904 1510 4966 Pauli,
1545 4905 1817 4960 Laurentii
1866 4917 1918 4960 et
1944 4904 2205 4958 Pancratii

641 4977 949 5042 aedificarat,
971 4977 1020 5027 in
1044 4990 1144 5042 qua
1179 4975 1432 5028 tredecim
1458 4987 1607 5028 erant
1633 4976 1834 5038 altaria,
1863 4977 1951 5029 sed
1983 4986 2211 5043 quatuor

643 5065 710 5104 ex
747 5049 828 5103 his
867 5054 1175 5100 consecrata
1210 5059 1312 5097 non
1337 5045 1565 5106 fuerant,
1594 5048 1734 5112 quod
1771 5047 2020 5113 reliquias
2052 5047 2101 5098 in
2133 5047 2213 5100 eis

645 5118 982 5184 reponendas
1007 5116 1178 5170 nullas
1203 5115 1438 5179 haberet,
1459 5125 1670 5182 utpatet
1700 5132 1760 5170 ex
1789 5119 1953 5169 sancti
1972 5115 2213 5179 Gregorii

645 5189 713 5242 Μ.
738 5189 890 5255 epist.
916 5187 1004 5254 50,
1033 5187 1121 5239 lib.
1148 5203 1199 5249 v,
1224 5187 1310 5239 ubi
1337 5186 1581 5254 reliquias
1606 5203 1733 5250 quas
1762 5188 1827 5240 ab
1857 5201 1922 5239 eo
1948 5186 2211 5241 Palladius

647 5261 981 5324 el‘llagitarat,
1000 5273 1057 5310 se
1085 5258 1179 5322 ipsi
1210 5256 1563 5310 transmittere
1593 5256 1776 5310 beatus
1799 5265 2022 5310 testatur
2045 5256 2214 5322 ponti-

649 5327 757 5390 fex,
782 5330 868 5395 qui
902 5339 956 5381 et
984 5329 1137 5392 epist.
1168 5325 1236 5380 52
1264 5326 1497 5394 ejusdem
1520 5327 1638 5380 libri
1666 5326 2091 5385 eidem.Palladio
2109 5331 2216 5381 Au-

650 5399 917 5467 gustinum
958 5398 1194 5463 aliosque
1217 5398 1502 5467 monachos
1535 5398 1840 5466 inAngliam
1864 5407 2049 5451 euntes
2069 5414 2216 5451 com-

650 5465 938 5522 ineudavit.
974 5468 1172 5519 Nomen
1203 5465 1318 5536 ejus
1371 5467 1421 5520 in
1449 5466 1600 5520 fastis
1631 5465 1880 5522 Ecclesiae
1910 5469 2120 5536 legitur,
2153 5483 2215 5521 ac

651 5539 957 5611 utisanctus
984 5537 1032 5588 in
1063 5535 1526 5611 pr0pria_eccles_ia
1562 5537 1867 5611 honoratur.
1894 5535 2218 5611 Subscripsit

652 5606 795 5663 Conc
845 5605 1007 5656 Paris.
1033 5621 1102 5663 tv,
1128 5621 1213 5656 an.
1241 5605 1362 5664 5'75,
1392 5615 1444 5658 et
1469 5606 1670 5659 Matisc.
1697 5623 1753 5666 II,
1784 5622 1922 5659 anno
1948 5609 2072 5662 585.

730 5688 750 5716 ο
778 5672 868 5730 lIic
890 5687 1000 5730 erat
1026 5680 1302 5746 episcopus
1323 5675 1689 5732 Nautnetensis
1713 5677 1900 5735 Felicis
1921 5691 2215 5743 successor,

2231 4694 2284 4754 D
2309 4699 2364 4743 ut
2395 4688 2592 4742 dicitur
2631 4700 2787 4754 supra
2833 4685 2926 4738 lib.
2959 4699 3031 4748 vi,
3066 4698 3184 4753 cap.
3214 4684 3312 4750 ης
3341 4682 3591 4738 laudatur
3630 4682 3739 4754 item
3761 4673 3838 4754 lib.

2307 4777 2360 4815 tv
2389 4761 2456 4814 de
2483 4759 2666 4813 Mirac.
2697 4747 2862 4811 sancti
2894 4747 3147 4818 Martini;
3173 4747 3410 4816 cap.'26.
3446 4757 3598 4810 Alius
3625 4750 3705 4805 fuit
3729 4747 3838 4818 eius»

2307 4813 2594 4886 demisedis
2609 4832 2774 4898 episc.
2802 4813 3125 4898 Nonnichius
3145 4813 3570 4898 seu'Nunichius.
3584 4824 3664 4890 qui
3680 4813 3838 4898 saecli}?

2310 4885 2566 4968 Superiori
2590 4885 2754 4956 conc.
2781 4896 3059 4951 Venetensi
3080 4897 3436 4968 subscripsit;
3465 4885 3652 4968 cuique
3678 4885 3840 4958 Apolli-

2313 4966 2457 5028 naris
2487 4970 2739 5024 Sidonius
2769 4968 2982 5034 scripsit
3006 4966 3168 5034 epist.
3204 4968 3268 5020 1⁸5
3299 4968 3391 5021 lib.
3420 4983 3536 5021 vtu.

2386 5042 2412 5080 δ
2452 5041 2583 5096 Cod.
2609 5041 2759 5095 Colb.
2793 5054 2868 5106 a.,
2901 5036 3070 5090 Batto.

2392 5124 2416 5150 ο
2459 5113 2568 5166 IIoc
2596 5121 2754 5180 caput
2782 5110 2931 5180 deest
2959 5107 3013 5160 in
3042 5107 3195 5180 Colb.
3229 5121 3278 5160 a.
3307 5117 3360 5164 et
3384 5108 3504 5180 Vat.
3669 5173 3707 5180 __
3764 5168 3789 5180 ,,

2395 5183 2416 5222 ί
2459 5166 2686 5252 Αεηονίἱ
2725 5179 2938 5252 quidem
2964 5179 3249 5252 veritatem
3297 5195 3360 5234 ex
3391 5179 3644 5246 Gregorio
3669 5173 3724 5228 Μ.

2321 5272 2377 5311 Itl
2409 5248 2632 5322 Diafug.,
2661 5248 2776 5320 cap.
2811 5251 2868 5303 ’51
2901 5264 2916 5302 :
2953 5248 3055 5301 Sed
3080 5251 3244 5319 gentis
3269 5267 3376 5304 sua:
3401 5253 3578 5306 timore
3601 5248 3836 5322 perferri!!!

2319 5329 2385 5381 ad
2419 5317 2897 5390 ﬁdem'catholicam
2929 5317 3186 5390 pervenire
3213 5338 3308 5373 nan
3341 5324 3543 5376 meruit.
3594 5317 3657 5374 lle
3687 5317 3834 5385 Lem't-

2321 5399 2463 5468 giidi'
2499 5395 2844 5468 Conversionc
2895 5389 3026 5468 nihil
3057 5391 3298 5468 scribunt
3317 5392 3552 5468 Joannes
3578 5390 3833 5468 Βίεξωηειιειξ

2321 5455 2502 5528 abbas,
2528 5475 2616 5519 aut
2639 5464 2870 5518 Isidorus
2893 5460 2959 5514 ad
2986 5476 3147 5514 mram
3181 5462 3304 5524 606,
3351 5463 3472 5516 licet
3496 5466 3636 5530 plura
3656 5455 3833 5530 habent“

2322 5540 2389 5592 de
2420 5539 2527 5590 illo.
2563 5537 2692 5590 Eum
2723 5535 2787 5586 ad
2817 5546 3000 5602 prunas
3032 5543 3312 5598 perpetuas
3354 5549 3417 5587 ex
3452 5528 3549 5587 hac
3577 5536 3666 5585 vita
3689 5528 3829 5579 denu-

2321 5621 2506 5677 grasse
2531 5607 2604 5660 ait
2627 5604 2815 5660 Paulus
2838 5602 3200 5669 Emeritensis,
3225 5617 3341 5672 cap.
3362 5605 3424 5659 l6
3446 5605 3510 5660 de
3535 5604 3653 5661 Vitis
3671 5602 3830 5670 patrum

2327 5677 2552 5734 Euicrit.
