3942 6190
646 255 744 311 883

1641 250 1699 306 5.
1742 248 2066 306 GREGORII
2107 248 2409 305 EPISCOPI
2447 247 2874 305 TURONENSIS

3782 251 3898 306 ιδι

712 370 799 427 Ill.
832 370 1035 425 lnterea
1078 377 1102 405 ⁸
1152 367 1367 422 advenit
1422 366 1679 421 festivitas
1735 367 1901 422 sancti
1951 366 2202 432 Marcelli,
2232 372 2277 427 Α
2304 365 2584 435 jactitabat
2614 383 2628 419 :
2653 364 2720 420 ad
2749 380 2926 434 quem,
2968 378 3087 435 quta
3122 378 3354 433 prresens
3381 374 3486 416 neu
3517 377 3699 430 eram,
3729 368 3896 420 rusti-

637 479 758 534 qure
785 463 924 532 apud
969 461 1151 516 urbem
1184 460 1607 516 Cabillonensem
1644 474 1826 514 mense
1861 460 2087 527 septimo
2115 473 2207 512 ce-

642 553 902 616 lebratur,
958 561 1012 606 et
1050 550 1482 606 Guntchramnus
1529 565 1622 603 rex
1670 549 1856 603 adfuit.
1894 548 2088 603 Verum
2120 546 2209 601 ubi

643 644 871 711 peractis
920 640 1247 696 {solemnibus
1282 639 1343 703 δ,
1390 639 1455 692 ad
1507 647 1902 692 sacrosanctum
1961 638 2206 692 altarium

642 733 1068 788 communicandi
1090 734 1257 801 gratia
1287 732 1618 793 accessisset,
1644 730 1788 783 venit
1817 730 2029 800 quidam
2058 729 2206 799 quasi

641 824 840 895 aliquid
869 835 1234 894 suggesturus.
1274 823 1373 889 Qui
1402 822 1526 876 dum
1572 830 1818 890 properat
1843 820 2001 892 42],
2027 832 2208 876 contra

641 930 821 984 regem
848 956 863 976 ,
910 915 1082 969 culter
1108 916 1157 969 ei
1197 913 1263 966 de
1294 922 1450 966 manu
1472 911 1747 971 dilabitur.
1773 912 2213 979 apprehensoque

642 1014 902 1074 repente,
937 1006 1097 1058 alium
1145 1005 1375 1059 cultrum
1429 1004 1762 1073 evaginatum
1808 1004 1858 1056 in
1907 1018 2065 1056 manu
2094 1003 2211 1072 ejus

646 1096 936 1163 reperiunt.
966 1096 1074 1149 Nec
1103 1109 1248 1148 mora
1268 1135 1284 1161 ,
1325 1094 1546 1149 eductus
1574 1109 1603 1147 a
1630 1094 1843 1147 basilica
1870 1104 2071 1159 sancta,
2100 1094 2213 1146 vin-

647 1195 765 1240 ctus
789 1228 802 1249 ,
835 1197 887 1240 et
934 1186 1209 1241 tormentis
1237 1184 1478 1239 addictus
1501 1224 1516 1249 ,
1559 1183 1839 1238 conﬁtetur
1873 1199 1932 1238 se
1960 1185 2213 1238 emissum

650 1276 716 1329 ad
741 1277 1163 1331 interﬁciendum
1195 1290 1394 1345 regem,
1425 1276 1645 1329 dicens:
1678 1275 1767 1330 Sic
1802 1275 1941 1329 enim
1970 1276 2215 1330 tractavit

648 1367 738 1435 qui
780 1382 865 1421 me
913 1368 1074 1420 misit.
1141 1367 1273 1433 Quia
1323 1366 1571 1435 cognovit
1621 1382 1715 1420 rex
1759 1367 2044 1421 mult0rum
2076 1369 2126 1421 in
2156 1383 2216 1421 se

644 1460 765 1512 odia
793 1469 1096 1529 aggregata,
1130 1470 1184 1513 et
1208 1472 1486 1527 suspectus
1516 1474 1585 1513 ne
1612 1460 1960 1526 percutiatur,
2000 1461 2215 1516 oninino

650 1565 709 1605 se
736 1566 763 1603 a
794 1552 906 1605 suis
938 1552 1121 1605 vallari
1154 1552 1429 1621 prmcipit:
1461 1567 1559 1606 nec
1590 1553 1853 1621 reperitur
1882 1552 2055 1606 aditus
2085 1568 2218 1622 qua-

652 1640 774 1695 liter
796 1642 859 1695 ad
909 1657 1029 1696 eum
1076 1657 1194 1695 eum
1237 1642 1429 1712 gladiis
1479 1642 1648 1709 possit
1690 1642 1981 1707 accedere,
2032 1643 2130 1696 nisi
2162 1643 2213 1696 in

2308 463 2442 517 citas
2488 464 2665 532 populi
2714 462 2881 515 multa
2939 459 3290 525 conﬂuxerat,
3345 457 3650 514 deferentes
3707 474 3893 513 secum

2308 569 2480 608 caecos
2508 565 2564 608 et
2588 554 2810 618 debiles,
2853 568 2986 619 quos
3035 568 3138 607 non
3194 553 3478 606 sanctitate
3524 566 3753 614 sanare,
3806 553 3894 607 sed

2309 660 2491 699 errore
2519 645 2895 699 necromantici
2934 645 3133 712 ingenii
3160 645 3437 710 quaerebat
3466 642 3727 697 illudens.
3764 643 3892 697 Nam

2310 736 2408 789 hos
2433 736 2521 796 qui
2544 744 2697 790 erant
2730 736 3026 805 paralytict,
3055 745 3146 788 aut
3170 735 3270 789 alia
3314 734 3555 798 impediti
3580 734 3890 797 debilitate,

2306 828 2528 896 jubehat
2554 828 2727 882 valide
2758 828 2998 892 extendi,
3024 837 3079 881 ut
3100 843 3233 896 quos
3260 828 3472 881 virtutis
3500 826 3700 881 divina:
3734 827 3892 897 largi-

2311 919 2454 973 tione
2478 917 2704 987 dirigere
2727 933 2831 972 non
2862 927 3091 987 poterat,
3122 917 3273 986 quasi
3309 932 3402 985 per
3428 918 3755 971 industriam
3788 932 3893 971 res~

2311 1014 2564 1060 tauraret.
2600 1006 2832 1075 Denique
2860 1005 3328 1076 appreltendebant
3354 1008 3507 1074 pueri
3531 1006 3657 1075 ejus
3704 1021 3891 1060 manus

2313 1094 2606 1160 hominum,
2635 1095 2720 1149 alii
2743 1110 2868 1150 vero
2891 1096 3072 1165 pedes,
3099 1105 3399 1165 tractosque
3424 1096 3671 1150 diversas
3694 1097 3751 1150 iu
3777 1111 3893 1165 par-

2315 1196 2415 1250 tes,
2449 1187 2518 1240 ita
2547 1195 2606 1240 ut
2625 1189 2777 1241 nervi
2806 1196 3120 1255 putarentur
3148 1186 3392 1253 abrumpi
3424 1204 3437 1239 :
3489 1202 3613 1240 cum
3644 1201 3759 1241 non
3808 1202 3888 1241 sa-

2315 1285 2586 1343 narentur,
2617 1276 3019 1331 dimittebantur
3047 1278 3339 1332 exanimes.
3371 1277 3521 1332 Unde
3553 1277 3764 1331 factum
3788 1288 3885 1345 est,

2319 1376 2376 1420 ut
2406 1368 2456 1420 in
2488 1369 2588 1421 hoc
2615 1368 2874 1437 supplicio
2922 1368 3072 1421 multi
3111 1367 3354 1437 spiritum
3397 1368 3751 1433 exhalat-ent;
3784 1378 3884 1419 tan-

2319 1466 2538 1526 tumque
2574 1459 2739 1511 miser
2758 1458 2927 1511 elatus
2955 1466 3094 1516 erat.
3122 1469 3176 1511 ut
3204 1458 3464 1511 minorem
3497 1468 3521 1504 κ
3561 1472 3624 1512 se
3678 1459 3884 1513 beatum

2315 1549 2594 1604 Martinutn
2627 1566 2746 1604 esse
2774 1550 2994 1614 diceret,
3027 1565 3085 1605 se
3106 1566 3230 1604 vero
3260 1551 3514 1619 apostolis
3556 1560 3882 1618 coaequant.

2316 1641 2424 1696 Nec
2467 1642 2680 1710 mirum,
2725 1658 2768 1696 ει
2818 1642 2905 1696 hic
2932 1642 3159 1697 similem
3200 1657 3258 1696 se
3286 1643 3426 1696 dicat
3452 1643 3744 1711 apostolis,
3774 1658 3887 1697 cum

642 1730 887 1796 ecclesia,
916 1731 967 1784 in
998 1746 1099 1799 qua
1121 1746 1341 1786 securus
1366 1740 1420 1786 et
1441 1730 1569 1783 nihil
1601 1740 1839 1785 metuens
1877 1739 2020 1786 stare
2043 1730 2218 1801 digno-
2243 1739 2292 1799 Β
2321 1732 2408 1787 ille
2436 1742 2621 1786 auctor
2648 1733 2918 1801 nequitiae,
2944 1749 2971 1784 a
2998 1748 3103 1802 quo
3128 1736 3225 1786 ista
3260 1734 3581 1803 procedunt,
3614 1734 3886 1789 Christum

643 1822 828 1886 scitur,
860 1822 1342 1876 transverberetur.
1378 1823 1481 1877 Sed
1513 1830 1568 1876 et
1590 1822 1670 1875 bis
1698 1822 1761 1876 de
1790 1822 1980 1892 quibus
2006 1823 2209 1878 locutus

644 1910 744 1965 fuit
767 1913 1114 1981 apprehensis
1134 1953 1149 1977 ,
1192 1914 1373 1967 multis
1404 1916 1757 1984 interemptis,
1791 1918 1930 1969 hunc
1961 1916 2212 1969 verbera-

645 2008 756 2056 tum
806 2004 971 2072 plagis
1010 2003 1212 2058 dimisit
1241 2005 1417 2057 vivum
1445 2045 1460 2071 ,
1491 2007 1612 2074 quia
1661 2008 1807 2059 nefas
1857 2007 2059 2073 putavit
2090 2018 2137 2072 τε,
2165 2006 2211 2061 si

642 2094 687 2147 is
714 2093 803 2161 qui
824 2094 892 2147 ab
919 2094 1144 2147 ecclesia
1178 2094 1399 2148 eductus
1425 2096 1614 2160 fuerat,
1648 2105 2006 2151 truncaretur.

712 2182 799 2238 ιν.
830 2182 857 2220 τι
898 2184 975 2237 Eo
1020 2200 1161 2237 anno
1210 2184 1550 2240 Childeberto
1593 2187 1706 2256 regi
1734 2187 1870 2241 alius
1897 2189 2033 2242 lilius
2059 2199 2213 2243 natus

641 2281 744 2339 est,
771 2288 926 2341 quem
982 2273 1218 2327 Veranus
1254 2273 1637 2330 Cavillonensis
1663 2286 1686 2314 ο
1716 2279 1996 2347 episcOpus
2046 2284 2215 2336 susci-

642 2360 793 2428 piens
818 2376 847 2413 a
877 2361 1106 2426 lavacro,
1140 2361 1457 2416 Theoderici
1483 2379 1674 2420 nomen
1698 2368 1891 2435 posuit.
1918 2367 2049 2423 Erat
2071 2370 2211 2425 enim

654 2466 722 2508 eo
742 2462 978 2521 tempore
1009 2454 1119 2521 ipse
1148 2454 1379 2520 pontifex
1404 2455 1609 2524 magnis
1637 2457 1920 2514 virtutibus
1944 2462 2211 2530 praeditus,

643 2544 715 2598 ita
747 2554 800 2597 ut
823 2543 1131 2613 plerumque
1177 2543 1399 2598 inﬁrmis
1446 2548 1654 2616 signum
1702 2549 1874 2604 crucis
1914 2550 2212 2620 imponens,

643 2635 821 2688 statim
849 2636 1080 2696 sanitati,
1110 2634 1373 2690 tribuente
1402 2636 1654 2703 Domino,
1687 2651 2027 2696 restauraret.

719 2726 780 2780 V.
813 2727 1054 2795 Prodigia
1085 2727 1105 2764 ί
1133 2742 1341 2796 quoque
1383 2730 1545 2783 multa
1597 2731 1791 2786 dehinc
1835 2746 2210 2803 apparuerunt.

641 2816 772 2873 Nam
797 2834 918 2873 vasa
951 2835 1044 2889 per
1074 2820 1262 2873 domos
1288 2822 1641 2886 diversorum,
1690 2823 1857 2894 signis
1902 2826 2081 2881 nescio
2101 2830 2216 2898 qui-

641 2912 743 2966 bus
773 2914 1060 2967 charaxata
1089 2924 1231 2981 sunt,
1264 2930 1380 2986 qua:
1428 2929 1515 2969 res
1555 2916 1699 2971 nullo
1750 2933 1981 2986 unquam
2029 2922 2212 2992 modo,

641 3004 896 3058 auteradi
927 3008 1114 3072 potuit,
1144 3018 1235 3061 aut
1263 3008 1451 3062 deleri.
1486 3008 1775 3076 lncmptum
1799 3022 1879 3063 est
1910 3020 2085 3067 autem
2115 3014 2214 3069 hoc

2311 1839 2369 1879 se
2393 1824 2446 1878 in
2472 1825 2578 1881 ﬁne
2598 1826 2778 1881 surculi
2812 1826 3048 1881 fassurus
3077 1828 3168 1881 sit.
3194 1828 3320 1881 Nam
3343 1828 3409 1881 de
3424 1828 3525 1882 hoc
3543 1827 3886 1881 animadvero

2312 1931 2428 1972 sum
2459 1925 2561 1981 est,
2606 1926 2663 1972 ut
2705 1918 2950 1986 superius
2978 1919 3229 1986 diximus,
3264 1935 3445 1973 errore
3473 1919 3889 1974 necromantiae

2313 2009 2442 2064 artis
2472 2009 2637 2065 fuisse
2674 2010 2953 2065 imbutum.
2986 2012 3140 2078 Quia,
3172 2021 3228 2065 ut
3252 2022 3493 2065 asserunt
3525 2013 3613 2077 qui
3662 2026 3789 2065 eum
3814 2011 3887 2062 vi-

2313 2101 2523 2166 derunt,
2569 2117 2688 2157 cum
2737 2102 2959 2171 quisque
3008 2102 3075 2157 de
3104 2117 3168 2157 eo
3198 2103 3379 2173 procul
3410 2113 3463 2156 et
3508 2102 3694 2156 abdite
3743 2100 3889 2171 quid-

2313 2209 2471 2262 quam
2516 2194 2721 2248 Iocutus
2772 2192 2957 2249 fuisset
2986 2194 3133 2257 mali,
3191 2209 3369 2247 coram
3429 2194 3625 2263 popqu
3686 2202 3887 2248 astante

2313 2283 2730 2353 improperabat,
2753 2284 2963 2338 dicens:
2991 2282 3120 2350 Quia
3148 2284 3247 2338 hoc
3272 2292 3329 2337 et
3352 2283 3477 2337 illud
3500 2284 3568 2337 de
3594 2298 3683 2337 me
3705 2283 3888 2337 effatus

2314 2381 2416 2437 est,
2446 2387 2567 2442 quae
2594 2375 2874 2429 sanctitate
2902 2388 3017 2428 mea
3065 2382 3219 2427 erant
3257 2373 3488 2442 indigna.
3539 2373 3604 2428 Et
3638 2378 3757 2442 quo
3787 2372 3885 2427 alio

2314 2463 2419 2517 nisi
2448 2464 2813 2518 nuntiantibus
2838 2464 3115 2518 daemoniis
3140 2464 3189 2518 id
3218 2463 3619 2535 cognoscebat?
3650 2462 3885 2518 Habebat

2314 2563 2491 2611 autem
2521 2557 2783 2611 cucullum
2830 2572 2890 2610 ac
2922 2558 3153 2610 tunicam
3187 2556 3252 2610 de
3275 2556 3390 2626 pilis
3412 2570 3718 2624 caprarum,
3750 2563 3807 2609 et
3836 2554 3882 2607 in

2314 2649 2563 2719 praesenti
2588 2648 2799 2718 quidem
2825 2649 3098 2703 abstinens
3120 2656 3233 2703 erat
3267 2662 3296 2701 a
3327 2648 3457 2702 cibis
3482 2655 3535 2701 et
3556 2655 3685 2715 potu
3708 2664 3723 2711 ;
3750 2647 3884 2700 clam

2314 2748 2491 2794 autem
2522 2755 2641 2793 cum
2672 2739 2726 2793 in
2753 2738 3103 2793 diversorium
3134 2739 3385 2803 venisset,
3420 2738 3489 2792 ita
3520 2736 3808 2792 infareibat
3834 2736 3880 2789 in

2315 2846 2428 2893 ore,
2461 2840 2517 2884 ut
2546 2831 2791 2885 minister
2820 2845 2921 2884 non
2944 2842 3248 2885 occurreret
3272 2840 3474 2884 tantum
3499 2830 3742 2898 poscenti
3772 2843 3880 2897 pore

2314 2920 2507 2992 rigere.
2541 2921 2644 2976 Sed
2677 2921 2889 2975 detecta
2917 2921 3196 2975 dolositate
3236 2922 3373 2991 ejus,
3417 2930 3470 2976 et
3499 2938 3527 2974 a
3570 2921 3770 2975 nostris
3792 2919 3877 2973 de-

2316 3012 2594 3082 prehensa,
2642 3012 2847 3081 ejectus
2867 3022 2948 3067 est
2974 3022 3121 3067 extra
3153 3012 3300 3066 urbis
3323 3013 3635 3067 terminum.
3666 3012 3773 3066 Nec
3794 3024 3876 3064 cu-

642 3098 936 3167 prodigium
967 3100 1032 3153 ab
1059 3101 1206 3155 urbis
1230 3101 1542 3155 Carnotenas
1572 3102 1863 3166 territorio,
1904 3115 1958 3158 et
1995 3107 2215 3163 veniens
2243 3103 2287 3164 C
2317 3107 2599 3177 gnovimus
2621 3105 2874 3173 deinceps
2902 3120 3007 3176 quo
3032 3105 3259 3169 abisset;
3282 3104 3496 3159 dicebat
3519 3104 3685 3175 523
3716 3113 3873 3158 tamen

641 3207 736 3258 per
766 3193 1222 3256 Aurelianensem,
1257 3209 1424 3263 usque
1456 3194 1898 3265 Burdegalensem
1928 3200 2212 3254 terminum

641 3282 982 3352 peraccessit,
1009 3299 1112 3337 non
1142 3287 1551 3353 praetermittens
1580 3288 1736 3341 ullam
1764 3288 1947 3342 urbem
1978 3304 2093 3357 qum
2117 3289 2215 3344 fuit

646 3374 699 3427 in
724 3375 919 3429 medio.
954 3375 1010 3429 In
1040 3375 1210 3429 vineis
1236 3392 1361 3431 vero
1389 3392 1572 3433 mense
1591 3386 1781 3433 octavo
1806 3389 2069 3434 transacta
2094 3380 2211 3434 vin-

640 3465 835 3523 demia.
865 3467 1108 3535 palmites
1147 3481 1311 3521 novos
1353 3482 1472 3521 cum
1521 3471 1636 3522 uvis
1665 3468 1977 3525 deformatis
2006 3469 2212 3541 aspexi-

640 3574 781 3612 mus.
813 3558 867 3611 in
914 3559 1031 3610 aliis
1080 3558 1357 3613 arboribus
1386 3559 1606 3614 frondes
1631 3576 1803 3625 novre,
1835 3571 1889 3616 et
1918 3578 2051 3616 nova
2103 3564 2211 3617 visa

639 3658 761 3702 sunt
790 3663 963 3717 poma.
989 3647 1138 3701 Radii
1167 3664 1194 3701 a
1222 3658 1368 3717 parte
1407 3649 1683 3719 Aquilonis
1708 3659 2085 3720 apparuerunt.
2118 3657 2225 3707 As-.

638 3737 889 3792 serebant
916 3737 1157 3791 nonnulli
1188 3738 1380 3792 vidisse
1405 3752 1463 3792 se
1490 3747 1765 3807 serpentes
1788 3756 1853 3795 ex
1868 3741 2009 3796 nube
2035 3742 2215 3812 delap-

638 3842 747 3883 sos.
781 3827 884 3881 Alii
914 3827 1253 3881 afﬁrmabant
1284 3828 1459 3882 villam
1490 3846 1610 3883 cum
1638 3830 1777 3884 casis
1831 3842 1885 3886 et
1914 3831 2213 3888 hominibus

639 3920 912 3976 subitanea
943 3921 1307 3977 internecione
1335 3923 1722 3989 evanuisse;et
1745 3924 1907 3979 multa
1940 3926 2040 3980 alia
2064 3927 2212 3996 signa

637 4021 1017 4081 apparuerunt,
1041 4026 1160 4079 qua:
1178 4021 1268 4065 aut
1296 4012 1434 4081 regis
1460 4011 1664 4066 obitum
1689 4015 2002 4068 annuntiare
2018 4016 2209 4080 solent,

637 4115 729 4158 aut
757 4104 985 4175 regionis
1005 4102 1297 4157 excidium.
1329 4103 1493 4174 422
1527 4104 1804 4159 Vindemia
1853 4120 1917 4159 eo
1945 4120 2084 4160 anno
2132 4115 2212 4162 te-

639 4197 782 4261 nuis,
805 4212 957 4266 aqum
979 4196 1189 4264 validae,
1224 4197 1421 4265 pluvia:
1442 4197 1740 4263 immensa),
1769 4198 1983 4252 flumina
2005 4214 2213 4269 quoque

638 4290 907 4359 granditer
944 4287 1166 4342 adaucta
1200 4289 1430 4343 luerunt.

715 4379 799 4433 Vl.
844 4379 965 4433 Fuit
992 4395 1057 4433 eo
1076 4395 1217 4432 anno
1241 4379 1289 4432 in
1318 4380 1447 4434 urbe
1476 4379 1737 4434 Turonica
1784 4380 2085 4437 Desiderius
2112 4399 2209 4438 no-

2316 3199 2485 3254 civem
2539 3212 2599 3253 se
2651 3212 2771 3253 esse
2823 3196 3287 3267 Burdegalensem.
3332 3195 3460 3250 Nam
3511 3206 3566 3250 et
3618 3204 3745 3250 ante
3789 3193 3874 3247 bos

2314 3300 2518 3359 septem
2566 3304 2735 3343 annos
2786 3290 2880 3342 fuit
2909 3297 2961 3343 et
3006 3289 3140 3342 alius
3168 3302 3391 3358 magnus
3418 3287 3576 3342 valde
3607 3287 3865 3349 seductor,

2314 3382 2404 3450 qui
2428 3382 2622 3435 multos
2642 3381 2858 3449 decepit
2884 3379 3165 3434 dolositate
3188 3395 3305 3434 sua.
3336 3380 3432 3434 llic
3452 3382 3597 3434 enim
3625 3379 3827 3434 colohio
3850 3379 3869 3412 ⁵

2314 3471 2529 3527 indutus
2559 3481 2694 3538 erat,
2734 3472 2958 3526 amictus
2980 3472 3210 3540 desuper
3234 3473 3459 3527 sindone
3485 3512 3501 3538 ,
3553 3487 3766 3528 crucem
3802 3472 3869 3527 fe-

2318 3578 2463 3627 rens,
2496 3563 2564 3617 de
2609 3578 2709 3633 qua
2740 3562 3109 3631 dependebant
3136 3563 3459 3631 ampullulze,
3512 3579 3652 3633 quas
3681 3563 3870 3618 dicebat

2314 3655 2752 3719 oleumsanctum
2785 3653 2999 3709 habere.
3038 3654 3227 3708 Aiebat
3255 3656 3397 3709 enim
3427 3669 3487 3709 se
3522 3655 3591 3710 de
3627 3652 3871 3723 Hispaniis

2319 3743 2634 3808 adventare,
2687 3758 2751 3797 ac
2802 3744 3053 3813 reliquias
3102 3744 3532 3799 beatissimorum
3592 3755 3865 3816 martyrum

2315 3833 2579 3890 Vincentii
2602 3834 2792 3900 levita',
2828 3833 3121 3902 Felicisque
3151 3835 3399 3904 martyris
3430 3833 3446 3871 ί
3478 3834 3757 3890 exhibere.
3779 3830 3869 3888 Sed

2315 3941 2434 3982 cum
2458 3927 2568 3996 jam
2596 3940 2817 3996 vespere
2840 3926 2906 3979 ad
2938 3926 3204 3980 basilicam
3231 3928 3397 3981 sancti
3426 3926 3867 3982 MartiniTuronis

2315 4019 2639 4084 advenisset,
2691 4028 2746 4072 et
2773 4031 2869 4071 nos
2902 4018 2952 4071 in
2982 4017 3228 4071 convivio
3254 4018 3642 4083 resideremus,
3671 4015 3868 4072 manda-

2317 4122 2429 4170 tum
2460 4112 2627 4176 misit,
2660 4110 2843 4165 dicens
2872 4126 2884 4163 :
2924 4110 3218 4165 Occurrant
3254 4111 3493 4180 reliquiis
3527 4112 3747 4165 sanctis.
3785 4106 3866 4162 Cui

2314 4221 2433 4271 nos,
2483 4208 2605 4275 quia
2655 4205 2782 4260 hora
2802 4205 2910 4273 jam
2948 4204 3293 4274 praeterierat,
3324 4205 3549 4259 diximus
3581 4222 3595 4257 :
3635 4205 3865 4273 BequEes-

2319 4309 2444 4351 cant
2494 4299 2662 4353 beatae
2717 4298 2953 4367 reliquias
2993 4313 3153 4367 super
3190 4299 3456 4359 altarium,
3511 4298 3687 4353 donec
3727 4306 3864 4350 mane

2314 4392 2665 4457 procedamus
2695 4390 2761 4443 ad
2792 4403 3072 4443 occursum
3103 4404 3305 4443 earum.
3339 4388 3443 4444 Sed
3486 4388 3571 4443 hic
3601 4390 3768 4457 primo
3791 4383 3864 4437 di-

641 4471 805 4537 mine,
835 4472 1006 4540 quise
1036 4486 1282 4539 magnum
1312 4473 1594 4540 quemdam
1626 4487 1747 4527 esse
1784 4474 2012 4541 dicebat,
2066 4490 2214 4531 asse-
2243 4476 2291 4536 D
2319 4482 2489 4535 luculo
2518 4496 2861 4551 consurgens,
2918 4496 3015 4535 nec
3071 4483 3390 4549 exspectatis
3445 4481 3623 4546 nobis,
3668 4474 3863 4533 advenit

639 4575 764 4616 rens
792 4576 852 4616 se
879 4561 1042 4615 multa
1072 4576 1228 4630 posse
1253 4561 1428 4616 facere
1451 4564 1620 4632 signa.
1656 4562 1783 4615 Nam
1811 4573 1863 4617 et
1894 4568 2105 4619 nuntios
2127 4567 2211 4620 in-

641 4658 722 4706 ter
738 4665 818 4718 se,
851 4661 1010 4721 atque
1033 4652 1247 4707 Petrum
1270 4653 1595 4723 Paulumque
1616 4654 1885 4723 apostolos
1913 4655 2212 4714 discurrere

708 4793 736 4822 ⁸
776 4785 936 4839 Deest
962 4784 1061 4838 hoc
1091 4793 1250 4852 caput
1278 4785 1332 4839 in
1361 4784 1512 4840 Colh.
1546 4801 1596 4839 a.

705 4854 733 4895 δ
772 4856 1112 4911 Observanda
1161 4857 1244 4908 hic
1289 4867 1436 4911 vetus
1470 4856 1756 4913 Gallicanae
1807 4859 2046 4915 ecclesia:
2079 4877 2207 4917 con-

634 4928 884 4985 suetudo.
923 4941 1126 4979 sacram
1165 4928 1590 4997 communienem
1633 4930 1841 4983 nonnisi
1885 4943 2001 4997 post
2046 4948 2196 4995 pera.

633 5000 1008 5121 ctaménissam
1034 4996 1464 5049 administrandi.
1489 4998 1549 5051 ν.
1577 5001 1775 5070 Liturg.
1810 4998 1997 5056 Gallic.
2035 5004 2125 5057 lib.
2160 5021 2198 5070 ι,

635 5085 752 5121 can.
822 5109 833 5121 .

635 5085 752 5123 can.
782 5085 833 5121 ἱ).

738 5108 752 5122 .
782 5086 833 5121 o.

702 5086 733 5180 Ic)
770 5140 862 5213 Jus
884 5138 1013 5210 asyli
1040 5152 1077 5213 a7
1101 5136 1287 5208 primis
1313 5136 1565 5195 Ecclesiae
1591 5143 1817 5205 sarculis,
1841 5158 1904 5196 ex
1935 5157 2041 5212 quo
2059 5144 2204 5213 prin-

632 5210 776 5273 cipes
797 5210 1079 5264 Christiani
1118 5212 1281 5272 fuere,
1306 5224 1617 5263 concessum
1650 5215 1893 5267 ecclesiis
1925 5210 2202 5268 aSseruere

635 5278 817 5347 Patres
847 5282 1010 5333 Cone.
1038 5280 1311 5334 Aurelian.
1336 5294 1372 5342 ι,
1404 5282 1503 5331 sub
1534 5282 1841 5337 Chlodoveo
1867 5285 2073 5347 Magno.
2107 5301 2195 5337 an.

630 5346 755 5414 5H,
783 5351 922 5416 quod
952 5362 1131 5417 postea
1179 5362 1287 5404 tum
1324 5353 1482 5404 variis
1512 5354 1854 5406 conciliorum
1881 5346 2195 5419 canonihus,

630 5426 737 5538 tum
780 5435 961 5487 regum
1011 5433 1315 5475 nostrorum
1355 5421 1544 5475 edictis
1587 5424 1782 5491 saepius
1829 5426 2196 5479 conﬁrmatum

652 5500 701 5538 tn
736 5526 746 5536 .

652 5495 746 5538 uit.

698 5553 725 5592 ά
763 5556 876 5634 Hoc
921 5568 1081 5634 caput
1124 5559 1273 5614 deest
1301 5559 1353 5614 in
1384 5560 1539 5634 codd.
1571 5562 1721 5618 Colb.
1776 5580 1848 5618 m.
1881 5574 1935 5619 et
1983 5565 2193 5634 Regm.,

626 5628 871 5751 gustaniis
920 5628 971 5683 in
1001 5630 1066 5684 iis
1100 5642 1443 5686 recensentur
1488 5633 1542 5685 in
1598 5633 1751 5703 hujus
1798 5637 1914 5689 libri
1962 5628 2195 5706 capitum

626 5711 680 5751 tu
722 5712 803 5751 tcu
827 5714 882 5751 υ.

625 5711 882 5751 ιιιωρυιυ.

2313 4587 2432 4625 cum
2461 4588 2619 4628 cruce
2643 4588 2760 4639 sua,
2813 4584 2863 4626 et
2891 4574 2943 4627 in
2973 4574 3161 4627 cellula
3211 4584 3387 4627 nostra
3447 4572 3636 4627 adfuit.
3690 4572 3861 4634 Stupe-

2318 4662 2489 4717 factus
2526 4679 2646 4732 ego,
2693 4674 2747 4719 et
2772 4664 3042 4719 admirans
3071 4664 3361 4729 levitatem,
3412 4664 3702 4735 interrogo,
3751 4656 3859 4729 quid

2386 4807 2410 4833 ”
2450 4798 2538 4852 Sic
2592 4798 2688 4864 pro
2728 4797 3118 4853 Cavellionensis
3171 4815 3290 4854 cum
3340 4799 3539 4854 Chesn.
3578 4804 3650 4856 al.
3685 4796 3858 4852 habent

2313 4866 2438 4922 Bec.
2466 4878 2520 4945 et
2544 4866 2698 4922 Colh.
2722 4884 2808 4945 _a.,
2842 4873 3134 4945 etquidem
3168 4880 3424 4945 τροις-ψ
3445 4872 3573 4945 jam
3595 4885 3746 4945 supra
3772 4864 3855 4945 ob-

2310 4943 2641 5011 servavimus
2670 4939 2733 4991 ad
2756 4955 2884 5011 cap.
2916 4942 2978 4994 51
3014 4941 3104 4994 lib.
3138 4955 3251 4993 vttt.
3286 4939 3455 5002 Editi,
3484 4939 3853 5011 (labi/laneum.

2309 5008 2628 5063 Theudorici
2658 5010 2990 5065 nativitatem
3047 5011 3394 5081 Fredrgarius
3440 5027 3582 5066 anno
3636 5008 3855 5079 seque!“i

2307 5092 2607 5221 (imprimi
2651 5149 2789 5221 istud
2836 5160 2995 5219 caput
3043 5166 3161 5205 cum
3209 5150 3376 5206 tribus
3423 5150 3763 5221 sequentibus
3807 5144 3851 5196 in

2308 5218 2458 5273 Colh.
2492 5236 2542 5272 a.
2573 5230 2625 5273 et
2659 5220 2776 5273 Vat.

2378 5300 2403 5361 ξς
2448 5292 2565 5343 Bec.
2597 5300 2648 5343 et
2672 5291 2874 5353 Casin.,
2896 5291 3178 5358 juniorem.
3661 5360 3686 5361 η
3820 5350 3847 5361 Α,

2376 5358 2405 5395 ¹ι
2424 5361 2720 5431 νίὶοιοιῃηηι
2751 5367 2913 5414 vestis
2937 5371 3054 5416 erat
3082 5364 3281 5426 absque
3310 5362 3555 5423 manicis,
3583 5360 3764 5431 quibus
3777 5358 3847 5431 Auli

2305 5430 2546 5552 solebgut
2567 5429 2801 5501 Egyptii
2824 5434 3067 5486 monachi
3098 5431 3234 5502 apud
3256 5430 3494 5486 Cassian.
3516 5426 3613 5487 lib.
3634 5448 3649 5486 ι
3674 5426 3847 5484 Ιηειὲι..

2305 5515 2421 5552 can.
2492 5540 2504 5552 .

2304 5515 2421 5554 can.
2453 5515 2504 5553 ἱ).

2305 5518 2421 5607 me.
2445 5518 2542 5636 diu
2573 5570 2835 5627 Gerunda:
2865 5586 3049 5643 passus
3076 5580 3176 5642 est,
3210 5571 3277 5628 de
3306 5586 3408 5643 quo
3429 5572 3565 5629 liba
3598 5571 3661 5628 de
3688 5565 3847 5624 Gloria

2305 5641 2483 5695 Mam.
2515 5654 2632 5695 can.
2662 5640 2752 5695 92.

2357 5651 2483 5707 art.,
2515 5654 2632 5710 cap.
2662 5651 2752 5697 92.
