3942 6190
65 277 163 331 με

1036 278 1359 334 HISTORIA
1399 278 1841 332 FRANCORUM.
1888 278 2086 332 LIBER
2125 278 2372 333 NONUS.

3218 280 3322 334 «686

65 398 173 450 hmo
202 394 310 449 sibi
346 395 541 449 velint.
573 392 867 461 ReSpondit
896 395 1047 461 quasi
1085 395 1347 463 superbus
1383 402 1436 448 et
1475 393 1654 446 inllata
1686 396 1727 450 Α
1758 393 1912 443 cerit.
1939 390 2043 444 Sed
2073 406 2170 445 nec
2202 406 2297 446 nos
2328 407 2433 458 pra:
2465 390 2565 445 hoc
2595 390 2785 446 faetore
2813 391 2866 446 in
2897 391 3166 446 basilicam
3191 408 3317 448 san-

64 502 190 539 vnce
223 504 238 539 :
274 486 585 549 Meliorem,
640 485 829 553 inquit,
878 498 1157 538 occursum
1202 486 1355 538 nobis
1399 483 1654 537 exhibere

62 580 351 635 debueras.
386 579 491 633 Sec
516 579 630 631 haec
659 593 757 645 ego
786 578 838 630 in
862 591 1017 641 aures
1042 578 1324 645 Chilperici
1358 586 1383 613 η
1410 576 1551 645 regis
1575 577 1653 628 in-

65 689 240 739 geram
290 691 307 726 :
356 674 449 727 ille
480 680 658 726 autem
705 671 990 725 ulciscatur
1033 670 1424 739 despcctionem
1455 684 1650 747 meam.

67 764 124 817 Et
146 763 432 832 ingressus
460 762 516 817 in
550 762 865 826 oratorium,
915 777 1001 814 me
1027 760 1345 829 postposito,
1368 759 1480 829 ipse
1508 758 1653 828 capi-

66 855 242 908 tellum
271 868 449 908 unum
472 894 487 918 ,
532 861 691 921 atque
711 851 962 916 alterum,
994 865 1055 906 ac
1086 851 1299 905 tertium
1335 849 1496 915 dicit;
1538 851 1651 918 ipse

62 946 366 998 orationem
413 943 656 1012 profert,
705 949 761 995 ct
808 942 920 1009 ipse
948 948 1310 1006 consummat,
1340 940 1649 1010 elevataque

64 1038 250 1089 iterum
276 1049 448 1089 cruce
469 1034 620 1088 abiit.
651 1033 773 1086 Erat
803 1033 944 1086 enim
969 1031 1015 1084 ei
1047 1040 1293 1085 etsermo
1322 1033 1569 1097 rusticus,
1595 1038 1650 1085 et
1701 1028 1705 1034 ’

64 1128 227 1195 ipsius
262 1126 462 1195 lingua:
493 1123 714 1178 latitudo
744 1124 913 1193 turpis
935 1132 1091 1192 atque
1117 1122 1398 1185 obscaena;
1423 1124 1515 1177 sed
1549 1137 1647 1177 nec

61 1218 122 1271 de
151 1233 221 1272 eo
250 1230 437 1271 sermo
469 1213 798 1269 rationabilis
828 1214 1150 1280 procedebat
1184 1230 1196 1264 :
1227 1212 1314 1281 qui
1345 1229 1512 1282 usque
1543 1214 1647 1268 Pa-

60 1310 220 1362 risios
246 1307 501 1362 accessit.
558 1305 652 1359 llis
679 1303 821 1359 enim
852 1304 1042 1357 diebus
1074 1303 1387 1370 [legationes
1422 1304 1645 1373 publica!

64 1398 500 1461 celebrabantur,
528 1382 647 1465 qua:
676 1404 796 1448 ante
840 1403 1082 1448 sanctum
1124 1394 1412 1450 Dominicze
1445 1396 1646 1451 Ascen-

68 1493 234 1545 sionis
259 1491 406 1546 diem
438 1490 523 1561 agi
558 1489 754 1543 solent.
786 1488 1003 1542 Factum
1030 1500 1111 1542 est
1142 1498 1342 1550 autem,
1375 1497 1431 1542 nt
1462 1505 1645 1557 proce-

62 1585 219 1638 dente
252 1580 604 1652 Ragnetnodo
634 1580 886 1650 pontiﬁce
912 1594 1031 1633 cum
1065 1576 1259 1648 populo
1281 1595 1398 1645 suo,
1441 1592 1492 1635 et
1528 1581 1641 1634 loca

63 1684 243 1728 sancta
268 1674 659 1736 circumcunle,
703 1679 758 1723 ut
804 1682 856 1724 et
898 1670 985 1724 hic
1011 1686 1129 1723 cum
1174 1685 1333 1724 cruce
1362 1685 1454 1724 sua
1484 1670 1642 1727 adve-

1756 494 1894 535 ctam
1928 484 2129 552 ingredi
2161 494 2486 550 poteramus.
2540 484 2814 539 Accedens
2847 498 2973 539 vero
3001 500 3136 539 unus
3163 486 3322 541 cleri-

1755 590 1963 640 corum,
2011 576 2208 630 clausis
2260 577 2476 630 naribus
2504 591 2627 630 eum
2670 577 2909 631 excitare
2963 579 3171 645 nititur,
3220 593 3320 634 nec

1756 666 1945 734 potuit,
1997 668 2064 721 ita
2098 668 2238 723 enim
2267 678 2380 722 erat
2411 669 2571 723 miser
2600 666 2927 724 madefactus
2970 671 3115 725 vino.
3167 667 3320 727 Tunc

1752 768 1976 823 quatuor
1999 762 2313 813 accedentes
2339 760 2542 825 clerici,
2591 761 2827 815 levantes
2865 777 2987 816 eum
3043 764 3178 819 inter
3207 780 3319 818 ma-

1752 868 1872 915 nus,
1915 853 1966 907 in
1998 869 2158 907 unum
2190 853 2441 923 angulum
2481 854 2710 908 basilicae
2741 855 3105 923 projecerunt;
3145 869 3199 911 et
3224 872 3317 912 ex-

1752 941 1997 997 hibentes
2046 959 2233 1013 aquas,
2280 946 2460 1000 ablqu
2492 947 2815 1013 pavimento,
2871 962 3116 1015 resperso
3155 950 3314 1002 etiam

1751 1034 1987 1089 herbulis
2009 1039 2265 1099 odoratis,
2280 1038 2357 1091 sic
2378 1038 2598 1106 ingressi
2615 1052 2796 1091 sumus
2809 1038 3022 1107 explere
3034 1050 3306 1095 cursumcz

1751 1140 2017 1195 nunquam
2061 1136 2238 1181 tamen
2292 1127 2442 1182 nobis
2479 1128 2827 1198 psallentibus
2870 1130 3039 1198 potuit
3067 1130 3309 1193 excitari,

1748 1219 1917 1273 donec
1942 1220 2067 1274 dato
2102 1221 2258 1274 terris
2287 1221 2373 1274 die
2403 1222 2558 1276 altius
2581 1220 2707 1273 solis
2737 1222 2933 1288 lampas
2957 1221 3310 1276 ascenderet:

1747 1312 1941 1365 dehinc
1969 1324 2280 1365 excusatum
2314 1312 2518 1365 reddidi
2547 1312 2829 1364 sacerdoti.
2860 1313 3310 1366 Cniivenientihus

1745 1412 1920 1457 autem
1973 1404 2239 1471 episcopis
2278 1404 2413 1470 apud
2450 1404 2629 1458 urbem
2674 1404 3015 1467 Parisiaram,
3040 1407 3163 1457 dum
3198 1408 3311 1458 haec

1747 1496 1795 1549 in
1815 1496 2064 1550 convivio
2088 1495 2622 1565 narraremus,&.25
2641 1497 2808 1563 ipsum
2835 1511 2928 1564 pro
2951 1497 3311 1567 castigatiOnis

1743 1589 1910 1657 gratia
1964 1587 2154 1641 adesse
2203 1586 2558 1657 prmcipimus.
2623 1590 2739 1654 Quo
2789 1598 3035 1653 astante,
3091 1590 3312 1642 elevatis

1744 1680 1981 1733 Amelius
2036 1680 2372 1734 Beorrelame
2420 1676 2617 1732 urbisd
2654 1679 2932 1747 epiSCOpus
2979 1679 3167 1743 oculis,
3222 1695 3312 1733 co-

66 1767 241 1833 niens,
267 1766 579 1820 inusitatum
611 1764 819 1833 populis
840 1763 1100 1818 exhibens
1130 1763 1512 1827 indumentum,
1549 1764 1645 1818 ad-
1674 1762 1721 1823 B
1747 1771 1954 1841 gnoscit
1981 1786 2102 1827 eum
2127 1786 2278 1825 suum
2309 1785 2429 1825 esse
2457 1770 2732 1836 famulum,
2776 1772 2977 1841 sibique
3005 1788 3098 1841 per
3136 1772 3309 1842 fugam

64 1858 370 1926 iunctisque
401 1855 696 1923 publicanis
725 1869 787 1909 ac
815 1854 1025 1907 rusticis
1071 1853 1404 1920 mulieribus,
1458 1864 1507 1907 ct
1542 1855 1642 1910 iste

66 1949 289 2003 chorum
339 1962 497 2002 suum
530 1946 752 2009 faceret,
775 1953 829 1999 et
850 1945 1003 2013 quasi
1034 1958 1153 1999 cum
1182 1958 1274 1997 sua
1303 1944 1641 1999 multitudine

67 2040 173 2093 loca
197 2048 389 2093 sancta
410 2037 695 2093 circumire
716 2043 903 2092 tentat.
929 2035 1053 2089 llzec
1082 2048 1309 2091 cernens
1338 2036 1637 2105 episcopus,

67 2134 205 2185 misit
247 2131 687 2186 archidiaconum
725 2144 877 2184 suum
911 2168 928 2194 ,
977 2130 1160 2184 dicens
1209 2147 1221 2181 :
1277 2130 1331 2183 Si
1387 2116 1647 2198 reliquias-

69 2232 374 2278 sanctorum
400 2223 644 2287 exhibes,
678 2236 817 2290 pone
846 2236 938 2275 eas
962 2222 1232 2289 paululum
1268 2220 1432 2291 424.
1459 2221 1511 2274 in
1543 2222 1638 2274 ba-

69 2314 234 2378 silica,
294 2322 354 2368 et
406 2314 685 2366 nobiscum
716 2311 927 2366 celebra
973 2312 1090 2366 dies
1125 2319 1369 2376 sanctos;
1414 2311 1638 2365 decursa

71 2418 242 2459 autem
293 2405 660 2466 solemnitate,
709 2402 1060 2472 proﬁcisceris
1110 2404 1161 2456 in
1206 2402 1344 2455 viam
1376 2413 1540 2455 tuam.
1570 2403 1640 2455 At

72 2499 153 2552 ille
198 2498 593 2568 parvipendens
631 2513 748 2566 quze
796 2498 862 2550 ab
889 2496 1265 2551 archidiacono
1304 2495 1634 2563 dicebantur,

74 2592 227 2655 coepit
254 2591 566 2657 episcopum
596 2589 848 2642 conviciis
874 2603 938 2642 ac
967 2586 1429 2642 maledictionihus
1454 2602 1637 2655 prose~

71 2681 172 2749 qui.
206 2681 469 2737 Sacerdos
492 2694 622 2733 vero
660 2679 961 2750 intelligens
984 2693 1104 2732 eum
1128 2694 1247 2732 esse
1274 2678 1634 2747 seductorem,

70 2772 221 2840 jussit
248 2788 368 2829 eum
400 2772 607 2827 recludi
637 2770 689 2825 in
717 2770 988 2825 cellulam.
1024 2770 1480 2839 Perscrutatisque
1508 2784 1636 2824 cun-

70 2866 159 2917 ctis
185 2880 308 2934 quae
341 2863 590 2928 habebat,
623 2862 824 2917 invenit
851 2876 969 2916 cum
993 2876 1058 2917 eo
1086 2862 1354 2916 sacculum
1386 2878 1633 2932 magnum

72 2955 274 3017 plenum
305 2956 373 3010 de
398 2956 667 3011 radicibus
684 2955 1013 3010 diversarum
1041 2955 1353 3021 herbarum;
1378 2956 1556 3026 ibique
1580 2966 1635 3012 et

70 3047 247 3103 dentes
276 3052 450 3117 talpae,
474 3056 528 3103 et
552 3063 672 3102 ossa
699 3048 950 3111 murium,
974 3055 1027 3099 et
1043 3062 1242 3115 ungues
1268 3056 1425 3118 atque
1447 3049 1633 3117 adipes

1744 1863 2032 1932 dilapsum,
2059 1872 2113 1918 et
2141 1865 2217 1918 sic
2247 1872 2558 1919 excusatum
2592 1876 2860 1933 receptum
2894 1865 3104 1919 reduxit
3140 1869 3190 1920 in
3221 1881 3312 1935 pa-

1746 1956 1922 2012 triam.
1950 1957 2096 2010 Multi
2125 1956 2265 2010 enim
2297 1965 2420 2009 sunt
2440 1955 2528 2024 qui
2562 1955 2658 2009 has
2687 1956 3026 2010 seductiones
3055 1971 3309 2010 exercen-

1742 2058 1822 2103 tes
1848 2050 2101 2118 populum
2143 2050 2400 2102 rusticum
2447 2047 2500 2101 in
2550 2062 2788 2102 errorem
2837 2062 3035 2116 ponere
3085 2062 3189 2101 non
3215 2048 3310 2101 de-

1740 2140 1937 2195 sistunt
1966 2158 1978 2191 :
2006 2140 2074 2194 de
2098 2141 2311 2209 quibus,
2344 2148 2400 2192 ut
2421 2138 2634 2207 opinor,
2671 2147 2725 2191 et
2768 2138 3021 2191 Dominus
3050 2138 3102 2191 in
3136 2138 3311 2192 Evan-

1740 2232 1879 2302 gelio
1931 2233 2003 2284 ait
2032 2271 2049 2297 ,
2093 2230 2407 2301 Consurgere
2465 2237 2489 2265 ε
2546 2229 2597 2281 in
2657 2228 2940 2282 novissimis
2996 2228 3305 2296 temporibus

1740 2325 2173 2393 pseudocltristos,
2212 2334 2258 2376 et
2289 2322 2776 2393 pseudopmphetas,
2822 2323 2906 2392 qui
2945 2323 3123 2376 dantes
3166 2325 3311 2395 signa

1738 2428 1786 2471 et
1816 2418 2075 2487 prodigia.
2096 2419 2247 2470 etiam
2275 2415 2460 2469 electos
2486 2418 2540 2468 in
2569 2430 2793 2468 errorem
2824 2414 3064 2468 inducant
3095 2413 3311 2486 (Matth.

1739 2526 1880 2574 xxiv,
1904 2512 2021 2579 ΞΑ).
2068 2510 2140 2563 De
2180 2509 2264 2563 his
2297 2509 2393 2564 ista
2419 2508 2688 2563 sufﬁciant
2719 2525 2734 2562 :
2766 2522 2863 2563 nos
2894 2509 3070 2578 potius
3097 2511 3163 2563 ad
3188 2524 3310 2579 pro-

1738 2602 1965 2671 positum
1988 2599 2292 2657 redeamus.

1808 2755 1919 2810 VII.
1951 2755 2218 2809 Ennodius
2246 2769 2366 2809 cum
2393 2754 2638 2808 ducatum
2676 2756 2882 2810 urbium
2907 2756 3187 2811 Turon’cae
3211 2766 3308 2811 at-

1734 2862 1835 2917 que
1864 2846 2092 2902 Pici.an
2112 2848 2522 2911 administraret,
2549 2845 2721 2901 adhuc
2743 2856 2797 2901 et
2824 2846 2933 2901 Vici
2956 2847 3207 2903 Jul.eusis
3229 2860 3307 2902 at-

1734 2958 1839 3012 que
1868 2940 2164 2997 Benarnaaf
2199 2942 2408 2994 urbium
2430 2942 2775 3009 principatum
2793 2943 3003 3008 accipit.
3039 2941 3141 2996 Sed
3166 2957 3303 2996 eun-

1735 3038 1875 3093 tibus
1904 3037 2187 3093 comitibus
2224 3028 2509 3091 1‘uronicm
2564 3045 2721 3105 atque
2772 3036 2997 3090 Pictavze
3048 3037 3191 3093 urbis
3238 3039 3305 3091 ad

71 3141 292 3194 ursinus.
329 3138 631 3207 Vidensque
661 3140 771 3191 haec
802 3137 1055 3191 maleﬁcia
1087 3152 1229 3205 esse,
1261 3148 1447 3192 cuncta
1474 3138 1631 3207 jussit
1656 3136 1700 3197 C
1733 3143 1910 3198 regem
1966 3125 2383 3191 Childebeﬂumo
2415 3124 2756 3179 Oblinuel‘llm
2809 3141 2928 3179 eum
2960 3141 2988 3178 ³
3019 3142 3077 3181 se
3123 3142 3305 3181 τειιιο-

70 3230 113 3282 in
142 3233 337 3285 ﬂumen
363 3231 574 3299 projici,
608 3230 890 3299 ablataque
919 3230 967 3282 ei
992 3244 1182 3297 cruce,
1229 3232 1393 3297 jussit
1435 3246 1555 3286 eum
1597 3246 1628 3286 a

72 3325 288 3376 termino
319 3322 600 3375 Paris-inca:
633 3322 781 3375 urbis
815 3322 1045 3375 excludi.
1088 3321 1192 3376 Sed
1226 3322 1309 3375 hic
1330 3322 1524 3377 iterum
1550 3322 1631 3377 fa-

68 3424 141 3467 cta
165 3414 331 3468 altera
365 3429 545 3478 cruce,
578 3413 741 3482 coepit
770 3429 887 3482 quae
917 3423 1153 3483 gesserat
1190 3428 1472 3480 exercere;
1506 3429 1631 3484 cap-

69 3514 245 3575 tusque
264 3506 332 3559 ab
353 3505 756 3569 archidiacono,
788 3515 842 3559 et
870 3506 1072 3558 catenis
1098 3506 1326 3572 vinctus,
1349 3505 1529 3574 jussus
1549 3514 1632 3561 est

69 3598 333 3651 custodiri.
366 3597 457 3650 llis
487 3597 679 3651 diebus
711 3596 944 3674 Parisios
972 3598 1309 3664 adveneram,
1352 3605 1407 3652 et
1442 3598 1509 3652 ad
1537 3599 1630 3653 ha-

68 3690 261 3743 silicam
307 3688 448 3745 beati
478 3689 676 3744 Juliani
705 3691 950 3759 martyris
984 3687 1008 3726 δ
1060 3698 1311 3743 metatum
1344 3690 1626 3746 habebam.

68 3777 218 3836 Nocte
247 3782 406 3853 igitur
436 3782 740 3851 insequenti
771 3796 1057 3851 erumpens
1084 3783 1246 3836 miser
1294 3782 1393 3837 iste
1444 3784 1512 3837 de
1538 3798 1626 3838 cu-

67 3872 250 3937 stodia,
281 3889 401 3927 cum
433 3873 563 3942 ipsis
589 3872 783 3942 quibus
809 3882 924 3927 erat
957 3888 1120 3927 nexus
1148 3873 1353 3928 catenis
1381 3874 1446 3928 ad
1478 3884 1627 3930 ante-

68 3962 253 4018 dictam
301 3964 578 4019 basilicam
609 3964 777 4017 sancti
823 3963 1015 4018 Juliani
1045 3974 1337 4033 properat:
1389 3976 1545 4036 atque
1572 3969 1624 4021 in

67 4053 356 4115 pavimento
390 4053 444 4106 in
492 4052 609 4106 loco
656 4067 763 4122 quo
783 4068 882 4123 ego
914 4062 1053 4106 stare
1083 4068 1227 4107 eram
1258 4055 1465 4119 solitus,
1496 4057 1623 4125 ruit,

68 4155 119 4195 ac
146 4157 333 4212 sopore
385 4146 616 4213 vinoque
648 4159 935 4213 Oppressus
984 4144 1323 4201 obdormivit.
1357 4146 1463 4200 Nos
1497 4163 1626 4203 vero

68 4236 222 4305 ignari
244 4239 390 4305 lacti,
420 4238 593 4294 media
623 4247 899 4306 surgentes
927 4248 1084 4293 nocte
1105 4240 1168 4292 ad
1200 4240 1497 4295 reddendas
1520 4240 1627 4295 Do-

68 4330 203 4382 mino
238 4330 459 4398 gratias,
518 4329 817 4385 invenimus
848 4343 970 4383 eum
999 4329 1348 4385 dormientem
1377 4350 1389 4383 :
1423 4334 1491 4387 de
1518 4349 1623 4403 quo

68 4429 228 4477 tantus
268 4423 427 4479 imtor
459 4423 564 4495 [Αι.
592 4423 792 4495 paedor]
818 4423 1226 4493 egrediebatur,
1278 4433 1337 4477 ut
1384 4428 1618 4479 omnium

1733 3217 1845 3270 veri
1879 3226 1926 3268 Β.
1956 3216 2047 3270 llle
2088 3231 2216 3270 vero
2247 3215 2335 3269 ubi
2385 3230 2443 3270 se
2472 3224 2734 3270 remotum
2792 3217 2858 3271 de
2890 3220 2971 3272 his
3015 3218 3202 3283 sen~it,
3234 3219 3305 3274 ad

1729 3307 1969 3363 civitates
1990 3307 2231 3377 superius
2254 3315 2575 3360 memoratas
2622 3317 2899 3377 properat;
2946 3309 3040 3363 sed
3095 3309 3220 3363 dum
3251 3311 3305 3366 in

1730 3401 1836 3456 illis
1868 3408 2318 3466 commoraretur,
2343 3400 2647 3454 mandatum
2666 3402 2902 3470 accepit,
2936 3411 2991 3455 ut
3015 3416 3073 3456 se
3099 3402 3166 3456 ab
3194 3403 3306 3457 eis-

1731 3493 1851 3548 dem
1877 3503 2192 3559 removeret,
2224 3501 2275 3546 et
2311 3491 2389 3546 sic
2411 3502 2628 3561 accepto
2657 3494 2785 3569 otio,
2817 3493 2881 3547 ad
2912 3494 3126 3548 domum
3154 3509 3303 3551 suam

1732 3600 1996 3651 reversus,
2014 3585 2207 3654 privati
2238 3585 2415 3649 operis
2466 3600 2645 3639 curam
2693 3586 2847 3654 gerit.
2884 3585 3149 3642 Vascones
3178 3603 3307 3643 vero

1730 3678 1798 3732 de
1835 3678 2101 3732 montibus
2145 3687 2550 3747 prorumpentes
2583 3673 2606 3711 ιι
2646 3675 2698 3729 in
2746 3678 2900 3745 plana
2950 3677 3302 3743 descendunt,

1730 3769 1935 3835 vineas,
1968 3782 2228 3837 agrosque
2268 3768 2684 3835 depopulantes,
2713 3767 2901 3821 domos
2922 3767 3191 3823 tradentes
3220 3770 3304 3823 iu-

1730 3860 1939 3925 cendio,
1960 3860 2239 3913 nonnullos
2259 3858 2581 3913 abducentes
2597 3860 2832 3927 captivos
2854 3873 2974 3912 cum
3000 3862 3300 3929 pecoribus,

1730 3961 1911 4006 contra
1942 3965 2073 4021 quos
2095 3964 2187 4016 san
2209 3953 2288 4004 ius
2316 3950 2697 4003 Austroualdus
2718 3951 2820 4003 dux
2846 3952 3104 4018 processit
3135 3950 3177 4018 ι,
3206 3955 3301 4009 sed

1731 4058 1944 4113 parvam
1967 4041 2224 4096 ultionem
2249 4043 2426 4109 exegit
2454 4039 2560 4111 [Αι.
2592 4040 2852 4111 exercuit]
2895 4042 2962 4095 ab
2987 4043 3087 4098 eis.
3117 4042 3303 4100 Gotthi

1728 4151 1856 4191 vero
1883 4142 2099 4204 prepter
2127 4130 2413 4199 superioris
2443 4131 2567 4184 anni
2589 4131 3031 4199 devastationetn,
3061 4148 3217 4204 quam
3247 4135 3300 4190 in

1727 4227 2052 4299 Septimania
2099 4225 2238 4295 regis
2292 4224 2678 4278 Guntchramni
2717 4224 2986 4280 exercitus
3032 4226 3184 4291 fecit,
3245 4228 3301 4282 in

1726 4323 2093 4377 Arelatensem
2152 4316 2485 4372 Provinciam
2542 4325 2919 4385 proruperunt,
2976 4326 3303 4388 cgeruutquo

1727 4415 1955 4485 praedas,
1993 4422 2048 4468 et
2075 4410 2314 4480 captivos
2352 4408 2687 4467 abduxerunt
2730 4425 2898 4477 usque
2922 4410 2988 4465 ad
3037 4410 3295 4469 decimum

68 4516 346 4572 cloacarum
368 4530 529 4587 atque
558 4530 863 4572 sccessumn
896 4514 1117 4575 [αξιοι-εδ
1160 4514 1321 4572 factor
1349 4518 1439 4573 ille
1467 4517 1617 4573 devi-
1647 4516 1699 4576 D
1725 4518 1790 4573 ab
1807 4518 1935 4572 urbe
1965 4509 2481 4568 niilliaiiun1.Unum
2508 4509 2667 4565 etiam
2691 4517 2945 4577 castrum,
2973 4510 3243 4582 Ugeruun)
3271 4524 3286 4565 ι

135 4695 155 4758 ξ·
191 4680 759 4758 Regm.,_Chiideber_ti.
795 4679 1147 4758 Uterquerex
1179 4684 1304 4730 tunc
1324 4685 1459 4758 erat.

134 4754 158 4793 δ
193 4746 392 4811 υενὶιεό
415 4754 630 4826 basilica
651 4753 772 4826 vide
801 4765 962 4819 supra
993 4749 1083 4802 lib.
1111 4764 1196 4810 v1,
1228 4763 1346 4826 cap.
1382 4746 1467 4826 l7.

137 4836 157 4865 ⁸
192 4816 1142 4896 Observanda‘majorumnostrorum
1186 4820 1372 4896 religio
1404 4818 1455 4869 in
1489 4816 1611 4896 red-

75 4892 239 4950 dendis
270 4899 376 4953 Deo
408 4890 656 4949 laudibus
677 4894 889 4959 debitis,
939 4891 1091 4943 statis
1123 4890 1297 4953 boris,
1347 4895 1401 4941 ut
1450 4890 1611 4941 etiam

78 4971 282 5033 episcOpi
338 4974 495 5021 noctu
549 4965 614 5016 ad
666 4961 1085 5033 persolvendum
1124 4961 1337 5033 solitum
1369 4972 1610 5033 pensum

78 5028 346 5105 surgerent.
377 5038 603 5093 Sanctus
634 5028 929 5105 Germanus
969 5030 1142 5105 Paris.
1168 5030 1332 5105 episc.
1366 5030 1419 5083 in
1456 5028 1613 5082 itine-

80 5101 204 5165 ribus
244 5110 412 5176 capite
467 5106 608 5158 nudo
644 5146 658 5167 ,
705 5105 804 5176 etsi
857 5104 946 5155 nix
994 5101 1310 5176 aut_imber_
1351 5107 1610 5176 urgeret,

80 5192 256 5233 curtum
302 5171 497 5232 dicebat
528 5216 543 5238 ,
598 5190 665 5229 ex
715 5174 1020 5228 Fortunato.
1080 5171 1235 5226 Plura
1280 5171 1348 5224 de
1405 5172 1503 5222 hac
1554 5184 1614 5222 re

83 5245 383 5307 Matillonius
412 5245 573 5302 habet
609 5246 663 5299 in
694 5243 966 5314 Disquisit.
1014 5241 1080 5297 de
1100 5239 1269 5295 Cursu
1318 5238 1613 5305 Gallicana,

87 5318 334 5447 Hi.Varie
361 5389 499 5454 apud
544 5387 717 5441 varios
752 5383 1004 5439 scribitur
1036 5380 1195 5454 hujus
1208 5381 1375 5454 castri
1399 5395 1614 5454 nomen.

90 5454 365 5519 Bizcrrones
393 5450 630 5527 appellat
655 5458 836 5527 Caesar
858 5451 1451 5527 libroIII_lielli__Gallici.
1485 5450 1621 5527 U_rbs

88 5532 229 5595 FCllllS
255 5543 408 5600 caput
427 5522 626 5595 Turba,
656 5541 750 5600 seu
794 5525 1015 5600 T_r_avia,_
1040 5524 1163 5600 olim
1184 5523 1489 5600 dicgatur,
1519 5522 1620 5600 ho:

86 5590 158 5653 the
181 5590 370 5657 Tarae}.
415 5604 471 5655 In
517 5590 785 5653 veteribus
835 5593 1070 5663 Notitiis,
1099 5593 1273 5647 ciuitas
1313 5591 1502 5663 Turba,
1534 5590 1622 5644 ubi

84 5686 268 5726 mirum
300 5670 844 5744 Bigerra,g_decitnu_m
860 5665 1068 5744 obtinet
1095 5664 1272 5744 locum
1311 5664 1365 5744 in
1395 5662 1625 5744 Novem-

85 5734 387 5811 wpulania.'
414 5739 657 5802 Amelius
713 5737 1028 5808 subscripsit
1089 5734 1254 5792 Cone.
1313 5734 1513 5791 Matisc.
1551 5748 1622 5795 ιι,

1722 4689 1809 4728 an.
1842 4672 1965 4729 585.

1791 4755 1815 4781 ο
1848 4745 2059 4811 Regm.,
2090 4738 2413 4811 Qansurgent
2439 4733 2832 4811 pacatior/tristi,
2874 4745 3004 4811 etg.,
3034 4738 3293 4795 inducent.

1791 4812 1813 4851 ί
1847 4805 2058 4881 Regtn.,
2082 4805 2350 4881 Bernanle,
2378 4805 2529 4861 Colb.
2557 4822 2626 4881 tu.
2659 4814 2714 4860 et
2736 4805 2884 4875 Bec.,
2918 4807 3213 4881 Bernornaz.
3244 4813 3300 4866 In

1720 4878 1993 4939 veteribus
2020 4879 2224 4934 notitiis
2253 4882 2427 4933 locum
2466 4878 2753 4945 septimum
2781 4889 3004 4946 occupat
3054 4878 3194 4934 inter
3222 4881 3303 4933 ci-

1721 4958 1909 5009 vitates
1928 4950 2449 5018 Novempopulanire.
2480 4948 2650 5002 Hndie
2682 4947 2941 5003 Benearni
2970 4950 3184 5004 nomine
3212 4965 3301 5006 re-

1718 5023 2092 5096 gioniirelicto,
2116 5018 2631 5096 vocatuthascui-a,
2654 5018 2824 5096 vulgo
2837 5018 3045 5096 βρίσας.

1791 5105 1817 5143 8
1850 5095 2085 5147 Comites
2116 5091 2167 5143 in
2195 5088 2415 5158 singulis
2444 5100 2597 5142 erant
2620 5087 2949 5149 civitatibus,
2980 5088 3144 5141 duces
3172 5103 3300 5145 vero

1724 5166 1960 5235 pluribus
2024 5157 2308 5234 prmerant.
2354 5160 2483 5213 Vide
2529 5172 2689 5227 supra
2731 5168 2885 5212 notas
2924 5158 2989 5211 ad
3034 5157 3126 5213 lib.
3179 5174 3296 5227 VIII,

1722 5236 2123 5361 cagiefscones
2152 5302 2204 5354 in
2251 5298 2519 5371 Pyrenaais
2558 5295 2778 5371 Alpibus
2820 5295 3122 5352 habitantes
3177 5307 3299 5371 post

1726 5378 1899 5431 varias
1922 5374 2274 5434 incursiones,
2297 5368 2557 5423 inclinato
2606 5368 2926 5421 Francorum
2962 5383 3148 5437 regno,
3180 5368 3294 5425 Νυ-

1727 5442 2430 5514 vempopulaniamtandem.
2457 5437 2766 5514 obtinuere,
2778 5455 2811 5514 _a
2852 5439 3046 5507 quibus
3074 5439 3299 5514 etVas-

1723 5508 1875 5574 conia
1900 5508 2160 5591 dicta‘est.
2196 5508 2328 5567 Vide
2367 5510 2690 5591 Alteserram
2737 5508 2872 5563 lib.I
2915 5524 3096 5566 rerum
3127 5512 3297 5582 Aqui-

1724 5599 1858 5653 tan.,
1880 5600 1997 5655 cap.
2031 5584 2118 5639 l6.

1713 5658 1727 5669 ·
1801 5650 2011 5729 {supra
2042 5658 2135 5713 lib.
2177 5672 2292 5721 vItI,
2320 5668 2437 5723 cap.
2472 5650 2562 5729 d5,
2587 5650 3012 5729 dicitur‘comes.

1802 5734 1814 5783 i
1849 5719 2057 5803 Regum
2086 5719 2557 5803 Iiigerntnnf'Vidc
2579 5736 2737 5794 supra
2767 5720 2861 5782 lib.
2901 5738 3027 5793 Vill,
3051 5734 3169 5797 αι).
3203 5719 3302 5780 5οά
