3942 6190
610 247 711 302 687
1605 242 1662 299 3.
1703 241 2028 299 GREGORII
2071 236 2372 294 EPISCOPl
2411 233 2839 289 TURONENSIS
3759 233 3855 286 438

608 362 844 426 nomine,
873 375 992 414 cum
1024 360 1182 414 rebus
1215 368 1372 429 atque
1405 357 1797 412 habitatoribus
1849 356 2173 415 desolantes,
2212 357 2256 414 Α
2285 348 2652 418 llaucltingum
2708 348 2886 417 jussit.
2928 346 3026 414 Qui
3068 361 3188 400 cum
3236 344 3513 407 adfuisset,
3554 344 3852 414 priusquam

607 451 752 505 nullo
773 452 1052 506 resistente
1075 452 1298 519 regressi
1328 460 1468 503 sunt.
2283 458 2404 497 eum
2441 458 2538 497 rex
2567 457 2665 497 suo
2687 441 2939 512 jussisset
2974 449 3149 494 astare
3178 439 3523 507 conspectui,
3553 441 3696 492 datis
3725 441 3855 494 litte-

677 541 812 597 Vlll.
849 542 1274 596 Guntcbramuus
1301 556 1426 595 vero
1455 542 1591 594 Boso
1617 556 1739 594 cum
1768 555 1961 595 exosus
1984 540 2179 611 regina:
2281 534 2376 598 ris,
2409 543 2463 588 el
2491 534 2672 603 pueris
2699 532 2980 588 destinatis
3007 547 3128 586 cum
3157 532 3433 586 evectione
3455 532 3668 599 publica
3693 531 3746 602 ά,
3772 537 3866 604 qui

607 635 893 690 haberetur
913 675 926 698 ,
959 634 1122 704 cmpit
1164 649 1258 702 per
1287 635 1568 704 episc0pos
1597 649 1660 687 ac
1689 648 1938 702 proceres
1976 632 2182 686 discur-
2281 640 2368 679 res
2392 625 2507 692 ejus
2538 641 2632 693 per
2655 625 2768 678 loca
2792 625 2999 693 singula
3039 624 3298 678 deberent
3316 638 3531 692 capere,
3555 623 3718 692 jussit
3741 641 3854 680 eum

609 740 752 791 rere,
783 723 946 796 426
974 734 1028 779 et
1073 726 1281 778 veniam
1322 726 1519 778 misero
1569 725 1770 788 precari
1798 732 1822 758 °
1847 737 2003 791 quam
2057 729 2182 775 ante
2282 719 2335 773 in
2366 719 2668 773 cubiculum
2717 718 3032 782 intromitti;
3076 718 3392 783 locutusque
3418 732 3540 772 cum
3568 733 3632 772 eo
3672 717 3769 772 alia
3793 734 3855 772 ex

607 821 953 886 despexerat.
982 816 1114 872 Nam
1141 833 1262 871 cum
1294 833 1382 871 rex
1408 815 1781 872 Cltildebertus
1810 824 1954 869 esset
1979 813 2179 882 junior,
2282 811 2423 874 aliis,
2451 813 2632 880 egredi
2655 823 2847 865 iterum
2873 812 2939 865 de
2967 811 3214 864 cubiculo
3236 812 3408 878 jubet.
3432 809 3676 880 Cumque
3704 828 3854 881 egre-

607 911 1000 966 Brunicliildem
1033 912 1266 981 reginam
1289 925 1430 977 saepe
1454 909 1709 963 conviciis
1737 918 1894 976 atque
1916 908 2182 972 impropeo
2283 902 2518 966 deretur,
2559 919 2587 954 a
2619 903 2826 956 duobus
2849 901 3084 956 ostiariis
3116 903 3340 970 pedibus
3367 903 3738 971 arprebcnsus
3759 906 3857 958 ruit

604 1002 702 1058 riis
732 1003 1031 1066 lacessibat,
1058 1007 1152 1057 sed
1198 1011 1253 1056 et
1276 1001 1483 1070 injuriis
1508 1016 1625 1068 quae.
1652 1001 1700 1053 ei
1728 1000 1795 1053 ab
1817 998 2056 1052 adversis
2101 997 2182 1049 in-
2284 993 2334 1046 in
2366 993 2616 1061 gradibus
2637 993 2758 1047 ostii
2783 1035 2798 1059 ,
2840 993 2912 1047 ita
2953 1002 3011 1046 ut
3043 1008 3162 1062 pars
3191 995 3436 1062 corporis
3466 995 3586 1062 ejus
3610 1009 3750 1050 esset
3777 999 3857 1049 in-

606 1094 932 1157 ferebantur,
962 1092 1136 1147 fautor
1173 1094 1468 1148 exstiterat.
1503 1091 1605 1148 Sed
1628 1102 1682 1146 et
1705 1107 1795 1146 rex
1823 1091 1888 1143 ad
1921 1091 2181 1144 ulcisceu-
2286 1084 2566 1150 trinsecus,
2607 1099 2727 1150 pars
2757 1101 2882 1139 vero
2913 1086 3249 1140 extrinsecus
3274 1085 3680 1142 extenderetur.
3717 1088 3856 1141 Tunc

607 1185 728 1239 dam
761 1185 1006 1254 injuriatn
1033 1186 1307 1255 genitricis
1337 1227 1353 1248 ,
1380 1183 1536 1254 jussit
1579 1200 1698 1238 eum
1730 1184 1992 1253 persequi,
2025 1191 2184 1252 atque
2286 1178 2319 1233 ii
2347 1181 2436 1248 qui
2461 1180 2597 1249 jnssi
2629 1181 2694 1234 ad
2728 1181 2841 1234 litec
2876 1179 3139 1250 explenda
3181 1182 3350 1249 parati
3387 1191 3561 1245 erant,
3597 1196 3716 1235 cum
3750 1181 3856 1251 gla-

607 1275 831 1330 interfici
865 1292 879 1330 :
914 1277 1001 1332 ille
1027 1290 1154 1328 vero
1192 1290 1311 1329 cum
1337 1290 1394 1329 se
1435 1283 1682 1329 cerneret
1731 1274 1959 1343 positum
1992 1273 2043 1327 in
2074 1273 2185 1326 dis-
2283 1272 2388 1328 diis
2429 1288 2590 1344 super
2634 1291 2754 1329 ettm
2798 1285 2981 1340 ruunt,
3032 1285 3192 1343 atque
3239 1278 3311 1327 ita
3355 1273 3652 1327 minutatim
3703 1284 3854 1338 caput

606 1369 860 1434 crimine,
903 1367 1316 1422 Viridunensem
1349 1366 1628 1420 ecclesiam
1682 1366 1865 1436 petiit,
1899 1381 1992 1433 per
2043 1366 2182 1433 Age-
2284 1366 2402 1436 ejus
2432 1368 2771 1431 colliserunt,
2804 1375 2861 1419 ut
2885 1366 3062 1420 simile
3093 1375 3257 1420 totum
3289 1365 3512 1420 cerebro
3545 1375 3805 1434 putaretur
3833 1382 3851 1421 :

607 1459 776 1512 ricuin
822 1473 1039 1527 prorsus
1077 1459 1415 1527 episcopum,
1447 1457 1535 1526 qui
1576 1465 1691 1511 erat
1733 1456 1873 1524 regis
1919 1463 2070 1521 pater
2115 1470 2181 1509 ex
2286 1459 2569 1528 statimque
2607 1468 2846 1512 mortuus
2871 1468 2972 1512 est.
3021 1457 3170 1512 Tunc
3206 1457 3541 1522 denudatus,
3573 1466 3630 1511 et
3667 1473 3754 1525 per
3778 1456 3859 1510 fe-

612 1551 846 1616 lavacro,
877 1549 1086 1603 veniam
1113 1552 1397 1618 impetrare
1427 1548 1720 1602 conlidens.
1746 1549 1895 1602 Tunc
1943 1546 2180 1613 pontifex
2288 1561 2524 1606 uestram
2566 1551 2793 1620 ejectus,
2843 1551 3130 1619 sepultura:
3170 1551 3449 1604 mandatus
3475 1561 3578 1604 est.
3614 1550 3734 1602 Erat
3763 1564 3860 1601 au-

614 1641 679 1695 ad
704 1657 880 1710 regem
907 1650 1178 1709 proiierat,
1212 1641 1632 1710 deprecaturque
1675 1655 1770 1708 pro
1815 1656 1880 1694 eo
1907 1659 1917 1691 :
1942 1641 2026 1694 Cui
2068 1639 2178 1692 Rex
2290 1655 2398 1699 tem
2432 1646 2562 1699 levis
2593 1647 2643 1698 in
2673 1646 2932 1708 moribus,
2965 1646 3101 1698 ultra
3135 1644 3422 1697 humanum
3467 1659 3632 1712 genus
3661 1642 3866 1709 cupidi-

607 1746 726 1786 cum
754 1748 944 1799 negare
969 1733 1208 1799 nequiret
1233 1747 1353 1801 quae
1383 1732 1616 1798 petebat,
1646 1733 1755 1785 ait:
1787 1731 1976 1784 Veniat
2004 1745 2182 1782 coram
2221 1724 2266 1784 B
2298 1737 2390 1789 tati
2413 1751 2475 1790 ac
2508 1735 2848 1790 facultatibus
2876 1735 3088 1789 inhians
3118 1735 3326 1798 alienis,
3349 1743 3404 1788 et
3423 1750 3486 1789 ex
3511 1734 3640 1802 ipsis
3665 1733 3862 1786 divitiis

609 1825 782 1889 nobis,
812 1835 860 1878 et
891 1823 1028 1876 datis
1076 1821 1476 1890 ﬁilejussoribus
1524 1822 1574 1876 in
1629 1822 1910 1891 prementia
1954 1821 2124 1890 patrui
2153 1819 2180 1858 δ
2287 1829 2445 1883 valde
2492 1830 2785 1897 θυμω-[ωας
2841 1829 3102 1881 intantttm
3134 1837 3188 1880 ut
3229 1827 3338 1895 jam
3370 1826 3423 1879 in
3473 1827 3590 1894 ipso
3621 1825 3865 1878 interitus

611 1916 735 1978 tnei,
779 1914 1031 1984 quidquid
1077 1911 1217 1968 illius
1261 1915 1517 1982 judicium
1561 1915 1882 1977 decreverit,
1915 1929 2184 1982 exsequa-
2287 1920 2368 1974 sui
2399 1928 2638 1987 tempore
2680 1919 3076 1971 Cblutliacltarii
3109 1917 3248 1986 regis
3285 1916 3450 1970 lilium
3491 1931 3550 1970 se
3583 1916 3858 1969 fateretur.

613 2026 753 2065 mur.
778 2009 924 2063 Tunc
945 2008 1204 2063 adductus
1226 2009 1288 2062 ad
1338 2009 1512 2062 locum
1558 2008 1644 2062 ubi
1698 2023 1793 2063 rex
1851 2008 2184 2071 morabatur,
2289 2011 2514 2064 Multum
2547 2021 2722 2064 tamen
2745 2025 2865 2063 cum
2894 2027 2957 2062 eu
2985 2010 3105 2063 auri
3141 2017 3408 2077 repertum
3437 2016 3541 2062 est.
3573 2008 3689 2073 Quo
3709 2006 3866 2059 inter-

612 2102 840 2157 nudatus
864 2101 1059 2164 armis,
1083 2115 1147 2155 ac
1182 2116 1276 2170 per
1317 2102 1556 2155 manicas
1599 2113 1794 2166 tentus,
1833 2101 1900 2153 ab
1933 2100 2187 2168 episcopo
2290 2101 2452 2168 fecto,
2480 2105 2718 2170 prminus
2749 2118 2883 2154 unus
2910 2116 3192 2168 puerorum
3216 2101 3332 2169 ejus
3360 2115 3520 2154 cursu
3544 2099 3713 2153 veloci
3732 2113 3861 2152 evo-

610 2203 1023 2264 rt-prtesentatttr
1053 2195 1184 2261 regi.
1220 2192 1297 2245 Ad
1341 2192 1490 2260 cujus
1519 2193 1828 2261 provolutus
1857 2192 2038 2260 pedes,
2064 2191 2180 2245 ait:
2290 2192 2430 2257 lans,
2485 2192 2744 2245 nuntiavit
2795 2191 3004 2260 conjugi
3046 2205 3164 2256 ejus
3207 2205 3322 2259 quae
3361 2200 3479 2243 acta
3524 2199 3697 2243 erant.
3741 2189 3865 2243 Haec

611 2285 834 2339 Peccavi
867 2286 957 2338 tibi
985 2298 1048 2337 ac
1076 2282 1316 2352 genitrici
1352 2291 1474 2347 tum,
1503 2298 1606 2336 non
1635 2283 1934 2336 obediendo
1957 2297 2186 2350 prtecepc
2291 2299 2423 2338 vero
2480 2298 2575 2352 per
2629 2283 2856 2351 plateam
2918 2281 3273 2336 Suessionicas
3321 2280 3553 2334 civitatis
3614 2287 3820 2346 compta
3848 2319 3864 2344 ,

611 2374 842 2428 tionibus
869 2375 1066 2431 vestris
1124 2375 1216 2426 sed
1245 2384 1451 2440 agendo
1478 2385 1662 2427 contra
1705 2375 2028 2427 voluntatem
2063 2389 2187 2426 ves-
2291 2372 2577 2442 grandibus
2615 2372 2941 2426 ornamentis
2985 2386 3046 2424 ac
3071 2385 3402 2440 gemmarum
3440 2370 3861 2426 pretiositatibus

613 2477 748 2520 tram
780 2475 938 2530 atque
969 2466 1247 2518 utilitatem
1301 2465 1598 2532 publicam;
1625 2480 1764 2518 nunc
1809 2475 1985 2518 autem
2032 2479 2184 2532 rogo,
2291 2474 2346 2520 et
2383 2465 2498 2518 auri
2529 2463 2730 2532 fulgore
2770 2465 3002 2528 obtecta,
3031 2477 3252 2516 ascenso
3277 2464 3439 2532 428
3457 2477 3617 2528 equo,
3662 2475 3857 2529 praece-

616 2565 674 2609 ut
717 2555 1033 2622 indulgeatis
1074 2555 1227 2608 malis
1275 2554 1442 2621 meis,
1484 2571 1600 2622 qua:
1647 2563 1832 2609 contra
1889 2569 1983 2608 vos
2017 2555 2184 2623 gessi.
2292 2555 2539 2611 dentibus
2581 2559 2756 2624 pueris
2798 2557 3022 2624 aliisque
3063 2565 3410 2620 sequentibus
3439 2554 3741 2618 ferebatur;
3782 2562 3858 2606 at-

612 2642 727 2702 Rex
751 2654 927 2700 autem
952 2646 1109 2714 jussit
1149 2661 1270 2700 eum
1309 2645 1505 2699 elevari
1544 2663 1572 2698 a
1612 2655 1782 2710 terra,
1827 2656 1880 2700 et
1922 2647 2093 2714 posuit
2135 2647 2188 2700 in
2291 2664 2396 2717 que
2426 2649 2488 2699 ad
2524 2648 2796 2700 basilicam
2827 2647 2997 2700 sancti
3019 2645 3250 2711 Crispini
3277 2645 3700 2714 CriSpinianique
3732 2659 3860 2712 pro-

613 2751 770 2791 mauu
788 2736 1042 2806 episcopi,
1065 2735 1246 2789 dicens
1277 2753 1289 2786 :
1315 2735 1393 2789 Sit
1419 2749 1580 2804 penes
1601 2746 1673 2803 te,
1703 2745 1887 2788 sancte
1913 2735 2186 2801 sacerdos.
2293 2739 2535 2808 perabat,
2583 2739 2733 2806 quasi
2781 2747 3080 2806 Spectatura
3114 2738 3299 2790 Missas
3330 2753 3344 2789 :
3375 2748 3488 2791 erat
3516 2738 3657 2791 enim
3685 2751 3748 2791 eo
3775 2737 3861 2791 die

620 2827 792 2882 donec
823 2829 876 2880 in
921 2828 1262 2896 praesentiam
1306 2826 1691 2882 Guntchramni
1740 2826 1881 2895 regis
1922 2826 2184 2880 adveniat.
2294 2832 2470 2900 passio
2510 2838 2801 2898 martyrum
2843 2829 3116 2883 beatorum
3134 2837 3180 2881 ο.
3228 2829 3332 2882 Sed
3374 2829 3558 2884 videns
3599 2828 3854 2894 nuntium,

616 2918 860 2988 Etjussit
888 2934 1007 2972 eum
1046 2917 1352 2972 discedere.‘
2294 2937 2388 2992 per
2408 2923 2566 2976 aliam
2613 2922 2840 2990 plateam
2877 2937 3117 2990 gressum
3158 2936 3500 2991 retorquens,
3531 2923 3776 2990 proiectis
3805 2923 3856 2976 in

677 3009 767 3064 lx.
821 3011 1063 3063 Posthmc
1092 3009 1432 3078 Raucbingus
1464 3008 1777 3075 conjunctus
1815 3023 1935 3062 cum
1995 3009 2188 3077 priorl-
2296 3024 2494 3068 terram
2526 3014 2873 3077 ornamentis,
2908 3011 2958 3066 in
2984 3013 3257 3068 basilicam
3297 3023 3468 3067 sancti
3500 3014 3731 3068 Medardi
3761 3029 3856 3067 au—

618 3103 714 3155 bus
763 3101 907 3170 regni
948 3099 1240 3154 Cblotbarn
1280 3100 1374 3152 [ibi
1420 3099 1731 3168 Chilperici,
1774 3100 2084 3169 confingens
2127 3115 2185 3154 se
2215 3085 2262 3148 (Ζ
2297 3105 2473 3159 tistitis
2519 3104 2771 3174 confugit,
2815 3105 2888 3158 ibi
2934 3120 2993 3159 se
3043 3106 3201 3159 tutari
3251 3105 3574 3160 confessoris
3621 3104 3856 3172 prtesidiu

619 3192 769 3260 quasi
803 3199 1146 3243 traCIaturum
1177 3191 1244 3244 de
1268 3204 1412 3258 pace,
1433 3202 1487 3243 ttt
1516 3191 1652 3244 inter
1681 3194 1964 3244 terminum
2002 3191 2190 3244 utrius~
2295 3207 2505 3266 putans.
2537 3197 2691 3250 Pueri
2719 3211 2846 3253 vero
2872 3198 2960 3266 qui
2987 3197 3134 3251 missi
3163 3212 3190 3249 a
3215 3211 3337 3264 rege
3369 3196 3578 3250 fuerant
3606 3198 3669 3250 ad
3692 3197 3857 3266 requi-

621 3297 728 3350 que
754 3282 898 3348 regni
925 3281 1068 3334 nulla
1099 3284 1320 3335 intentio
1351 3291 1437 3335 aut
1462 3283 1688 3348 direptio
1724 3293 2029 3352 gereretur,
2061 3299 2192 3337 con-
2294 3290 2487 3342 rendas
2519 3303 2604 3342 res
2633 3287 2779 3357 ejus,
2814 3299 2952 3340 tanta
2999 3289 3050 3340 in
3084 3287 3350 3342 thesauris
3392 3287 3538 3342 illius
3567 3290 3854 3356 reperiunt,

621 3373 795 3426 silium
831 3372 1152 3437 habuerunt,
1198 3384 1253 3427 ut
1297 3374 1498 3428 scilicet
1539 3377 1814 3428 interfecto
1849 3376 2190 3430 Cbildeberto
2293 3392 2488 3450 quanta
2519 3395 2618 3434 nec
2641 3381 2691 3433 in
2733 3381 2848 3447 ipso
2881 3379 3052 3432 aerarii
3103 3379 3300 3447 publici
3335 3391 3544 3447 regesto
3575 3375 3853 3447 poterantf

620 3478 766 3532 rege,
803 3462 1143 3531 Raucbingus
1172 3477 1289 3516 cum
1319 3463 1693 3517 Tlteodoberto
1735 3465 1949 3518 seniore
1978 3469 2094 3532 ejus
2126 3465 2190 3518 [ὶ-
2293 3471 2542 3534 inveniri,
2582 3471 2721 3538 quod
2768 3481 2933 3524 totum
2982 3469 3120 3537 regis
3156 3471 3533 3538 conspecubus
3579 3481 3856 3538 praesenta-

620 3552 690 3607 lio
731 3568 948 3621 regnum
979 3552 1283 3620 Campania:
1323 3562 1569 3617 teneret;
1615 3554 1768 3606 Ursio
1799 3569 1925 3608 vero
1963 3571 2025 3608 ac
2061 3556 2177 3609 Ber-

2295 3573 2438 3618 runt.
2471 3563 2602 3616 Nam
2631 3577 2697 3617 eo
2722 3563 2828 3623 die.
2861 3578 2966 3631 quo
2991 3563 3074 3615 liic
3098 3562 3402 3615 interfectus
3429 3573 3532 3628 est,
3561 3571 3715 3616 erant
3740 3575 3852 3614 cum

622 3647 897 3700 ιῒιεῖΐεάυε
933 3655 981 3710 ⁸,
1004 3645 1216 3715 iuniore
1246 3645 1355 3698 lilio
1387 3659 1554 3712 nuper
1582 3645 1791 3716 genito,
1821 3649 1908 3715 qui
1941 3646 2189 3700 Theodo-
2293 3670 2418 3723 rege
2443 3655 2592 3708 multi
2624 3654 2953 3708 Turonorum
2982 3661 3139 3721 atque
3172 3652 3530 3716 Pictavorum,
3578 3651 3646 3707 de
3671 3653 3858 3721 quibus

620 3741 766 3793 ricus
819 3738 1314 3809 cognominabatur,
1365 3739 1429 3792 ad
1477 3753 1535 3792 se
1565 3748 1846 3806 suscepto,
1880 3748 1935 3792 et
1972 3738 2191 3794 excluso
2295 3747 2402 3800 tale
2435 3747 2531 3799 fuit
2562 3746 2843 3800 consilium
2871 3785 2885 3808 ,
2934 3754 2989 3795 ut
3017 3745 3060 3796 si
3103 3742 3298 3796 malum
3341 3743 3440 3796 hoc
3470 3743 3731 3810 perlicere
3774 3755 3856 3808 po-

620 3831 1025 3886 Guntcbramno
1071 3847 1215 3902 rege,
1247 3833 1510 3898 reliquum
1541 3829 1690 3902 regni
1722 3841 1985 3887 tenerent.
2031 3833 2191 3888 Multa
2297 3838 2546 3898 tuissent,
2580 3836 2662 3890 bis
2693 3836 2916 3889 subdith
2943 3835 3224 3901 supplicio,
3265 3834 3504 3888 dicereut
3527 3835 3649 3901 quia
3675 3850 3740 3887 ex
3771 3848 3856 3885 vo-

619 3925 780 3978 ctiam
801 3932 980 3978 contra
1006 3924 1398 3979 Bruntcbildem
1430 3925 1664 3995 reginam
1688 3924 1846 3996 427
1879 3927 2189 3992 frementes,
2293 3928 2376 3982 bis
2417 3927 2516 3982 fuit
2542 3929 2630 3995 qui
2663 3941 2838 3995 regem
2885 3935 3126 3979 nostrum
3159 3926 3447 3991 interemit,
3481 3925 3666 3995 eisque
3694 3927 3856 3980 diver-

621 4025 678 4068 ut
703 4028 822 4068 eam
857 4016 908 4068 in
930 4015 1306 4069 contumeliam
1337 4015 1659 4086 redigerent,
1693 4017 1830 4072 sicut
1871 4020 2018 4087 prius
2047 4018 2191 4072 fece-
2295 4019 2372 4073 sis
2396 4018 2671 4087 supplicils
2702 4014 3006 4079 trucidatis,
3040 4017 3239 4070 ultores
3264 4031 3322 4068 se
3347 4017 3535 4069 mortis
3562 4015 3725 4085 regia:
3751 4029 3856 4069 esse

621 4115 744 4160 rant
768 4106 820 4160 in
851 4106 1108 4161 viduitate
1134 4123 1249 4162 sua.
1287 4107 1628 4179 Raucliingus
1659 4125 1786 4180 ergo
1829 4125 2035 4165 summa
2077 4111 2191 4165 ela-
2291 4111 2576 4180 jactarent.
2634 4109 2742 4163 Sed
2801 4107 2944 4160 Deus
2987 4109 3324 4175 omnipotens
3369 4107 3592 4160 consilia
3641 4121 3850 4166 eorum,

623 4208 709 4253 tus
737 4201 993 4269 potentia.
1024 4209 1076 4254 et
1107 4208 1164 4253 ut
1193 4201 1261 4254 ita
1291 4201 1464 4254 dicam
1489 4241 1502 4264 ,
1533 4202 1596 4255 ad
1629 4201 1793 4270 ipsius
1823 4204 2012 4272 regalis
2041 4220 2192 4272 scep—
2296 4205 2419 4272 quia
2451 4204 2626 4272 iniqua
2650 4211 2823 4266 erant,
2863 4200 3164 4268 dissipavit,
3195 4199 3540 4268 implevitque
3570 4199 3700 4253 illud
3729 4195 3854 4268 quod

624 4302 692 4347 trt
729 4307 789 4346 se
823 4292 1030 4360 jactaus
1053 4293 1277 4362 gloriam
1313 4293 1591 4361 pervenire
1613 4333 1629 4358 ,
1683 4294 1782 4346 iter
1823 4304 2083 4362 przeparat
2127 4296 2192 4349 ad
2296 4299 2547 4362 scriptum
2580 4306 2700 4346 est:
2729 4293 2856 4355 Quia
2888 4292 3083 4359 foveam
3111 4307 3264 4359 quam
3306 4291 3456 4357 fratri
3505 4291 3744 4357 parabis.
3785 4291 3832 4340 in

619 4389 1018 4444 Childebertum
1067 4405 1243 4458 regem
1282 4388 1588 4451 accedendi,
1634 4398 1688 4441 ut
1729 4388 2006 4442 consilium
2048 4390 2187 4457 quod
2295 4383 2431 4437 cide:
2455 4384 2505 4435 iu
2535 4399 2645 4434 eam
2684 4380 2870 4453 (Eccti.
2903 4396 3064 4459 xxvii,
3097 4381 3209 4448 ς29).
3240 4379 3294 4432 1η
3326 4380 3496 4434 locum
3522 4389 3698 4435 tamen
3727 4381 3854 4433 Rau-

628 4481 820 4536 inierat
848 4490 1029 4549 posset
1054 4481 1294 4550 explere.
1328 4479 1432 4534 Sed
1464 4480 1634 4546 pietas
1664 4478 1872 4532 Domini
1901 4479 2012 4532 lucc
2037 4481 2194 4534 verba
2228 4463 2276 4524 Ι)
2302 4475 2478 4544 cbingi
2523 4473 2904 4542 Magnoualtlus
2946 4471 3195 4540 dirigitur
3221 4471 3350 4524 dux.
3393 4470 3508 4525 Jam
3541 4473 3682 4524 enim
3716 4470 3852 4526 Ursio

625 4576 679 4628 in
701 4589 858 4628 aures
889 4573 1272 4628 Guntcttramni
1306 4573 1446 4642 regis
1472 4572 1614 4640 prius
1647 4571 1915 4638 imposuit.
1944 4572 2040 4639 Qui
2073 4576 2201 4626 mis-
2302 4578 2463 4635 atque
2495 4565 2870 4618 Bertltelredus
2897 4565 3028 4616 certi
3072 4563 3212 4631 quod
3251 4561 3592 4631 Raucltingus
3619 4578 3738 4629 qua:
3757 4561 3851 4614 col-

623 4669 698 4722 sis
721 4667 919 4720 nuntiis
946 4667 1080 4720 clam
1126 4666 1190 4718 ad
1232 4664 1633 4718 Childebcrtum
1677 4680 1886 4733 regem,
1933 4683 2120 4719 omnes
2151 4682 2180 4720 e

2303 4659 2461 4712 locuti
2496 4657 2702 4709 fuerant
2722 4694 2735 4716 ,
2764 4663 2943 4722 posset
2971 4654 3186 4719 explere
3208 4693 3222 4717 ,
3253 4651 3480 4706 collecto
3509 4656 3746 4704 exercitu
3775 4664 3850 4702 ve-

625 4758 930 4814 molitiones
961 4759 1056 4811 has
1088 4757 1137 4810 in
1183 4758 1418 4811 notitiam
1450 4757 1643 4824 posuit,
1689 4757 1871 4808 dicens
1900 4772 1914 4809 :
1948 4755 2197 4810 Accelera
2307 4751 2542 4803 niebant.
2578 4745 2680 4799 Sed
2713 4745 2991 4798 audientes
3022 4742 3163 4812 quod
3203 4743 3404 4796 scilicet
3436 4744 3525 4796 tali
3564 4741 3752 4797 fuisset
3784 4741 3850 4793 af-

624 4849 908 4915 velociter,
960 4859 1016 4904 ut
1053 4850 1326 4903 videamur
1360 4865 1388 4901 a
1433 4847 1616 4912 nobis;
1673 4857 1799 4901 sunt
1837 4849 1977 4901 enim
2019 4862 2192 4901 causa:
2301 4841 2466 4895 fectus
2514 4840 2761 4902 interitu,
2820 4835 3040 4888 adaucta
3083 4834 3260 4896 adhuc
3297 4849 3476 4886 secum
3526 4834 3852 4888 multitudine

624 4957 743 5014 qua
772 4943 854 5014 agi
887 4940 1137 4996 debeant.
1181 4942 1248 4994 At
1279 4938 1365 4992 ille
1389 4938 1670 5007 diligenter
1697 4938 1967 5004 inquirens
1994 4954 2109 5006 qua:
2143 4940 2190 4992 ei
2301 4933 2594 4997 hominum,
2652 4945 2770 4997 quae
2821 4929 2886 4980 ad
2921 4940 3016 4980 eos
3073 4927 3341 4994 pertinere
3383 4925 3662 4980 videbatur
3684 4967 3698 4991 ,
3731 4923 3849 4977 infra

627 5037 864 5091 nuntiata
900 5035 1129 5099 fuerant,
1163 5047 1394 5099 veraque
1427 5045 1545 5084 esse
1572 5045 1918 5100 cognoscens,
1947 5031 2192 5083 arcessiri
2299 5035 2530 5076 castrum
2572 5019 2883 5074 νέιὺτθηδθε
2911 5061 2925 5084 ,
2965 5016 3106 5087 quod
3164 5016 3305 5070 Villa:
3365 5015 3605 5070 Ursionis
3657 5017 3850 5086 propin-

698 5179 722 5206 ⁸
748 5169 836 5224 Sic
863 5170 1054 5222 habent
1084 5165 1266 5230 scripti
1293 5173 1345 5218 et
1367 5164 1513 5217 editi.
1547 5163 1846 5227 Legemlum
1874 5175 2050 5216 tamen
2075 5179 2194 5216 esse
2301 5157 2368 5210 de
2396 5151 2816 5230 cursuApublico,
2845 5149 2937 5230 lib.
2966 5148 3194 5230 x_tt_flod.

627 5217 1265 5303 τΜεῖιῆ,ἶξῖι-ἷᾶίηνῆέὶήετειί
1287 5217 1347 5289 ab
1371 5253 1430 5288 ea
1463 5217 1678 5298 precari,
1723 5253 1838 5295 seu,
1871 5237 2064 5285 veniant
2100 5251 2191 5300 pro
2375 5236 2398 5263 °
2427 5217 2851 5303 Celebraturn’ttt
2901 5217 3302 5303 Kal._Nuvetnb.
3333 5217 3530 5303 llt‘trttm
3571 5228 3845 5303 ξιιεζίῖζξξξη

628 5314 810 5363 ntiaero
839 5284 1034 5379 precari
1059 5311 1120 5362 ab
1157 5327 1214 5362 ea
1243 5324 1415 5376 quam,
1439 5284 1531 5360 arut
1569 5284 1778 5370 saltem,
1807 5284 2002 5357 ueniunt
2046 5284 2196 5356 miser
2300 5299 2543 5379 memoria
2567 5293 2756 5379 insigni
2781 5288 3486 5379 ornamento‘dfiortltuniitit
3510 5305 3552 5367 a_
3570 5287 3846 5379 ὺθειιξ-Ειξ-

627 5357 1032 5450 trasenna:
1061 5357 1114 5362 ”’
1159 5357 1213 5362 ﬁ
1516 5357 1528 5360 ’
1603 5357 1696 5359 ί
2091 5443 2102 5450 .
2300 5373 2405 5450 δίον
2434 5377 2497 5450 ‘3‘.
2521 5357 2790 5450 ιτὶίίίίίὲῖ
2816 5357 3778 5450 ΑΨὲἒξζιξξ1ίὲᾞὶ-.νέἓξῖεέυὶῗῗὶλ
3803 5357 3843 5450 3'

1073 5449 1292 5512 patrini;
1324 5447 1414 5499 sed
1447 5463 1704 5514 nusquam
1736 5447 1832 5499 hac
1871 5459 2000 5497 voce
2032 5443 2198 5496 utitur
2301 5427 2590 5514 Raucllingi
2623 5447 2754 5485 uxor
2782 5431 2924 5499 prius
2949 5427 3156 5483 Godino
3188 5437 3346 5496 nupta
3369 5427 3562 5492 fuerat,
3595 5445 3662 5482 ex
3689 5429 3774 5481 lib.
3803 5440 3841 5486 ι’.

629 5519 914 5583 Gregorius
943 5505 1880 5587 addesignandumsusceptorelnex
1906 5516 2189 5584 baptismo.
2301 5505 2512 5587 (Ἀρ-Αἲξ·
2639 5582 2648 5587 _
2735 5586 2738 5587 ν
2816 5578 2828 5587 Δ
2896 5570 2957 5587 η-
3000 5569 3045 5587 ,μ
3281 5567 3447 5587 ψη,-
3499 5569 3688 5587 Mm“
3735 5564 3823 5587 ___.

704 5570 910 5640 siluit).
939 5570 1014 5647 at,
1051 5570 1377 5657 Βενῖῖτεάιιελ
1411 5599 1463 5638 et
1491 5589 1567 5638 sic
1594 5570 1750 5638 intra.
1841 5655 1878 5657 η
1975 5570 1988 5584 ’
2046 5655 2061 5657 η
2216 5623 2229 5636 .
2370 5570 2391 5618 ἴ
2423 5577 2542 5657 Ed.,
2566 5578 2864 5657 potuerant,-
2895 5570 3100 5652 Qasin.,
3123 5570 3232 5639 ipso
3269 5570 3453 5622 errario
3493 5570 3696 5636 publica
3732 5570 3840 5634 regit

697 5657 824 5712 dDe
855 5661 930 5710 bis
962 5642 1183 5722 Bignou:
1213 5658 1276 5708 ad
1337 5642 1492 5707 form.
1522 5658 1577 5707 il
1639 5658 1726 5706 lib.
1780 5671 1794 5708 ι
1838 5655 2090 5715 Marcuili,
2140 5662 2194 5706 et
2299 5642 2926 5722 tantapoteriutinuuiri.
3248 5709 3262 5722 ‘
3318 5707 3331 5722 _
3432 5716 3445 5722 Δ
3483 5707 3526 5722 __
3728 5709 3738 5718 .

629 5707 1350 5790 Altese‘rrain'brt’mclocum;
1375 5727 1466 5779 sed
1497 5724 1661 5780 fusius
1677 5707 1998 5794 Cttjicjusaid
2032 5707 2133 5792 leg.
2159 5727 2191 5779 δ
2371 5729 2396 5768 σ
2419 5707 2658 5774 Castrum
2689 5712 2826 5768 iswd
2850 5726 2988 5783 raso
3007 5725 3198 5772 nomen
3232 5707 3450 5766 dederat
3480 5707 3686 5766 Mosam
3725 5709 3835 5764 ίυω
