  <div class='ocr_page' id='page_1' title='image "/cluster/home/n/w/nwhite01/storage/ocr_20150623/71/uva.x000827083/262.png"; bbox 0 0 3942 6190; ppageno 0'>
   <div class='ocr_carea' id='block_1_1' title="bbox 96 311 188 367">
    <p class='ocr_par' dir='ltr' id='par_1_1' title="bbox 96 311 188 367">
     <span class='ocr_line' id='line_1_1' title="bbox 96 311 188 367; baseline -0.022 0"><span class='ocrx_word' id='word_1_1' title='bbox 96 311 188 367; x_wconf 56' lang='grc'><strong>583</strong></span> 
     </span>
    </p>
   </div>
   <div class='ocr_carea' id='block_1_2' title="bbox 1047 312 2388 372">
    <p class='ocr_par' dir='ltr' id='par_1_2' title="bbox 1047 312 2388 372">
     <span class='ocr_line' id='line_1_2' title="bbox 1047 312 2388 372; baseline -0.001 -2"><span class='ocrx_word' id='word_1_2' title='bbox 1047 315 1365 372; x_wconf 71' lang='lat' dir='ltr'><strong>HISTORIA</strong></span> <span class='ocrx_word' id='word_1_3' title='bbox 1410 312 1863 371; x_wconf 69' lang='lat' dir='ltr'><strong>FBANCORUM.</strong></span> <span class='ocrx_word' id='word_1_4' title='bbox 1905 314 2108 370; x_wconf 80' lang='lat' dir='ltr'><strong>LIBER</strong></span> <span class='ocrx_word' id='word_1_5' title='bbox 2147 316 2388 372; x_wconf 78' lang='lat' dir='ltr'><strong>NONUS.</strong></span> 
     </span>
    </p>
   </div>
   <div class='ocr_carea' id='block_1_3' title="bbox 3242 329 3341 378">
    <p class='ocr_par' dir='ltr' id='par_1_3' title="bbox 3242 329 3341 378">
     <span class='ocr_line' id='line_1_3' title="bbox 3242 329 3341 378; baseline 0.01 -1"><span class='ocrx_word' id='word_1_6' title='bbox 3242 329 3341 378; x_wconf 69' lang='grc' dir='ltr'>ιειιο</span> 
     </span>
    </p>
   </div>
   <div class='ocr_carea' id='block_1_4' title="bbox 95 430 3343 505">
    <p class='ocr_par' dir='ltr' id='par_1_4' title="bbox 95 430 3343 505">
     <span class='ocr_line' id='line_1_4' title="bbox 95 430 3343 505; baseline 0.005 -25"><span class='ocrx_word' id='word_1_7' title='bbox 95 442 241 493; x_wconf 85' lang='lat' dir='ltr'><strong>quum</strong></span> <span class='ocrx_word' id='word_1_8' title='bbox 265 436 402 492; x_wconf 87' lang='lat' dir='ltr'><strong>erat,</strong></span> <span class='ocrx_word' id='word_1_9' title='bbox 442 442 569 484; x_wconf 90' lang='lat' dir='ltr'><strong>cum</strong></span> <span class='ocrx_word' id='word_1_10' title='bbox 612 432 773 486; x_wconf 84' lang='lat' dir='ltr'><strong>rebus</strong></span> <span class='ocrx_word' id='word_1_11' title='bbox 803 433 1052 490; x_wconf 86' lang='lat' dir='ltr'><strong>omnibus</strong></span> <span class='ocrx_word' id='word_1_12' title='bbox 1086 448 1144 488; x_wconf 89' lang='lat' dir='ltr'><strong>se</strong></span> <span class='ocrx_word' id='word_1_13' title='bbox 1173 434 1419 487; x_wconf 90' lang='lat' dir='ltr'><strong>muniunt</strong></span> <span class='ocrx_word' id='word_1_14' title='bbox 1454 430 1653 485; x_wconf 85' lang='lat' dir='ltr'><strong>conscii</strong></span> <span class='ocrx_word' id='word_1_15' title='bbox 1685 431 1735 487; x_wconf 74' lang='grc' dir='ltr'><strong>λ</strong></span> <span class='ocrx_word' id='word_1_16' title='bbox 1764 439 1941 483; x_wconf 89' lang='lat' dir='ltr'><strong>motus</strong></span> <span class='ocrx_word' id='word_1_17' title='bbox 1966 445 2059 485; x_wconf 85' lang='lat' dir='ltr'><strong>rex</strong></span> <span class='ocrx_word' id='word_1_18' title='bbox 2086 430 2251 501; x_wconf 57' lang='lat'><strong>530</strong></span> <span class='ocrx_word' id='word_1_19' title='bbox 2272 432 2477 486; x_wconf 86' lang='lat' dir='ltr'><strong>diceret</strong></span> <span class='ocrx_word' id='word_1_20' title='bbox 2502 450 2513 483; x_wconf 88' lang='lat'><strong>:</strong></span> <span class='ocrx_word' id='word_1_21' title='bbox 2543 431 2599 486; x_wconf 90' lang='lat' dir='ltr'><strong>Si</strong></span> <span class='ocrx_word' id='word_1_22' title='bbox 2626 432 2911 503; x_wconf 76' lang='lat' dir='ltr'><strong>episcopus</strong></span> <span class='ocrx_word' id='word_1_23' title='bbox 2939 437 3131 494; x_wconf 86' lang='lat' dir='ltr'><strong>exinde</strong></span> <span class='ocrx_word' id='word_1_24' title='bbox 3161 442 3343 505; x_wconf 76' lang='lat' dir='ltr'><strong>egredi</strong></span> 
     </span>
    </p>
   </div>
   <div class='ocr_carea' id='block_1_5' title="bbox 95 523 1666 596">
    <p class='ocr_par' dir='ltr' id='par_1_5' title="bbox 95 523 1666 596">
     <span class='ocr_line' id='line_1_5' title="bbox 95 523 1666 596; baseline 0.003 -21"><span class='ocrx_word' id='word_1_25' title='bbox 95 523 284 575; x_wconf 73' lang='lat' dir='ltr'><strong>consilii</strong></span> <span class='ocrx_word' id='word_1_26' title='bbox 316 539 423 588; x_wconf 84' lang='lat' dir='ltr'><strong>sui,</strong></span> <span class='ocrx_word' id='word_1_27' title='bbox 460 533 754 579; x_wconf 78' lang='lat' dir='ltr'><strong>traCtantes</strong></span> <span class='ocrx_word' id='word_1_28' title='bbox 782 536 839 580; x_wconf 86' lang='lat' dir='ltr'><strong>ut</strong></span> <span class='ocrx_word' id='word_1_29' title='bbox 868 528 911 581; x_wconf 90' lang='lat' dir='ltr'><strong>si</strong></span> <span class='ocrx_word' id='word_1_30' title='bbox 945 544 1034 582; x_wconf 76' lang='lat' dir='ltr'><strong>rex</strong></span> <span class='ocrx_word' id='word_1_31' title='bbox 1068 527 1441 583; x_wconf 88' lang='lat' dir='ltr'><strong>Cliildebertus</strong></span> <span class='ocrx_word' id='word_1_32' title='bbox 1464 527 1666 596; x_wconf 89' lang='lat' dir='ltr'><strong>aliquid</strong></span> 
     </span>
    </p>
   </div>
   <div class='ocr_carea' id='block_1_6' title="bbox 94 619 1667 687">
    <p class='ocr_par' dir='ltr' id='par_1_6' title="bbox 94 619 1667 687">
     <span class='ocr_line' id='line_1_6' title="bbox 94 619 1667 687; baseline 0.003 -19"><span class='ocrx_word' id='word_1_33' title='bbox 94 625 265 668; x_wconf 84' lang='lat' dir='ltr'><strong>contra</strong></span> <span class='ocrx_word' id='word_1_34' title='bbox 296 628 395 667; x_wconf 91' lang='lat' dir='ltr'><strong>eos</strong></span> <span class='ocrx_word' id='word_1_35' title='bbox 437 629 602 683; x_wconf 80' lang='lat' dir='ltr'><strong>agere</strong></span> <span class='ocrx_word' id='word_1_36' title='bbox 630 627 916 683; x_wconf 82' lang='lat' dir='ltr'><strong>votui-set,</strong></span> <span class='ocrx_word' id='word_1_37' title='bbox 945 619 1144 673; x_wconf 85' lang='lat' dir='ltr'><strong>virtute</strong></span> <span class='ocrx_word' id='word_1_38' title='bbox 1179 634 1238 674; x_wconf 88' lang='lat' dir='ltr'><strong>se</strong></span> <span class='ocrx_word' id='word_1_39' title='bbox 1278 620 1345 673; x_wconf 89' lang='lat' dir='ltr'><strong>ab</strong></span> <span class='ocrx_word' id='word_1_40' title='bbox 1372 621 1485 687; x_wconf 91' lang='lat' dir='ltr'><strong>ejus</strong></span> <span class='ocrx_word' id='word_1_41' title='bbox 1515 634 1667 673; x_wconf 75' lang='lat' dir='ltr'><strong>exer-</strong></span> 
     </span>
    </p>
   </div>
   <div class='ocr_carea' id='block_1_7' title="bbox 104 706 1665 773">
    <p class='ocr_par' dir='ltr' id='par_1_7' title="bbox 104 706 1665 773">
     <span class='ocr_line' id='line_1_7' title="bbox 104 706 1665 773; baseline 0.004 -16"><span class='ocrx_word' id='word_1_42' title='bbox 104 708 194 757; x_wconf 90' lang='lat' dir='ltr'><strong>citu</strong></span> <span class='ocrx_word' id='word_1_43' title='bbox 214 706 595 761; x_wconf 74' lang='lat' dir='ltr'><strong>defensarent:</strong></span> <span class='ocrx_word' id='word_1_44' title='bbox 625 710 794 773; x_wconf 88' lang='lat' dir='ltr'><strong>Caput</strong></span> <span class='ocrx_word' id='word_1_45' title='bbox 824 712 967 763; x_wconf 79' lang='lat' dir='ltr'><strong>enim</strong></span> <span class='ocrx_word' id='word_1_46' title='bbox 1012 713 1201 765; x_wconf 87' lang='lat' dir='ltr'><strong>horum</strong></span> <span class='ocrx_word' id='word_1_47' title='bbox 1224 720 1276 764; x_wconf 92' lang='lat' dir='ltr'><strong>et</strong></span> <span class='ocrx_word' id='word_1_48' title='bbox 1303 726 1460 765; x_wconf 91' lang='lat' dir='ltr'><strong>causa</strong></span> <span class='ocrx_word' id='word_1_49' title='bbox 1497 711 1665 763; x_wconf 83' lang='lat' dir='ltr'><strong>malo-</strong></span> 
     </span>
    </p>
   </div>
   <div class='ocr_carea' id='block_1_8' title="bbox 104 796 1664 869">
    <p class='ocr_par' dir='ltr' id='par_1_8' title="bbox 104 796 1664 869">
     <span class='ocr_line' id='line_1_8' title="bbox 104 796 1664 869; baseline 0.003 -20"><span class='ocrx_word' id='word_1_50' title='bbox 104 812 204 849; x_wconf 81' lang='lat' dir='ltr'><strong>rum</strong></span> <span class='ocrx_word' id='word_1_51' title='bbox 240 796 392 849; x_wconf 80' lang='lat' dir='ltr'><strong>Ursin</strong></span> <span class='ocrx_word' id='word_1_52' title='bbox 439 807 579 852; x_wconf 88' lang='lat' dir='ltr'><strong>erat.</strong></span> <span class='ocrx_word' id='word_1_53' title='bbox 634 800 739 856; x_wconf 89' lang='lat' dir='ltr'><strong>Sed</strong></span> <span class='ocrx_word' id='word_1_54' title='bbox 793 802 1151 855; x_wconf 82' lang='lat' dir='ltr'><strong>Brnnicliildis</strong></span> <span class='ocrx_word' id='word_1_55' title='bbox 1199 802 1378 869; x_wconf 82' lang='lat' dir='ltr'><strong>regina</strong></span> <span class='ocrx_word' id='word_1_56' title='bbox 1419 804 1664 855; x_wconf 88' lang='lat' dir='ltr'><strong>mandata</strong></span> 
     </span>
    </p>
   </div>
   <div class='ocr_carea' id='block_1_9' title="bbox 102 888 1666 961">
    <p class='ocr_par' dir='ltr' id='par_1_9' title="bbox 102 888 1666 961">
     <span class='ocr_line' id='line_1_9' title="bbox 102 888 1666 961; baseline 0.008 -24"><span class='ocrx_word' id='word_1_57' title='bbox 102 888 227 940; x_wconf 83' lang='lat' dir='ltr'><strong>misit</strong></span> <span class='ocrx_word' id='word_1_58' title='bbox 270 888 662 953; x_wconf 79' lang='lat' dir='ltr'><strong>Bertbefredo,</strong></span> <span class='ocrx_word' id='word_1_59' title='bbox 706 892 929 946; x_wconf 86' lang='lat' dir='ltr'><strong>dicens:</strong></span> <span class='ocrx_word' id='word_1_60' title='bbox 966 894 1216 961; x_wconf 84' lang='lat' dir='ltr'><strong>Disjunge</strong></span> <span class='ocrx_word' id='word_1_61' title='bbox 1257 904 1307 947; x_wconf 92' lang='lat' dir='ltr'><strong>te</strong></span> <span class='ocrx_word' id='word_1_62' title='bbox 1346 894 1414 947; x_wconf 90' lang='lat' dir='ltr'><strong>ab</strong></span> <span class='ocrx_word' id='word_1_63' title='bbox 1453 892 1666 949; x_wconf 80' lang='lat' dir='ltr'><strong>liomine</strong></span> 
     </span>
    </p>
   </div>
   <div class='ocr_carea' id='block_1_10' title="bbox 104 979 1667 1052">
    <p class='ocr_par' dir='ltr' id='par_1_10' title="bbox 104 979 1667 1052">
     <span class='ocr_line' id='line_1_10' title="bbox 104 979 1667 1052; baseline 0.006 -25"><span class='ocrx_word' id='word_1_64' title='bbox 104 979 354 1041; x_wconf 71' lang='lat' dir='ltr'><strong>inimico&quot;,</strong></span> <span class='ocrx_word' id='word_1_65' title='bbox 384 990 440 1033; x_wconf 93' lang='lat' dir='ltr'><strong>et</strong></span> <span class='ocrx_word' id='word_1_66' title='bbox 469 980 695 1035; x_wconf 84' lang='lat' dir='ltr'><strong>habebis</strong></span> <span class='ocrx_word' id='word_1_67' title='bbox 723 983 885 1035; x_wconf 87' lang='lat' dir='ltr'><strong>vitam</strong></span> <span class='ocrx_word' id='word_1_68' title='bbox 913 1000 927 1036; x_wconf 89' lang='lat'><strong>:</strong></span> <span class='ocrx_word' id='word_1_69' title='bbox 960 984 1195 1052; x_wconf 84' lang='lat' dir='ltr'><strong>alioquin</strong></span> <span class='ocrx_word' id='word_1_70' title='bbox 1218 997 1339 1037; x_wconf 92' lang='lat' dir='ltr'><strong>cum</strong></span> <span class='ocrx_word' id='word_1_71' title='bbox 1370 983 1560 1038; x_wconf 84' lang='lat' dir='ltr'><strong>eodem</strong></span> <span class='ocrx_word' id='word_1_72' title='bbox 1586 983 1667 1037; x_wconf 86' lang='lat' dir='ltr'><strong>in-</strong></span> 
     </span>
    </p>
   </div>
   <div class='ocr_carea' id='block_1_11' title="bbox 100 1069 1665 1144">
    <p class='ocr_par' dir='ltr' id='par_1_11' title="bbox 100 1069 1665 1144">
     <span class='ocr_line' id='line_1_11' title="bbox 100 1069 1665 1144; baseline 0.006 -23"><span class='ocrx_word' id='word_1_73' title='bbox 100 1069 288 1123; x_wconf 83' lang='lat' dir='ltr'><strong>teribis.</strong></span> <span class='ocrx_word' id='word_1_74' title='bbox 324 1071 518 1124; x_wconf 84' lang='lat' dir='ltr'><strong>Filiam</strong></span> <span class='ocrx_word' id='word_1_75' title='bbox 547 1073 691 1127; x_wconf 89' lang='lat' dir='ltr'><strong>enim</strong></span> <span class='ocrx_word' id='word_1_76' title='bbox 722 1074 840 1144; x_wconf 87' lang='lat' dir='ltr'><strong>ejus</strong></span> <span class='ocrx_word' id='word_1_77' title='bbox 868 1090 930 1128; x_wconf 84' lang='lat' dir='ltr'><strong>ex</strong></span> <span class='ocrx_word' id='word_1_78' title='bbox 960 1077 1175 1131; x_wconf 90' lang='lat' dir='ltr'><strong>lavacro</strong></span> <span class='ocrx_word' id='word_1_79' title='bbox 1202 1077 1380 1144; x_wconf 81' lang='lat' dir='ltr'><strong>regina</strong></span> <span class='ocrx_word' id='word_1_80' title='bbox 1408 1090 1665 1143; x_wconf 83' lang='lat' dir='ltr'><strong>suscepe-</strong></span> 
     </span>
    </p>
   </div>
   <div class='ocr_carea' id='block_1_12' title="bbox 104 1162 1666 1235">
    <p class='ocr_par' dir='ltr' id='par_1_12' title="bbox 104 1162 1666 1235">
     <span class='ocr_line' id='line_1_12' title="bbox 104 1162 1666 1235; baseline 0.007 -24"><span class='ocrx_word' id='word_1_81' title='bbox 104 1171 197 1227; x_wconf 82' lang='lat' dir='ltr'><strong>rat,</strong></span> <span class='ocrx_word' id='word_1_82' title='bbox 240 1172 289 1215; x_wconf 86' lang='lat' dir='ltr'><strong>et</strong></span> <span class='ocrx_word' id='word_1_83' title='bbox 313 1163 383 1217; x_wconf 89' lang='lat' dir='ltr'><strong>ob</strong></span> <span class='ocrx_word' id='word_1_84' title='bbox 422 1162 533 1218; x_wconf 82' lang='lat' dir='ltr'><strong>hoc</strong></span> <span class='ocrx_word' id='word_1_85' title='bbox 576 1163 741 1235; x_wconf 61' lang='lat'><strong>529</strong></span> <span class='ocrx_word' id='word_1_86' title='bbox 793 1167 1213 1222; x_wconf 75' lang='lat' dir='ltr'><strong>misericordiam</strong></span> <span class='ocrx_word' id='word_1_87' title='bbox 1262 1168 1328 1221; x_wconf 93' lang='lat' dir='ltr'><strong>de</strong></span> <span class='ocrx_word' id='word_1_88' title='bbox 1363 1182 1430 1222; x_wconf 89' lang='lat' dir='ltr'><strong>eo</strong></span> <span class='ocrx_word' id='word_1_89' title='bbox 1471 1167 1666 1222; x_wconf 86' lang='lat' dir='ltr'><strong>habere</strong></span> 
     </span>
    </p>
   </div>
   <div class='ocr_carea' id='block_1_13' title="bbox 102 1253 1663 1330">
    <p class='ocr_par' dir='ltr' id='par_1_13' title="bbox 102 1253 1663 1330">
     <span class='ocr_line' id='line_1_13' title="bbox 102 1253 1663 1330; baseline 0.008 -29"><span class='ocrx_word' id='word_1_90' title='bbox 102 1253 271 1307; x_wconf 84' lang='lat' dir='ltr'><strong>voluit.</strong></span> <span class='ocrx_word' id='word_1_91' title='bbox 302 1257 401 1321; x_wconf 88' lang='lat' dir='ltr'><strong>Qui</strong></span> <span class='ocrx_word' id='word_1_92' title='bbox 435 1257 517 1308; x_wconf 87' lang='lat' dir='ltr'><strong>ait</strong></span> <span class='ocrx_word' id='word_1_93' title='bbox 548 1273 565 1309; x_wconf 82' lang='lat'><strong>:</strong></span> <span class='ocrx_word' id='word_1_94' title='bbox 591 1259 697 1311; x_wconf 80' lang='lat' dir='ltr'><strong>Nisi</strong></span> <span class='ocrx_word' id='word_1_95' title='bbox 731 1267 902 1313; x_wconf 85' lang='lat' dir='ltr'><strong>morte</strong></span> <span class='ocrx_word' id='word_1_96' title='bbox 924 1259 1150 1313; x_wconf 72' lang='lat' dir='ltr'><strong>divellor</strong></span> <span class='ocrx_word' id='word_1_97' title='bbox 1175 1260 1241 1313; x_wconf 86' lang='lat' dir='ltr'><strong>ab</strong></span> <span class='ocrx_word' id='word_1_98' title='bbox 1260 1275 1346 1323; x_wconf 86' lang='lat' dir='ltr'><strong>eo,</strong></span> <span class='ocrx_word' id='word_1_99' title='bbox 1392 1276 1663 1330; x_wconf 89' lang='lat' dir='ltr'><strong>nunquam</strong></span> 
     </span>
    </p>
   </div>
   <div class='ocr_carea' id='block_1_14' title="bbox 101 1346 651 1411">
    <p class='ocr_par' dir='ltr' id='par_1_14' title="bbox 101 1346 651 1411">
     <span class='ocr_line' id='line_1_14' title="bbox 101 1346 651 1411; baseline 0.011 -16"><span class='ocrx_word' id='word_1_100' title='bbox 101 1357 126 1395; x_wconf 85' lang='lat' dir='ltr'><strong>a</strong></span> <span class='ocrx_word' id='word_1_101' title='bbox 146 1358 221 1398; x_wconf 89' lang='lat' dir='ltr'><strong>me</strong></span> <span class='ocrx_word' id='word_1_102' title='bbox 248 1346 583 1411; x_wconf 72' lang='lat' dir='ltr'><strong>relinquetur</strong></span> <span class='ocrx_word' id='word_1_103' title='bbox 603 1346 651 1401; x_wconf 71' lang='grc' dir='ltr'><strong>δ.</strong></span> 
     </span>
    </p>
   </div>
   <div class='ocr_carea' id='block_1_15' title="bbox 161 1453 1657 1527">
    <p class='ocr_par' dir='ltr' id='par_1_15' title="bbox 161 1453 1657 1527">
     <span class='ocr_line' id='line_1_15' title="bbox 161 1453 1657 1527; baseline 0.007 -20"><span class='ocrx_word' id='word_1_104' title='bbox 161 1453 220 1508; x_wconf 80' lang='grc' dir='ltr'><strong>Χ.</strong></span> <span class='ocrx_word' id='word_1_105' title='bbox 251 1456 383 1509; x_wconf 90' lang='lat' dir='ltr'><strong>Dum</strong></span> <span class='ocrx_word' id='word_1_106' title='bbox 415 1457 537 1512; x_wconf 72' lang='lat' dir='ltr'><strong>lure</strong></span> <span class='ocrx_word' id='word_1_107' title='bbox 560 1470 867 1527; x_wconf 71' lang='lat' dir='ltr'><strong>agerentur,</strong></span> <span class='ocrx_word' id='word_1_108' title='bbox 901 1464 1094 1516; x_wconf 79' lang='lat' dir='ltr'><strong>iterum</strong></span> <span class='ocrx_word' id='word_1_109' title='bbox 1126 1463 1270 1517; x_wconf 85' lang='lat' dir='ltr'><strong>misit</strong></span> <span class='ocrx_word' id='word_1_110' title='bbox 1300 1462 1657 1519; x_wconf 82' lang='lat' dir='ltr'><strong>Guntchram-</strong></span> 
     </span>
    </p>
   </div>
   <div class='ocr_carea' id='block_1_16' title="bbox 104 1551 1661 1618">
    <p class='ocr_par' dir='ltr' id='par_1_16' title="bbox 104 1551 1661 1618">
     <span class='ocr_line' id='line_1_16' title="bbox 104 1551 1661 1618; baseline 0.008 -23"><span class='ocrx_word' id='word_1_111' title='bbox 104 1561 185 1600; x_wconf 88' lang='lat' dir='ltr'><strong>nus</strong></span> <span class='ocrx_word' id='word_1_112' title='bbox 210 1563 295 1602; x_wconf 89' lang='lat' dir='ltr'><strong>rex</strong></span> <span class='ocrx_word' id='word_1_113' title='bbox 346 1551 413 1603; x_wconf 87' lang='lat' dir='ltr'><strong>ad</strong></span> <span class='ocrx_word' id='word_1_114' title='bbox 455 1562 707 1618; x_wconf 83' lang='lat' dir='ltr'><strong>nepotem</strong></span> <span class='ocrx_word' id='word_1_115' title='bbox 756 1566 913 1605; x_wconf 89' lang='lat' dir='ltr'><strong>suum</strong></span> <span class='ocrx_word' id='word_1_116' title='bbox 955 1551 1392 1618; x_wconf 80' lang='lat' dir='ltr'><strong>Cbildebertum,</strong></span> <span class='ocrx_word' id='word_1_117' title='bbox 1440 1555 1661 1608; x_wconf 86' lang='lat' dir='ltr'><strong>dicens:</strong></span> 
     </span>
    </p>
   </div>
   <div class='ocr_carea' id='block_1_17' title="bbox 104 1632 1665 1703">
    <p class='ocr_par' dir='ltr' id='par_1_17' title="bbox 104 1632 1665 1703">
     <span class='ocr_line' id='line_1_17' title="bbox 104 1632 1665 1703; baseline 0.008 -17"><span class='ocrx_word' id='word_1_118' title='bbox 104 1632 240 1690; x_wconf 75' lang='lat' dir='ltr'><strong>Horae</strong></span> <span class='ocrx_word' id='word_1_119' title='bbox 279 1653 469 1693; x_wconf 90' lang='lat' dir='ltr'><strong>omnes</strong></span> <span class='ocrx_word' id='word_1_120' title='bbox 518 1640 842 1703; x_wconf 80' lang='lat' dir='ltr'><strong>abscedant,</strong></span> <span class='ocrx_word' id='word_1_121' title='bbox 866 1654 918 1695; x_wconf 90' lang='lat' dir='ltr'><strong>et</strong></span> <span class='ocrx_word' id='word_1_122' title='bbox 951 1643 1067 1697; x_wconf 90' lang='lat' dir='ltr'><strong>veni</strong></span> <span class='ocrx_word' id='word_1_123' title='bbox 1112 1655 1169 1697; x_wconf 93' lang='lat' dir='ltr'><strong>ut</strong></span> <span class='ocrx_word' id='word_1_124' title='bbox 1215 1654 1265 1699; x_wconf 89' lang='lat' dir='ltr'><strong>te</strong></span> <span class='ocrx_word' id='word_1_125' title='bbox 1308 1644 1536 1700; x_wconf 80' lang='lat' dir='ltr'><strong>videam.</strong></span> <span class='ocrx_word' id='word_1_126' title='bbox 1572 1645 1665 1698; x_wconf 87' lang='lat' dir='ltr'><strong>Est</strong></span> 
     </span>
    </p>
   </div>
   <div class='ocr_carea' id='block_1_18' title="bbox 97 1728 1660 1800">
    <p class='ocr_par' dir='ltr' id='par_1_18' title="bbox 97 1728 1660 1800">
     <span class='ocr_line' id='line_1_18' title="bbox 97 1728 1660 1800; baseline 0.005 -21"><span class='ocrx_word' id='word_1_127' title='bbox 97 1728 223 1780; x_wconf 84' lang='lat' dir='ltr'><strong>enim</strong></span> <span class='ocrx_word' id='word_1_128' title='bbox 247 1738 405 1782; x_wconf 72' lang='lat' dir='ltr'><strong>certa:</strong></span> <span class='ocrx_word' id='word_1_129' title='bbox 430 1732 772 1786; x_wconf 80' lang='lat' dir='ltr'><strong>neceSsitatis</strong></span> <span class='ocrx_word' id='word_1_130' title='bbox 808 1746 966 1785; x_wconf 69' lang='lat' dir='ltr'><strong>causa</strong></span> <span class='ocrx_word' id='word_1_131' title='bbox 986 1774 999 1797; x_wconf 95' lang='lat'><strong>,</strong></span> <span class='ocrx_word' id='word_1_132' title='bbox 1029 1742 1132 1786; x_wconf 88' lang='lat' dir='ltr'><strong>tam</strong></span> <span class='ocrx_word' id='word_1_133' title='bbox 1178 1749 1272 1800; x_wconf 86' lang='lat' dir='ltr'><strong>pro</strong></span> <span class='ocrx_word' id='word_1_134' title='bbox 1303 1737 1424 1787; x_wconf 67' lang='lat' dir='ltr'><strong>vita:</strong></span> <span class='ocrx_word' id='word_1_135' title='bbox 1464 1742 1660 1788; x_wconf 63' lang='lat' dir='ltr'><strong>nostra:</strong></span> 
     </span>
    </p>
   </div>
   <div class='ocr_carea' id='block_1_19' title="bbox 98 1818 1659 1891">
    <p class='ocr_par' dir='ltr' id='par_1_19' title="bbox 98 1818 1659 1891">
     <span class='ocr_line' id='line_1_19' title="bbox 98 1818 1659 1891; baseline 0.007 -24"><span class='ocrx_word' id='word_1_136' title='bbox 98 1818 387 1884; x_wconf 83' lang='lat' dir='ltr'><strong>commodo,</strong></span> <span class='ocrx_word' id='word_1_137' title='bbox 421 1833 585 1887; x_wconf 86' lang='lat' dir='ltr'><strong>quam</strong></span> <span class='ocrx_word' id='word_1_138' title='bbox 620 1837 715 1888; x_wconf 86' lang='lat' dir='ltr'><strong>pro</strong></span> <span class='ocrx_word' id='word_1_139' title='bbox 746 1820 1059 1876; x_wconf 75' lang='lat' dir='ltr'><strong>utilitatibus</strong></span> <span class='ocrx_word' id='word_1_140' title='bbox 1086 1824 1341 1891; x_wconf 84' lang='lat' dir='ltr'><strong>publicis,</strong></span> <span class='ocrx_word' id='word_1_141' title='bbox 1385 1832 1439 1876; x_wconf 92' lang='lat' dir='ltr'><strong>ut</strong></span> <span class='ocrx_word' id='word_1_142' title='bbox 1481 1824 1659 1878; x_wconf 85' lang='lat' dir='ltr'><strong>videa-</strong></span> 
     </span>
    </p>
   </div>
   <div class='ocr_carea' id='block_1_20' title="bbox 103 1894 1657 1981">
    <p class='ocr_par' dir='ltr' id='par_1_20' title="bbox 103 1894 1657 1981">
     <span class='ocr_line' id='line_1_20' title="bbox 103 1894 1657 1981; baseline 0.007 -24"><span class='ocrx_word' id='word_1_143' title='bbox 103 1922 202 1959; x_wconf 88' lang='lat' dir='ltr'><strong>mur</strong></span> <span class='ocrx_word' id='word_1_144' title='bbox 226 1921 252 1959; x_wconf 89' lang='lat' dir='ltr'><strong>a</strong></span> <span class='ocrx_word' id='word_1_145' title='bbox 282 1894 457 1962; x_wconf 77' lang='lat' dir='ltr'><strong>nobis.</strong></span> <span class='ocrx_word' id='word_1_146' title='bbox 497 1909 623 1963; x_wconf 70' lang='lat' dir='ltr'><strong>Haec</strong></span> <span class='ocrx_word' id='word_1_147' title='bbox 652 1910 739 1963; x_wconf 91' lang='lat' dir='ltr'><strong>ille</strong></span> <span class='ocrx_word' id='word_1_148' title='bbox 765 1911 1014 1976; x_wconf 88' lang='lat' dir='ltr'><strong>audiens,</strong></span> <span class='ocrx_word' id='word_1_149' title='bbox 1047 1922 1315 1981; x_wconf 88' lang='lat' dir='ltr'><strong>assumpta</strong></span> <span class='ocrx_word' id='word_1_150' title='bbox 1348 1923 1516 1967; x_wconf 83' lang='lat' dir='ltr'><strong>matre</strong></span> <span class='ocrx_word' id='word_1_151' title='bbox 1537 1929 1657 1968; x_wconf 90' lang='lat' dir='ltr'><strong>cum</strong></span> 
     </span>
    </p>
   </div>
   <div class='ocr_carea' id='block_1_21' title="bbox 100 1999 1654 2070">
    <p class='ocr_par' dir='ltr' id='par_1_21' title="bbox 100 1999 1654 2070">
     <span class='ocr_line' id='line_1_21' title="bbox 100 1999 1654 2070; baseline 0.006 -22"><span class='ocrx_word' id='word_1_152' title='bbox 100 2012 262 2051; x_wconf 56' lang='lat' dir='ltr'><strong>sorore</strong></span> <span class='ocrx_word' id='word_1_153' title='bbox 288 2009 340 2051; x_wconf 88' lang='lat' dir='ltr'><strong>et</strong></span> <span class='ocrx_word' id='word_1_154' title='bbox 381 1999 647 2068; x_wconf 80' lang='lat' dir='ltr'><strong>conjuge,</strong></span> <span class='ocrx_word' id='word_1_155' title='bbox 694 2000 761 2053; x_wconf 87' lang='lat' dir='ltr'><strong>ad</strong></span> <span class='ocrx_word' id='word_1_156' title='bbox 803 2015 1085 2055; x_wconf 81' lang='lat' dir='ltr'><strong>occursum</strong></span> <span class='ocrx_word' id='word_1_157' title='bbox 1136 2002 1307 2070; x_wconf 83' lang='lat' dir='ltr'><strong>patrui</strong></span> <span class='ocrx_word' id='word_1_158' title='bbox 1347 2003 1581 2057; x_wconf 77' lang='lat' dir='ltr'><strong>desuinat</strong></span> <span class='ocrx_word' id='word_1_159' title='bbox 1610 2013 1654 2058; x_wconf 71' lang='grc' dir='ltr'><strong>ο.</strong></span> 
     </span>
    </p>
   </div>
   <div class='ocr_carea' id='block_1_22' title="bbox 106 2086 1662 2161">
    <p class='ocr_par' dir='ltr' id='par_1_22' title="bbox 106 2086 1662 2161">
     <span class='ocr_line' id='line_1_22' title="bbox 106 2086 1662 2161; baseline 0.005 -22"><span class='ocrx_word' id='word_1_160' title='bbox 106 2086 257 2140; x_wconf 77' lang='lat' dir='ltr'><strong>Adfuit</strong></span> <span class='ocrx_word' id='word_1_161' title='bbox 306 2102 484 2143; x_wconf 88' lang='lat' dir='ltr'><strong>autem</strong></span> <span class='ocrx_word' id='word_1_162' title='bbox 538 2100 595 2143; x_wconf 89' lang='lat' dir='ltr'><strong>et</strong></span> <span class='ocrx_word' id='word_1_163' title='bbox 640 2091 974 2159; x_wconf 84' lang='lat' dir='ltr'><strong>Magnericus</strong></span> <span class='ocrx_word' id='word_1_164' title='bbox 1028 2092 1312 2161; x_wconf 71' lang='lat' dir='ltr'><strong>episcoiius</strong></span> <span class='ocrx_word' id='word_1_165' title='bbox 1356 2093 1662 2148; x_wconf 73' lang='lat' dir='ltr'><strong>Treverica:</strong></span> 
     </span>
    </p>
   </div>
   <div class='ocr_carea' id='block_1_23' title="bbox 102 2179 1661 2252">
    <p class='ocr_par' dir='ltr' id='par_1_23' title="bbox 102 2179 1661 2252">
     <span class='ocr_line' id='line_1_23' title="bbox 102 2179 1661 2252; baseline 0.005 -24"><span class='ocrx_word' id='word_1_166' title='bbox 102 2179 245 2232; x_wconf 87' lang='lat' dir='ltr'><strong>urbis.</strong></span> <span class='ocrx_word' id='word_1_167' title='bbox 265 2179 417 2234; x_wconf 89' lang='lat' dir='ltr'><strong>Venit</strong></span> <span class='ocrx_word' id='word_1_168' title='bbox 444 2182 613 2235; x_wconf 88' lang='lat' dir='ltr'><strong>etiam</strong></span> <span class='ocrx_word' id='word_1_169' title='bbox 644 2180 1087 2235; x_wconf 84' lang='lat' dir='ltr'><strong>Guntcliramnns</strong></span> <span class='ocrx_word' id='word_1_170' title='bbox 1116 2183 1277 2249; x_wconf 86' lang='lat' dir='ltr'><strong>Boso,</strong></span> <span class='ocrx_word' id='word_1_171' title='bbox 1294 2199 1449 2249; x_wconf 87' lang='lat' dir='ltr'><strong>quem</strong></span> <span class='ocrx_word' id='word_1_172' title='bbox 1479 2183 1661 2252; x_wconf 80' lang='lat' dir='ltr'><strong>Ageri-</strong></span> 
     </span>
    </p>
   </div>
   <div class='ocr_carea' id='block_1_24' title="bbox 103 2271 1659 2344">
    <p class='ocr_par' dir='ltr' id='par_1_24' title="bbox 103 2271 1659 2344">
     <span class='ocr_line' id='line_1_24' title="bbox 103 2271 1659 2344; baseline 0.006 -25"><span class='ocrx_word' id='word_1_173' title='bbox 103 2284 182 2322; x_wconf 81' lang='lat' dir='ltr'><strong>cus</strong></span> <span class='ocrx_word' id='word_1_174' title='bbox 212 2271 580 2326; x_wconf 78' lang='lat' dir='ltr'><strong>Viridunensis</strong></span> <span class='ocrx_word' id='word_1_175' title='bbox 608 2276 893 2342; x_wconf 86' lang='lat' dir='ltr'><strong>episcopus</strong></span> <span class='ocrx_word' id='word_1_176' title='bbox 931 2290 1023 2328; x_wconf 89' lang='lat' dir='ltr'><strong>sua</strong></span> <span class='ocrx_word' id='word_1_177' title='bbox 1066 2276 1118 2328; x_wconf 91' lang='lat' dir='ltr'><strong>in</strong></span> <span class='ocrx_word' id='word_1_178' title='bbox 1160 2276 1266 2329; x_wconf 86' lang='lat' dir='ltr'><strong>tlde</strong></span> <span class='ocrx_word' id='word_1_179' title='bbox 1309 2287 1659 2344; x_wconf 83' lang='lat' dir='ltr'><strong>susceperat:</strong></span> 
     </span>
    </p>
   </div>
   <div class='ocr_carea' id='block_1_25' title="bbox 107 2359 1662 2433">
    <p class='ocr_par' dir='ltr' id='par_1_25' title="bbox 107 2359 1662 2433">
     <span class='ocr_line' id='line_1_25' title="bbox 107 2359 1662 2433; baseline 0.005 -22"><span class='ocrx_word' id='word_1_180' title='bbox 107 2359 181 2412; x_wconf 81' lang='lat' dir='ltr'><strong>sed</strong></span> <span class='ocrx_word' id='word_1_181' title='bbox 208 2362 429 2426; x_wconf 73' lang='lat' dir='ltr'><strong>pontifex</strong></span> <span class='ocrx_word' id='word_1_182' title='bbox 462 2363 557 2417; x_wconf 84' lang='lat' dir='ltr'><strong>ille</strong></span> <span class='ocrx_word' id='word_1_183' title='bbox 580 2403 596 2432; x_wconf 86' lang='lat'><strong>,</strong></span> <span class='ocrx_word' id='word_1_184' title='bbox 625 2364 715 2433; x_wconf 85' lang='lat' dir='ltr'><strong>qui</strong></span> <span class='ocrx_word' id='word_1_185' title='bbox 740 2380 836 2432; x_wconf 93' lang='lat' dir='ltr'><strong>pro</strong></span> <span class='ocrx_word' id='word_1_186' title='bbox 863 2381 929 2419; x_wconf 93' lang='lat' dir='ltr'><strong>eo</strong></span> <span class='ocrx_word' id='word_1_187' title='bbox 966 2366 1119 2420; x_wconf 90' lang='lat' dir='ltr'><strong>fidem</strong></span> <span class='ocrx_word' id='word_1_188' title='bbox 1151 2364 1381 2431; x_wconf 80' lang='lat' dir='ltr'><strong>fecerat,</strong></span> <span class='ocrx_word' id='word_1_189' title='bbox 1416 2383 1519 2420; x_wconf 92' lang='lat' dir='ltr'><strong>non</strong></span> <span class='ocrx_word' id='word_1_190' title='bbox 1562 2368 1662 2419; x_wconf 83' lang='lat' dir='ltr'><strong>ad-</strong></span> 
     </span>
    </p>
   </div>
   <div class='ocr_carea' id='block_1_26' title="bbox 108 2452 1663 2526">
    <p class='ocr_par' dir='ltr' id='par_1_26' title="bbox 108 2452 1663 2526">
     <span class='ocr_line' id='line_1_26' title="bbox 108 2452 1663 2526; baseline 0.008 -27"><span class='ocrx_word' id='word_1_191' title='bbox 108 2452 215 2514; x_wconf 86' lang='lat' dir='ltr'><strong>fuit,</strong></span> <span class='ocrx_word' id='word_1_192' title='bbox 258 2454 376 2522; x_wconf 87' lang='lat' dir='ltr'><strong>quia</strong></span> <span class='ocrx_word' id='word_1_193' title='bbox 417 2464 753 2509; x_wconf 88' lang='lat' dir='ltr'><strong>convenerat</strong></span> <span class='ocrx_word' id='word_1_194' title='bbox 799 2464 856 2510; x_wconf 92' lang='lat' dir='ltr'><strong>ut</strong></span> <span class='ocrx_word' id='word_1_195' title='bbox 904 2457 1104 2526; x_wconf 78' lang='lat' dir='ltr'><strong>absque</strong></span> <span class='ocrx_word' id='word_1_196' title='bbox 1150 2457 1306 2510; x_wconf 89' lang='lat' dir='ltr'><strong>ullius</strong></span> <span class='ocrx_word' id='word_1_197' title='bbox 1348 2456 1663 2512; x_wconf 82' lang='lat' dir='ltr'><strong>defensione</strong></span> 
     </span>
    </p>
   </div>
   <div class='ocr_carea' id='block_1_27' title="bbox 108 2544 1661 2616">
    <p class='ocr_par' dir='ltr' id='par_1_27' title="bbox 108 2544 1661 2616">
     <span class='ocr_line' id='line_1_27' title="bbox 108 2544 1661 2616; baseline 0.005 -24"><span class='ocrx_word' id='word_1_198' title='bbox 108 2544 198 2612; x_wconf 67' lang='lat' dir='ltr'><strong>regi</strong></span> <span class='ocrx_word' id='word_1_199' title='bbox 226 2557 657 2610; x_wconf 79' lang='lat' dir='ltr'><strong>pr.esentaretur,</strong></span> <span class='ocrx_word' id='word_1_200' title='bbox 678 2548 879 2603; x_wconf 89' lang='lat' dir='ltr'><strong>scilicet</strong></span> <span class='ocrx_word' id='word_1_201' title='bbox 908 2556 967 2602; x_wconf 91' lang='lat' dir='ltr'><strong>ut</strong></span> <span class='ocrx_word' id='word_1_202' title='bbox 995 2548 1039 2606; x_wconf 79' lang='lat' dir='ltr'><strong>si</strong></span> <span class='ocrx_word' id='word_1_203' title='bbox 1072 2549 1185 2616; x_wconf 89' lang='lat' dir='ltr'><strong>ipse</strong></span> <span class='ocrx_word' id='word_1_204' title='bbox 1205 2548 1520 2602; x_wconf 85' lang='lat' dir='ltr'><strong>decerneret</strong></span> <span class='ocrx_word' id='word_1_205' title='bbox 1538 2562 1661 2601; x_wconf 90' lang='lat' dir='ltr'><strong>eum</strong></span> 
     </span>
    </p>
   </div>
   <div class='ocr_carea' id='block_1_28' title="bbox 108 2632 1666 2706">
    <p class='ocr_par' dir='ltr' id='par_1_28' title="bbox 108 2632 1666 2706">
     <span class='ocr_line' id='line_1_28' title="bbox 108 2632 1666 2706; baseline 0.008 -25"><span class='ocrx_word' id='word_1_206' title='bbox 108 2632 219 2684; x_wconf 87' lang='lat' dir='ltr'><strong>mori</strong></span> <span class='ocrx_word' id='word_1_207' title='bbox 246 2634 468 2703; x_wconf 81' lang='lat' dir='ltr'><strong>debere,</strong></span> <span class='ocrx_word' id='word_1_208' title='bbox 516 2654 620 2691; x_wconf 93' lang='lat' dir='ltr'><strong>non</strong></span> <span class='ocrx_word' id='word_1_209' title='bbox 657 2648 1009 2695; x_wconf 78' lang='lat' dir='ltr'><strong>excusaretur</strong></span> <span class='ocrx_word' id='word_1_210' title='bbox 1037 2656 1065 2692; x_wconf 88' lang='lat' dir='ltr'><strong>a</strong></span> <span class='ocrx_word' id='word_1_211' title='bbox 1096 2640 1406 2706; x_wconf 77' lang='lat' dir='ltr'><strong>sacerdote;</strong></span> <span class='ocrx_word' id='word_1_212' title='bbox 1441 2640 1521 2694; x_wconf 90' lang='lat' dir='ltr'><strong>sin</strong></span> <span class='ocrx_word' id='word_1_213' title='bbox 1569 2654 1666 2693; x_wconf 87' lang='lat' dir='ltr'><strong>au-</strong></span> 
     </span>
    </p>
   </div>
   <div class='ocr_carea' id='block_1_29' title="bbox 111 2724 1664 2801">
    <p class='ocr_par' dir='ltr' id='par_1_29' title="bbox 111 2724 1664 2801">
     <span class='ocr_line' id='line_1_29' title="bbox 111 2724 1664 2801; baseline 0.011 -31"><span class='ocrx_word' id='word_1_214' title='bbox 111 2730 197 2775; x_wconf 89' lang='lat' dir='ltr'><strong>tem</strong></span> <span class='ocrx_word' id='word_1_215' title='bbox 226 2724 309 2780; x_wconf 88' lang='lat' dir='ltr'><strong>ille</strong></span> <span class='ocrx_word' id='word_1_216' title='bbox 339 2728 507 2781; x_wconf 84' lang='lat' dir='ltr'><strong>vitam</strong></span> <span class='ocrx_word' id='word_1_217' title='bbox 538 2731 883 2794; x_wconf 81' lang='lat' dir='ltr'><strong>concederet,</strong></span> <span class='ocrx_word' id='word_1_218' title='bbox 916 2731 1054 2785; x_wconf 83' lang='lat' dir='ltr'><strong>liber</strong></span> <span class='ocrx_word' id='word_1_219' title='bbox 1084 2732 1275 2786; x_wconf 85' lang='lat' dir='ltr'><strong>abiret.</strong></span> <span class='ocrx_word' id='word_1_220' title='bbox 1304 2731 1409 2787; x_wconf 85' lang='lat' dir='ltr'><strong>SeJ</strong></span> <span class='ocrx_word' id='word_1_221' title='bbox 1440 2731 1664 2801; x_wconf 86' lang='lat' dir='ltr'><strong>COnjun-</strong></span> 
     </span>
    </p>
   </div>
   <div class='ocr_carea' id='block_1_30' title="bbox 110 2808 1665 2890">
    <p class='ocr_par' dir='ltr' id='par_1_30' title="bbox 110 2808 1665 2890">
     <span class='ocr_line' id='line_1_30' title="bbox 110 2808 1665 2890; baseline 0.01 -27"><span class='ocrx_word' id='word_1_222' title='bbox 110 2812 192 2865; x_wconf 79' lang='lat' dir='ltr'><strong>etis</strong></span> <span class='ocrx_word' id='word_1_223' title='bbox 232 2819 435 2885; x_wconf 76' lang='lat' dir='ltr'><strong>regibus</strong></span> <span class='ocrx_word' id='word_1_224' title='bbox 458 2808 497 2883; x_wconf 11' lang='lat'><strong>,7</strong></span> <span class='ocrx_word' id='word_1_225' title='bbox 528 2834 623 2887; x_wconf 86' lang='lat' dir='ltr'><strong>pro</strong></span> <span class='ocrx_word' id='word_1_226' title='bbox 673 2819 902 2874; x_wconf 82' lang='lat' dir='ltr'><strong>diversis</strong></span> <span class='ocrx_word' id='word_1_227' title='bbox 948 2820 1295 2875; x_wconf 72' lang='lat' dir='ltr'><strong>facilitatibns</strong></span> <span class='ocrx_word' id='word_1_228' title='bbox 1325 2820 1351 2858; x_wconf 70' lang='grc' dir='ltr'><em>ά</em></span> <span class='ocrx_word' id='word_1_229' title='bbox 1383 2822 1665 2890; x_wconf 85' lang='lat' dir='ltr'><strong>culpabilis</strong></span> 
     </span>
    </p>
   </div>
   <div class='ocr_carea' id='block_1_31' title="bbox 114 2900 1664 2980">
    <p class='ocr_par' dir='ltr' id='par_1_31' title="bbox 114 2900 1664 2980">
     <span class='ocr_line' id='line_1_31' title="bbox 114 2900 1664 2980; baseline 0.008 -26"><span class='ocrx_word' id='word_1_230' title='bbox 114 2900 376 2973; x_wconf 82' lang='lat' dir='ltr'><strong>judicatus,</strong></span> <span class='ocrx_word' id='word_1_231' title='bbox 411 2908 629 2979; x_wconf 74' lang='lat' dir='ltr'><strong>jussnm</strong></span> <span class='ocrx_word' id='word_1_232' title='bbox 677 2920 757 2965; x_wconf 89' lang='lat' dir='ltr'><strong>est</strong></span> <span class='ocrx_word' id='word_1_233' title='bbox 804 2919 861 2964; x_wconf 92' lang='lat' dir='ltr'><strong>ut</strong></span> <span class='ocrx_word' id='word_1_234' title='bbox 912 2910 1316 2966; x_wconf 88' lang='lat' dir='ltr'><strong>interficeretur.</strong></span> <span class='ocrx_word' id='word_1_235' title='bbox 1350 2912 1503 2980; x_wconf 86' lang='lat' dir='ltr'><strong>Quod</strong></span> <span class='ocrx_word' id='word_1_236' title='bbox 1542 2927 1664 2967; x_wconf 89' lang='lat' dir='ltr'><strong>cum</strong></span> 
     </span>
    </p>
   </div>
   <div class='ocr_carea' id='block_1_32' title="bbox 113 2994 1662 3073">
    <p class='ocr_par' dir='ltr' id='par_1_32' title="bbox 113 2994 1662 3073">
     <span class='ocr_line' id='line_1_32' title="bbox 113 2994 1662 3073; baseline 0.008 -26"><span class='ocrx_word' id='word_1_237' title='bbox 113 2994 185 3049; x_wconf 86' lang='lat' dir='ltr'><strong>ille</strong></span> <span class='ocrx_word' id='word_1_238' title='bbox 210 3000 594 3069; x_wconf 66' lang='lat' dir='ltr'><strong>comperisset,</strong></span> <span class='ocrx_word' id='word_1_239' title='bbox 637 3002 701 3054; x_wconf 82' lang='lat' dir='ltr'><strong>ad</strong></span> <span class='ocrx_word' id='word_1_240' title='bbox 737 3002 1066 3056; x_wconf 88' lang='lat' dir='ltr'><strong>mansionem</strong></span> <span class='ocrx_word' id='word_1_241' title='bbox 1114 3003 1397 3073; x_wconf 85' lang='lat' dir='ltr'><strong>Maguerici</strong></span> <span class='ocrx_word' id='word_1_242' title='bbox 1428 3004 1662 3072; x_wconf 75' lang='lat' dir='ltr'><strong>episcopi</strong></span> 
     </span>
    </p>
   </div>
   <div class='ocr_carea' id='block_1_33' title="bbox 114 3090 1665 3163">
    <p class='ocr_par' dir='ltr' id='par_1_33' title="bbox 114 3090 1665 3163">
     <span class='ocr_line' id='line_1_33' title="bbox 114 3090 1665 3163; baseline 0.007 -25"><span class='ocrx_word' id='word_1_243' title='bbox 114 3090 401 3155; x_wconf 83' lang='lat' dir='ltr'><strong>convolavn,</strong></span> <span class='ocrx_word' id='word_1_244' title='bbox 427 3102 487 3147; x_wconf 90' lang='lat' dir='ltr'><strong>et</strong></span> <span class='ocrx_word' id='word_1_245' title='bbox 523 3093 715 3147; x_wconf 89' lang='lat' dir='ltr'><strong>clausis</strong></span> <span class='ocrx_word' id='word_1_246' title='bbox 745 3093 897 3146; x_wconf 88' lang='lat' dir='ltr'><strong>ostiis</strong></span> <span class='ocrx_word' id='word_1_247' title='bbox 918 3133 931 3155; x_wconf 90' lang='lat'><strong>,</strong></span> <span class='ocrx_word' id='word_1_248' title='bbox 956 3096 1248 3163; x_wconf 85' lang='lat' dir='ltr'><strong>segregatis</strong></span> <span class='ocrx_word' id='word_1_249' title='bbox 1272 3095 1339 3147; x_wconf 92' lang='lat' dir='ltr'><strong>ab</strong></span> <span class='ocrx_word' id='word_1_250' title='bbox 1366 3109 1433 3150; x_wconf 93' lang='lat' dir='ltr'><strong>eo</strong></span> <span class='ocrx_word' id='word_1_251' title='bbox 1455 3095 1665 3149; x_wconf 87' lang='lat' dir='ltr'><strong>clericis</strong></span> 
     </span>
    </p>
   </div>
   <div class='ocr_carea' id='block_1_34' title="bbox 116 3180 1665 3253">
    <p class='ocr_par' dir='ltr' id='par_1_34' title="bbox 116 3180 1665 3253">
     <span class='ocr_line' id='line_1_34' title="bbox 116 3180 1665 3253; baseline 0.005 -24"><span class='ocrx_word' id='word_1_252' title='bbox 116 3192 165 3231; x_wconf 84' lang='lat' dir='ltr'><strong>ac</strong></span> <span class='ocrx_word' id='word_1_253' title='bbox 189 3180 402 3247; x_wconf 88' lang='lat' dir='ltr'><strong>famulis,</strong></span> <span class='ocrx_word' id='word_1_254' title='bbox 424 3184 536 3236; x_wconf 88' lang='lat' dir='ltr'><strong>ait:</strong></span> <span class='ocrx_word' id='word_1_255' title='bbox 559 3183 678 3237; x_wconf 81' lang='lat' dir='ltr'><strong>Scio</strong></span> <span class='ocrx_word' id='word_1_256' title='bbox 698 3192 769 3249; x_wconf 89' lang='lat' dir='ltr'><strong>te,</strong></span> <span class='ocrx_word' id='word_1_257' title='bbox 791 3185 1095 3238; x_wconf 82' lang='lat' dir='ltr'><strong>beatissime</strong></span> <span class='ocrx_word' id='word_1_258' title='bbox 1114 3184 1390 3247; x_wconf 81' lang='lat' dir='ltr'><strong>sacerdos,</strong></span> <span class='ocrx_word' id='word_1_259' title='bbox 1417 3199 1665 3253; x_wconf 86' lang='lat' dir='ltr'><strong>magnum</strong></span> 
     </span>
    </p>
   </div>
   <div class='ocr_carea' id='block_1_35' title="bbox 116 3276 1667 3345">
    <p class='ocr_par' dir='ltr' id='par_1_35' title="bbox 116 3276 1667 3345">
     <span class='ocr_line' id='line_1_35' title="bbox 116 3276 1667 3345; baseline 0.004 -21"><span class='ocrx_word' id='word_1_260' title='bbox 116 3286 213 3327; x_wconf 85' lang='lat' dir='ltr'><strong>cum</strong></span> <span class='ocrx_word' id='word_1_261' title='bbox 238 3277 447 3345; x_wconf 81' lang='lat' dir='ltr'><strong>regibus</strong></span> <span class='ocrx_word' id='word_1_262' title='bbox 471 3277 734 3330; x_wconf 79' lang='lat' dir='ltr'><strong>honorem</strong></span> <span class='ocrx_word' id='word_1_263' title='bbox 768 3276 985 3341; x_wconf 86' lang='lat' dir='ltr'><strong>habere,</strong></span> <span class='ocrx_word' id='word_1_264' title='bbox 1011 3285 1065 3329; x_wconf 90' lang='lat' dir='ltr'><strong>et</strong></span> <span class='ocrx_word' id='word_1_265' title='bbox 1085 3291 1225 3329; x_wconf 90' lang='lat' dir='ltr'><strong>nunc</strong></span> <span class='ocrx_word' id='word_1_266' title='bbox 1247 3276 1313 3329; x_wconf 90' lang='lat' dir='ltr'><strong>ad</strong></span> <span class='ocrx_word' id='word_1_267' title='bbox 1338 3285 1390 3331; x_wconf 87' lang='lat' dir='ltr'><strong>te</strong></span> <span class='ocrx_word' id='word_1_268' title='bbox 1417 3277 1667 3344; x_wconf 86' lang='lat' dir='ltr'><strong>confugio</strong></span> 
     </span>
    </p>
   </div>
   <div class='ocr_carea' id='block_1_36' title="bbox 117 3365 1670 3441">
    <p class='ocr_par' dir='ltr' id='par_1_36' title="bbox 117 3365 1670 3441">
     <span class='ocr_line' id='line_1_36' title="bbox 117 3365 1670 3441; baseline 0.003 -29"><span class='ocrx_word' id='word_1_269' title='bbox 117 3372 165 3414; x_wconf 88' lang='lat' dir='ltr'><strong>ut</strong></span> <span class='ocrx_word' id='word_1_270' title='bbox 190 3368 417 3420; x_wconf 74' lang='lat' dir='ltr'><strong>evadant.</strong></span> <span class='ocrx_word' id='word_1_271' title='bbox 459 3368 604 3421; x_wconf 83' lang='lat' dir='ltr'><strong>Ecce</strong></span> <span class='ocrx_word' id='word_1_272' title='bbox 634 3380 976 3434; x_wconf 83' lang='lat' dir='ltr'><strong>percussores</strong></span> <span class='ocrx_word' id='word_1_273' title='bbox 1011 3365 1076 3417; x_wconf 90' lang='lat' dir='ltr'><strong>ad</strong></span> <span class='ocrx_word' id='word_1_274' title='bbox 1121 3366 1359 3441; x_wconf 75' lang='lat' dir='ltr'><strong>ostium;</strong></span> <span class='ocrx_word' id='word_1_275' title='bbox 1393 3366 1532 3419; x_wconf 91' lang='lat' dir='ltr'><strong>unde</strong></span> <span class='ocrx_word' id='word_1_276' title='bbox 1558 3381 1670 3418; x_wconf 85' lang='lat' dir='ltr'><strong>ma-</strong></span> 
     </span>
    </p>
   </div>
   <div class='ocr_carea' id='block_1_37' title="bbox 121 3454 1666 3525">
    <p class='ocr_par' dir='ltr' id='par_1_37' title="bbox 121 3454 1666 3525">
     <span class='ocr_line' id='line_1_37' title="bbox 121 3454 1666 3525; baseline 0.002 -19"><span class='ocrx_word' id='word_1_277' title='bbox 121 3454 282 3510; x_wconf 84' lang='lat' dir='ltr'><strong>nifeste</strong></span> <span class='ocrx_word' id='word_1_278' title='bbox 317 3458 487 3523; x_wconf 85' lang='lat' dir='ltr'><strong>scias,</strong></span> <span class='ocrx_word' id='word_1_279' title='bbox 523 3457 663 3525; x_wconf 82' lang='lat' dir='ltr'><strong>quod</strong></span> <span class='ocrx_word' id='word_1_280' title='bbox 689 3456 733 3509; x_wconf 74' lang='lat' dir='ltr'><strong>si</strong></span> <span class='ocrx_word' id='word_1_281' title='bbox 758 3474 785 3508; x_wconf 88' lang='lat' dir='ltr'><strong>a</strong></span> <span class='ocrx_word' id='word_1_282' title='bbox 818 3470 878 3511; x_wconf 87' lang='lat' dir='ltr'><strong>se</strong></span> <span class='ocrx_word' id='word_1_283' title='bbox 909 3473 1011 3510; x_wconf 91' lang='lat' dir='ltr'><strong>non</strong></span> <span class='ocrx_word' id='word_1_284' title='bbox 1052 3472 1235 3523; x_wconf 85' lang='lat' dir='ltr'><strong>eruor,</strong></span> <span class='ocrx_word' id='word_1_285' title='bbox 1269 3456 1550 3511; x_wconf 89' lang='lat' dir='ltr'><strong>interfecto</strong></span> <span class='ocrx_word' id='word_1_286' title='bbox 1582 3466 1666 3520; x_wconf 89' lang='lat' dir='ltr'><strong>te,</strong></span> 
     </span>
    </p>
   </div>
   <div class='ocr_carea' id='block_1_38' title="bbox 122 3545 1670 3612">
    <p class='ocr_par' dir='ltr' id='par_1_38' title="bbox 122 3545 1670 3612">
     <span class='ocr_line' id='line_1_38' title="bbox 122 3545 1670 3612; baseline 0.001 -15"><span class='ocrx_word' id='word_1_287' title='bbox 122 3546 332 3612; x_wconf 77' lang='lat' dir='ltr'><strong>egrediar</strong></span> <span class='ocrx_word' id='word_1_288' title='bbox 362 3548 538 3611; x_wconf 85' lang='lat' dir='ltr'><strong>foras,</strong></span> <span class='ocrx_word' id='word_1_289' title='bbox 565 3554 619 3600; x_wconf 91' lang='lat' dir='ltr'><strong>et</strong></span> <span class='ocrx_word' id='word_1_290' title='bbox 640 3547 856 3600; x_wconf 84' lang='lat' dir='ltr'><strong>moriar.</strong></span> <span class='ocrx_word' id='word_1_291' title='bbox 889 3545 1324 3599; x_wconf 78' lang='lat' dir='ltr'><strong>Manifestissime</strong></span> <span class='ocrx_word' id='word_1_292' title='bbox 1345 3545 1485 3599; x_wconf 84' lang='lat' dir='ltr'><strong>enim</strong></span> <span class='ocrx_word' id='word_1_293' title='bbox 1510 3561 1670 3599; x_wconf 78' lang='lat' dir='ltr'><strong>nove-</strong></span> 
     </span>
    </p>
   </div>
   <div class='ocr_carea' id='block_1_39' title="bbox 124 3634 1669 3704">
    <p class='ocr_par' dir='ltr' id='par_1_39' title="bbox 124 3634 1669 3704">
     <span class='ocr_line' id='line_1_39' title="bbox 124 3634 1669 3704; baseline 0.003 -20"><span class='ocrx_word' id='word_1_294' title='bbox 124 3634 200 3697; x_wconf 86' lang='lat' dir='ltr'><strong>ris,</strong></span> <span class='ocrx_word' id='word_1_295' title='bbox 226 3638 337 3703; x_wconf 84' lang='lat' dir='ltr'><strong>quia</strong></span> <span class='ocrx_word' id='word_1_296' title='bbox 367 3648 456 3690; x_wconf 90' lang='lat' dir='ltr'><strong>aut</strong></span> <span class='ocrx_word' id='word_1_297' title='bbox 494 3652 641 3690; x_wconf 88' lang='lat' dir='ltr'><strong>mors</strong></span> <span class='ocrx_word' id='word_1_298' title='bbox 666 3651 769 3690; x_wconf 88' lang='lat' dir='ltr'><strong>una</strong></span> <span class='ocrx_word' id='word_1_299' title='bbox 803 3650 899 3688; x_wconf 84' lang='lat' dir='ltr'><strong>nos</strong></span> <span class='ocrx_word' id='word_1_300' title='bbox 925 3645 1182 3703; x_wconf 87' lang='lat' dir='ltr'><strong>occupat,</strong></span> <span class='ocrx_word' id='word_1_301' title='bbox 1212 3647 1301 3688; x_wconf 88' lang='lat' dir='ltr'><strong>aut</strong></span> <span class='ocrx_word' id='word_1_302' title='bbox 1327 3650 1421 3704; x_wconf 90' lang='lat' dir='ltr'><strong>par</strong></span> <span class='ocrx_word' id='word_1_303' title='bbox 1450 3636 1551 3689; x_wconf 88' lang='lat' dir='ltr'><strong>vita</strong></span> <span class='ocrx_word' id='word_1_304' title='bbox 1576 3636 1669 3689; x_wconf 90' lang='lat' dir='ltr'><strong>de-</strong></span> 
     </span>
    </p>
   </div>
   <div class='ocr_carea' id='block_1_40' title="bbox 122 3721 1668 3795">
    <p class='ocr_par' dir='ltr' id='par_1_40' title="bbox 122 3721 1668 3795">
     <span class='ocr_line' id='line_1_40' title="bbox 122 3721 1668 3795; baseline 0.004 -22"><span class='ocrx_word' id='word_1_305' title='bbox 122 3722 287 3779; x_wconf 82' lang='lat' dir='ltr'><strong>fensat.</strong></span> <span class='ocrx_word' id='word_1_306' title='bbox 312 3730 353 3781; x_wconf 90' lang='grc' dir='ltr'>ι)</span> <span class='ocrx_word' id='word_1_307' title='bbox 374 3737 568 3782; x_wconf 86' lang='lat' dir='ltr'><strong>sancte</strong></span> <span class='ocrx_word' id='word_1_308' title='bbox 596 3728 867 3791; x_wconf 87' lang='lat' dir='ltr'><strong>sacerdos,</strong></span> <span class='ocrx_word' id='word_1_309' title='bbox 900 3728 1013 3780; x_wconf 90' lang='lat' dir='ltr'><strong>scio</strong></span> <span class='ocrx_word' id='word_1_310' title='bbox 1041 3728 1181 3780; x_wconf 88' lang='lat' dir='ltr'><strong>enim</strong></span> <span class='ocrx_word' id='word_1_311' title='bbox 1210 3736 1260 3780; x_wconf 90' lang='lat' dir='ltr'><strong>te</strong></span> <span class='ocrx_word' id='word_1_312' title='bbox 1291 3739 1491 3795; x_wconf 86' lang='lat' dir='ltr'><strong>patrem</strong></span> <span class='ocrx_word' id='word_1_313' title='bbox 1519 3721 1668 3780; x_wconf 53' lang='lat' dir='ltr'><strong>com?</strong></span> 
     </span>
    </p>
   </div>
   <div class='ocr_carea' id='block_1_41' title="bbox 125 3816 1669 3888">
    <p class='ocr_par' dir='ltr' id='par_1_41' title="bbox 125 3816 1669 3888">
     <span class='ocr_line' id='line_1_41' title="bbox 125 3816 1669 3888; baseline 0.005 -26"><span class='ocrx_word' id='word_1_314' title='bbox 125 3828 306 3870; x_wconf 89' lang='lat' dir='ltr'><strong>munem</strong></span> <span class='ocrx_word' id='word_1_315' title='bbox 352 3836 473 3873; x_wconf 89' lang='lat' dir='ltr'><strong>cum</strong></span> <span class='ocrx_word' id='word_1_316' title='bbox 529 3834 653 3888; x_wconf 87' lang='lat' dir='ltr'><strong>rege</strong></span> <span class='ocrx_word' id='word_1_317' title='bbox 695 3832 816 3873; x_wconf 87' lang='lat' dir='ltr'><strong>esse</strong></span> <span class='ocrx_word' id='word_1_318' title='bbox 846 3817 956 3871; x_wconf 77' lang='lat' dir='ltr'><strong>filio</strong></span> <span class='ocrx_word' id='word_1_319' title='bbox 984 3816 1132 3886; x_wconf 85' lang='lat' dir='ltr'><strong>ejus,</strong></span> <span class='ocrx_word' id='word_1_320' title='bbox 1162 3828 1219 3873; x_wconf 92' lang='lat' dir='ltr'><strong>et</strong></span> <span class='ocrx_word' id='word_1_321' title='bbox 1264 3817 1384 3871; x_wconf 88' lang='lat' dir='ltr'><strong>novi</strong></span> <span class='ocrx_word' id='word_1_322' title='bbox 1424 3817 1669 3887; x_wconf 82' lang='lat' dir='ltr'><strong>quoniam</strong></span> 
     </span>
    </p>
   </div>
   <div class='ocr_carea' id='block_1_42' title="bbox 122 3909 1670 3979">
    <p class='ocr_par' dir='ltr' id='par_1_42' title="bbox 122 3909 1670 3979">
     <span class='ocr_line' id='line_1_42' title="bbox 122 3909 1670 3979; baseline 0.005 -24"><span class='ocrx_word' id='word_1_323' title='bbox 122 3920 417 3978; x_wconf 75' lang='lat' dir='ltr'><strong>quzncnnqne</strong></span> <span class='ocrx_word' id='word_1_324' title='bbox 456 3911 683 3979; x_wconf 85' lang='lat' dir='ltr'><strong>petieris</strong></span> <span class='ocrx_word' id='word_1_325' title='bbox 728 3912 794 3963; x_wconf 90' lang='lat' dir='ltr'><strong>ab</strong></span> <span class='ocrx_word' id='word_1_326' title='bbox 833 3923 937 3975; x_wconf 87' lang='lat' dir='ltr'><strong>eo,</strong></span> <span class='ocrx_word' id='word_1_327' title='bbox 981 3909 1287 3973; x_wconf 89' lang='lat' dir='ltr'><strong>obtinebis;</strong></span> <span class='ocrx_word' id='word_1_328' title='bbox 1335 3923 1435 3963; x_wconf 81' lang='lat' dir='ltr'><strong>nec</strong></span> <span class='ocrx_word' id='word_1_329' title='bbox 1476 3923 1670 3976; x_wconf 85' lang='lat' dir='ltr'><strong>negare</strong></span> 
     </span>
    </p>
   </div>
   <div class='ocr_carea' id='block_1_43' title="bbox 125 3999 1668 4069">
    <p class='ocr_par' dir='ltr' id='par_1_43' title="bbox 125 3999 1668 4069">
     <span class='ocr_line' id='line_1_43' title="bbox 125 3999 1668 4069; baseline 0.002 -21"><span class='ocrx_word' id='word_1_330' title='bbox 125 3999 309 4053; x_wconf 81' lang='lat' dir='ltr'><strong>omnino</strong></span> <span class='ocrx_word' id='word_1_331' title='bbox 340 4000 539 4069; x_wconf 84' lang='lat' dir='ltr'><strong>poterit</strong></span> <span class='ocrx_word' id='word_1_332' title='bbox 568 4001 834 4055; x_wconf 87' lang='lat' dir='ltr'><strong>sanctitati</strong></span> <span class='ocrx_word' id='word_1_333' title='bbox 859 4010 961 4053; x_wconf 70' lang='lat' dir='ltr'><strong>iure</strong></span> <span class='ocrx_word' id='word_1_334' title='bbox 984 4012 1314 4069; x_wconf 56' lang='lat' dir='ltr'><strong>quacunque</strong></span> <span class='ocrx_word' id='word_1_335' title='bbox 1344 4000 1668 4068; x_wconf 90' lang='lat' dir='ltr'><strong>poposceris.</strong></span> 
     </span>
    </p>
   </div>
   <div class='ocr_carea' id='block_1_44' title="bbox 133 4085 1670 4159">
    <p class='ocr_par' dir='ltr' id='par_1_44' title="bbox 133 4085 1670 4159">
     <span class='ocr_line' id='line_1_44' title="bbox 133 4085 1670 4159; baseline 0.003 -19"><span class='ocrx_word' id='word_1_336' title='bbox 133 4085 328 4158; x_wconf 83' lang='lat' dir='ltr'><strong>Ideoque</strong></span> <span class='ocrx_word' id='word_1_337' title='bbox 355 4102 447 4145; x_wconf 90' lang='lat' dir='ltr'><strong>aut</strong></span> <span class='ocrx_word' id='word_1_338' title='bbox 482 4092 709 4159; x_wconf 88' lang='lat' dir='ltr'><strong>impetra</strong></span> <span class='ocrx_word' id='word_1_339' title='bbox 742 4092 981 4155; x_wconf 85' lang='lat' dir='ltr'><strong>veniam,</strong></span> <span class='ocrx_word' id='word_1_340' title='bbox 1020 4100 1111 4144; x_wconf 89' lang='lat' dir='ltr'><strong>aut</strong></span> <span class='ocrx_word' id='word_1_341' title='bbox 1157 4090 1449 4144; x_wconf 85' lang='lat' dir='ltr'><strong>moriamur</strong></span> <span class='ocrx_word' id='word_1_342' title='bbox 1490 4090 1670 4145; x_wconf 81' lang='lat' dir='ltr'><strong>simul.</strong></span> 
     </span>
    </p>
   </div>
   <div class='ocr_carea' id='block_1_45' title="bbox 130 4173 1675 4249">
    <p class='ocr_par' dir='ltr' id='par_1_45' title="bbox 130 4173 1675 4249">
     <span class='ocr_line' id='line_1_45' title="bbox 130 4173 1675 4249; baseline 0.006 -24"><span class='ocrx_word' id='word_1_343' title='bbox 130 4173 232 4231; x_wconf 63' lang='lat' dir='ltr'><strong>llaec</strong></span> <span class='ocrx_word' id='word_1_344' title='bbox 256 4189 426 4235; x_wconf 86' lang='lat' dir='ltr'><strong>autem</strong></span> <span class='ocrx_word' id='word_1_345' title='bbox 469 4182 757 4249; x_wconf 84' lang='lat' dir='ltr'><strong>evaginato</strong></span> <span class='ocrx_word' id='word_1_346' title='bbox 806 4180 983 4233; x_wconf 84' lang='lat' dir='ltr'><strong>aiebat</strong></span> <span class='ocrx_word' id='word_1_347' title='bbox 1031 4180 1229 4248; x_wconf 87' lang='lat' dir='ltr'><strong>gladio.</strong></span> <span class='ocrx_word' id='word_1_348' title='bbox 1270 4178 1537 4234; x_wconf 80' lang='lat' dir='ltr'><strong>Turbatus</strong></span> <span class='ocrx_word' id='word_1_349' title='bbox 1575 4180 1675 4234; x_wconf 85' lang='lat' dir='ltr'><strong>huc</strong></span> 
     </span>
    </p>
   </div>
   <div class='ocr_carea' id='block_1_46' title="bbox 131 4266 1679 4337">
    <p class='ocr_par' dir='ltr' id='par_1_46' title="bbox 131 4266 1679 4337">
     <span class='ocr_line' id='line_1_46' title="bbox 131 4266 1679 4337; baseline 0.006 -22"><span class='ocrx_word' id='word_1_350' title='bbox 131 4266 378 4336; x_wconf 87' lang='lat' dir='ltr'><strong>episcopus</strong></span> <span class='ocrx_word' id='word_1_351' title='bbox 404 4267 618 4334; x_wconf 90' lang='lat' dir='ltr'><strong>audito,</strong></span> <span class='ocrx_word' id='word_1_352' title='bbox 654 4269 727 4321; x_wconf 87' lang='lat' dir='ltr'><strong>ait</strong></span> <span class='ocrx_word' id='word_1_353' title='bbox 755 4287 767 4320; x_wconf 88' lang='lat'><strong>:</strong></span> <span class='ocrx_word' id='word_1_354' title='bbox 802 4269 867 4322; x_wconf 87' lang='lat' dir='ltr'><strong>Et</strong></span> <span class='ocrx_word' id='word_1_355' title='bbox 889 4269 1011 4337; x_wconf 87' lang='lat' dir='ltr'><strong>quid</strong></span> <span class='ocrx_word' id='word_1_356' title='bbox 1041 4269 1248 4335; x_wconf 89' lang='lat' dir='ltr'><strong>faciam,</strong></span> <span class='ocrx_word' id='word_1_357' title='bbox 1281 4269 1326 4323; x_wconf 91' lang='lat' dir='ltr'><strong>si</strong></span> <span class='ocrx_word' id='word_1_358' title='bbox 1354 4268 1440 4325; x_wconf 90' lang='lat' dir='ltr'><strong>bic</strong></span> <span class='ocrx_word' id='word_1_359' title='bbox 1464 4285 1493 4324; x_wconf 90' lang='lat' dir='ltr'><strong>a</strong></span> <span class='ocrx_word' id='word_1_360' title='bbox 1520 4282 1576 4326; x_wconf 85' lang='lat' dir='ltr'><strong>te</strong></span> <span class='ocrx_word' id='word_1_361' title='bbox 1602 4280 1679 4324; x_wconf 79' lang='lat' dir='ltr'><strong>te-</strong></span> 
     </span>
    </p>
   </div>
   <div class='ocr_carea' id='block_1_47' title="bbox 132 4357 1675 4429">
    <p class='ocr_par' dir='ltr' id='par_1_47' title="bbox 132 4357 1675 4429">
     <span class='ocr_line' id='line_1_47' title="bbox 132 4357 1675 4429; baseline 0.006 -23"><span class='ocrx_word' id='word_1_362' title='bbox 132 4357 269 4410; x_wconf 84' lang='lat' dir='ltr'><strong>neor?</strong></span> <span class='ocrx_word' id='word_1_363' title='bbox 291 4358 500 4414; x_wconf 82' lang='lat' dir='ltr'><strong>dimitte</strong></span> <span class='ocrx_word' id='word_1_364' title='bbox 522 4372 631 4423; x_wconf 88' lang='lat' dir='ltr'><strong>me,</strong></span> <span class='ocrx_word' id='word_1_365' title='bbox 658 4368 717 4411; x_wconf 93' lang='lat' dir='ltr'><strong>ut</strong></span> <span class='ocrx_word' id='word_1_366' title='bbox 744 4373 860 4412; x_wconf 92' lang='lat' dir='ltr'><strong>eam</strong></span> <span class='ocrx_word' id='word_1_367' title='bbox 886 4367 941 4413; x_wconf 88' lang='lat' dir='ltr'><strong>et</strong></span> <span class='ocrx_word' id='word_1_368' title='bbox 966 4358 1225 4429; x_wconf 91' lang='lat' dir='ltr'><strong>deprecer</strong></span> <span class='ocrx_word' id='word_1_369' title='bbox 1256 4361 1675 4415; x_wconf 87' lang='lat' dir='ltr'><strong>misericordiam</strong></span> 
     </span>
    </p>
   </div>
   <div class='ocr_carea' id='block_1_48' title="bbox 134 4449 1678 4523">
    <p class='ocr_par' dir='ltr' id='par_1_48' title="bbox 134 4449 1678 4523">
     <span class='ocr_line' id='line_1_48' title="bbox 134 4449 1678 4523; baseline 0.005 -25"><span class='ocrx_word' id='word_1_370' title='bbox 134 4449 276 4516; x_wconf 85' lang='lat' dir='ltr'><strong>regis,</strong></span> <span class='ocrx_word' id='word_1_371' title='bbox 301 4459 355 4505; x_wconf 91' lang='lat' dir='ltr'><strong>et</strong></span> <span class='ocrx_word' id='word_1_372' title='bbox 390 4452 637 4507; x_wconf 87' lang='lat' dir='ltr'><strong>fortassis</strong></span> <span class='ocrx_word' id='word_1_373' title='bbox 683 4450 1026 4505; x_wconf 87' lang='lat' dir='ltr'><strong>miserebitur</strong></span> <span class='ocrx_word' id='word_1_374' title='bbox 1068 4451 1165 4505; x_wconf 89' lang='lat' dir='ltr'><strong>tui.</strong></span> <span class='ocrx_word' id='word_1_375' title='bbox 1198 4450 1264 4505; x_wconf 87' lang='lat' dir='ltr'><strong>Et</strong></span> <span class='ocrx_word' id='word_1_376' title='bbox 1305 4452 1396 4507; x_wconf 92' lang='lat' dir='ltr'><strong>ille</strong></span> <span class='ocrx_word' id='word_1_377' title='bbox 1429 4452 1678 4523; x_wconf 86' lang='lat' dir='ltr'><strong>:Nequa-</strong></span> 
     </span>
    </p>
   </div>
   <div class='ocr_carea' id='block_1_49' title="bbox 1772 518 3342 599">
    <p class='ocr_par' dir='ltr' id='par_1_49' title="bbox 1772 518 3342 599">
     <span class='ocr_line' id='line_1_49' title="bbox 1772 518 3342 599; baseline 0.011 -29"><span class='ocrx_word' id='word_1_378' title='bbox 1772 518 2033 585; x_wconf 90' lang='lat' dir='ltr'><strong>noluerit,</strong></span> <span class='ocrx_word' id='word_1_379' title='bbox 2079 522 2279 586; x_wconf 88' lang='lat' dir='ltr'><strong>pariter</strong></span> <span class='ocrx_word' id='word_1_380' title='bbox 2321 535 2442 574; x_wconf 92' lang='lat' dir='ltr'><strong>cum</strong></span> <span class='ocrx_word' id='word_1_381' title='bbox 2485 520 2575 575; x_wconf 93' lang='lat' dir='ltr'><strong>illo</strong></span> <span class='ocrx_word' id='word_1_382' title='bbox 2610 532 2832 578; x_wconf 89' lang='lat' dir='ltr'><strong>auctore</strong></span> <span class='ocrx_word' id='word_1_383' title='bbox 2880 526 3111 593; x_wconf 71' lang='lat' dir='ltr'><strong>perfidia:</strong></span> <span class='ocrx_word' id='word_1_384' title='bbox 3138 541 3342 599; x_wconf 80' lang='lat' dir='ltr'><strong>pereat.</strong></span> 
     </span>
    </p>
   </div>
   <div class='ocr_carea' id='block_1_50' title="bbox 1773 610 3341 691">
    <p class='ocr_par' dir='ltr' id='par_1_50' title="bbox 1773 610 3341 691">
     <span class='ocr_line' id='line_1_50' title="bbox 1773 610 3341 691; baseline 0.01 -29"><span class='ocrx_word' id='word_1_385' title='bbox 1773 610 1895 663; x_wconf 61' lang='lat' dir='ltr'><strong>Huic</strong></span> <span class='ocrx_word' id='word_1_386' title='bbox 1922 610 2147 666; x_wconf 86' lang='lat' dir='ltr'><strong>audiens</strong></span> <span class='ocrx_word' id='word_1_387' title='bbox 2185 613 2499 680; x_wconf 90' lang='lat' dir='ltr'><strong>episcopus,</strong></span> <span class='ocrx_word' id='word_1_388' title='bbox 2542 613 2737 669; x_wconf 77' lang='lat' dir='ltr'><strong>direxit</strong></span> <span class='ocrx_word' id='word_1_389' title='bbox 2770 616 2987 671; x_wconf 81' lang='lat' dir='ltr'><strong>nuntios</strong></span> <span class='ocrx_word' id='word_1_390' title='bbox 3031 620 3097 674; x_wconf 90' lang='lat' dir='ltr'><strong>ad</strong></span> <span class='ocrx_word' id='word_1_391' title='bbox 3140 636 3341 691; x_wconf 79' lang='lat' dir='ltr'><strong>regem.</strong></span> 
     </span>
    </p>
   </div>
   <div class='ocr_carea' id='block_1_51' title="bbox 1769 701 3341 769">
    <p class='ocr_par' dir='ltr' id='par_1_51' title="bbox 1769 701 3341 769">
     <span class='ocr_line' id='line_1_51' title="bbox 1769 701 3341 769; baseline 0.009 -17"><span class='ocrx_word' id='word_1_392' title='bbox 1769 701 2018 767; x_wconf 90' lang='lat' dir='ltr'><strong>Quicum</strong></span> <span class='ocrx_word' id='word_1_393' title='bbox 2052 703 2154 756; x_wconf 89' lang='lat' dir='ltr'><strong>ista</strong></span> <span class='ocrx_word' id='word_1_394' title='bbox 2202 713 2551 769; x_wconf 81' lang='lat' dir='ltr'><strong>narrassent,</strong></span> <span class='ocrx_word' id='word_1_395' title='bbox 2598 705 2675 759; x_wconf 89' lang='lat' dir='ltr'><strong>ait</strong></span> <span class='ocrx_word' id='word_1_396' title='bbox 2722 721 2815 761; x_wconf 85' lang='lat' dir='ltr'><strong>rex</strong></span> <span class='ocrx_word' id='word_1_397' title='bbox 2862 708 3341 766; x_wconf 84' lang='lat' dir='ltr'><strong>Guntcliramnus:</strong></span> 
     </span>
    </p>
   </div>
   <div class='ocr_carea' id='block_1_52' title="bbox 1770 794 3337 870">
    <p class='ocr_par' dir='ltr' id='par_1_52' title="bbox 1770 794 3337 870">
     <span class='ocr_line' id='line_1_52' title="bbox 1770 794 3337 870; baseline 0.007 -23"><span class='ocrx_word' id='word_1_398' title='bbox 1770 794 1971 862; x_wconf 87' lang='lat' dir='ltr'><strong>lnjicite</strong></span> <span class='ocrx_word' id='word_1_399' title='bbox 2002 796 2175 864; x_wconf 81' lang='lat' dir='ltr'><strong>ignem</strong></span> <span class='ocrx_word' id='word_1_400' title='bbox 2207 796 2257 848; x_wconf 91' lang='lat' dir='ltr'><strong>in</strong></span> <span class='ocrx_word' id='word_1_401' title='bbox 2284 795 2520 855; x_wconf 82' lang='lat' dir='ltr'><strong>domum.</strong></span> <span class='ocrx_word' id='word_1_402' title='bbox 2547 806 2601 850; x_wconf 90' lang='lat' dir='ltr'><strong>et</strong></span> <span class='ocrx_word' id='word_1_403' title='bbox 2630 798 2673 850; x_wconf 90' lang='lat' dir='ltr'><strong>si</strong></span> <span class='ocrx_word' id='word_1_404' title='bbox 2703 799 2852 854; x_wconf 88' lang='lat' dir='ltr'><strong>exire</strong></span> <span class='ocrx_word' id='word_1_405' title='bbox 2893 801 3193 867; x_wconf 84' lang='lat' dir='ltr'><strong>nequiverit</strong></span> <span class='ocrx_word' id='word_1_406' title='bbox 3221 806 3337 870; x_wconf 87' lang='lat' dir='ltr'><strong>cpi-</strong></span> 
     </span>
    </p>
   </div>
   <div class='ocr_carea' id='block_1_53' title="bbox 1769 887 3342 960">
    <p class='ocr_par' dir='ltr' id='par_1_53' title="bbox 1769 887 3342 960">
     <span class='ocr_line' id='line_1_53' title="bbox 1769 887 3342 960; baseline 0.008 -23"><span class='ocrx_word' id='word_1_407' title='bbox 1769 900 1983 952; x_wconf 88' lang='lat' dir='ltr'><strong>scopus,</strong></span> <span class='ocrx_word' id='word_1_408' title='bbox 2010 887 2207 954; x_wconf 85' lang='lat' dir='ltr'><strong>pariter</strong></span> <span class='ocrx_word' id='word_1_409' title='bbox 2223 898 2651 942; x_wconf 81' lang='lat' dir='ltr'><strong>concrementur.</strong></span> <span class='ocrx_word' id='word_1_410' title='bbox 2676 890 2799 944; x_wconf 68' lang='lat' dir='ltr'><strong>llmc</strong></span> <span class='ocrx_word' id='word_1_411' title='bbox 2822 893 3101 947; x_wconf 86' lang='lat' dir='ltr'><strong>audientes</strong></span> <span class='ocrx_word' id='word_1_412' title='bbox 3128 896 3342 960; x_wconf 86' lang='lat' dir='ltr'><strong>clerici,</strong></span> 
     </span>
    </p>
   </div>
   <div class='ocr_carea' id='block_1_54' title="bbox 1767 973 3346 1045">
    <p class='ocr_par' dir='ltr' id='par_1_54' title="bbox 1767 973 3346 1045">
     <span class='ocr_line' id='line_1_54' title="bbox 1767 973 3346 1045; baseline 0.009 -20"><span class='ocrx_word' id='word_1_413' title='bbox 1767 973 1986 1028; x_wconf 75' lang='lat' dir='ltr'><strong>eli‘racto</strong></span> <span class='ocrx_word' id='word_1_414' title='bbox 2013 977 2062 1030; x_wconf 86' lang='lat' dir='ltr'><strong>vi</strong></span> <span class='ocrx_word' id='word_1_415' title='bbox 2084 977 2227 1031; x_wconf 83' lang='lat' dir='ltr'><strong>ostio</strong></span> <span class='ocrx_word' id='word_1_416' title='bbox 2255 978 2587 1032; x_wconf 83' lang='lat' dir='ltr'><strong>sacerdotem</strong></span> <span class='ocrx_word' id='word_1_417' title='bbox 2614 979 2835 1045; x_wconf 89' lang='lat' dir='ltr'><strong>ejiciunt</strong></span> <span class='ocrx_word' id='word_1_418' title='bbox 2868 982 3031 1036; x_wconf 86' lang='lat' dir='ltr'><strong>foras.</strong></span> <span class='ocrx_word' id='word_1_419' title='bbox 3064 985 3213 1039; x_wconf 81' lang='lat' dir='ltr'><strong>Tunc</strong></span> <span class='ocrx_word' id='word_1_420' title='bbox 3247 988 3346 1039; x_wconf 82' lang='lat' dir='ltr'><strong>itii-</strong></span> 
     </span>
    </p>
   </div>
   <div class='ocr_carea' id='block_1_55' title="bbox 1767 1066 3344 1145">
    <p class='ocr_par' dir='ltr' id='par_1_55' title="bbox 1767 1066 3344 1145">
     <span class='ocr_line' id='line_1_55' title="bbox 1767 1066 3344 1145; baseline 0.01 -30"><span class='ocrx_word' id='word_1_421' title='bbox 1767 1066 2028 1118; x_wconf 87' lang='lat' dir='ltr'><strong>serrimus</strong></span> <span class='ocrx_word' id='word_1_422' title='bbox 2057 1079 2178 1119; x_wconf 90' lang='lat' dir='ltr'><strong>cum</strong></span> <span class='ocrx_word' id='word_1_423' title='bbox 2210 1066 2420 1120; x_wconf 80' lang='lat' dir='ltr'><strong>videret</strong></span> <span class='ocrx_word' id='word_1_424' title='bbox 2444 1082 2503 1120; x_wconf 91' lang='lat' dir='ltr'><strong>se</strong></span> <span class='ocrx_word' id='word_1_425' title='bbox 2540 1068 2769 1124; x_wconf 84' lang='lat' dir='ltr'><strong>flaminis</strong></span> <span class='ocrx_word' id='word_1_426' title='bbox 2803 1072 2991 1128; x_wconf 82' lang='lat' dir='ltr'><strong>validis</strong></span> <span class='ocrx_word' id='word_1_427' title='bbox 3023 1075 3090 1129; x_wconf 89' lang='lat' dir='ltr'><strong>ab</strong></span> <span class='ocrx_word' id='word_1_428' title='bbox 3118 1087 3344 1145; x_wconf 87' lang='lat' dir='ltr'><strong>utraque</strong></span> 
     </span>
    </p>
   </div>
   <div class='ocr_carea' id='block_1_56' title="bbox 1769 1154 3340 1226">
    <p class='ocr_par' dir='ltr' id='par_1_56' title="bbox 1769 1154 3340 1226">
     <span class='ocr_line' id='line_1_56' title="bbox 1769 1154 3340 1226; baseline 0.01 -23"><span class='ocrx_word' id='word_1_429' title='bbox 1769 1162 1919 1219; x_wconf 87' lang='lat' dir='ltr'><strong>parte</strong></span> <span class='ocrx_word' id='word_1_430' title='bbox 1961 1154 2182 1219; x_wconf 89' lang='lat' dir='ltr'><strong>vallari,</strong></span> <span class='ocrx_word' id='word_1_431' title='bbox 2234 1158 2503 1209; x_wconf 88' lang='lat' dir='ltr'><strong>accinctus</strong></span> <span class='ocrx_word' id='word_1_432' title='bbox 2544 1160 2719 1226; x_wconf 84' lang='lat' dir='ltr'><strong>gladio</strong></span> <span class='ocrx_word' id='word_1_433' title='bbox 2764 1164 2971 1216; x_wconf 88' lang='lat' dir='ltr'><strong>accedit</strong></span> <span class='ocrx_word' id='word_1_434' title='bbox 3013 1164 3080 1219; x_wconf 89' lang='lat' dir='ltr'><strong>ad</strong></span> <span class='ocrx_word' id='word_1_435' title='bbox 3123 1166 3340 1221; x_wconf 89' lang='lat' dir='ltr'><strong>ostium.</strong></span> 
     </span>
    </p>
   </div>
   <div class='ocr_carea' id='block_1_57' title="bbox 1772 1241 3339 1324">
    <p class='ocr_par' dir='ltr' id='par_1_57' title="bbox 1772 1241 3339 1324">
     <span class='ocr_line' id='line_1_57' title="bbox 1772 1241 3339 1324; baseline 0.012 -31"><span class='ocrx_word' id='word_1_436' title='bbox 1772 1241 1961 1296; x_wconf 71' lang='lat' dir='ltr'><strong>Verum</strong></span> <span class='ocrx_word' id='word_1_437' title='bbox 1991 1244 2077 1298; x_wconf 90' lang='lat' dir='ltr'><strong>ubi</strong></span> <span class='ocrx_word' id='word_1_438' title='bbox 2110 1247 2337 1313; x_wconf 89' lang='lat' dir='ltr'><strong>primum</strong></span> <span class='ocrx_word' id='word_1_439' title='bbox 2368 1247 2527 1303; x_wconf 81' lang='lat' dir='ltr'><strong>limen</strong></span> <span class='ocrx_word' id='word_1_440' title='bbox 2556 1248 2749 1305; x_wconf 91' lang='lat' dir='ltr'><strong>domus</strong></span> <span class='ocrx_word' id='word_1_441' title='bbox 2776 1255 3061 1321; x_wconf 87' lang='lat' dir='ltr'><strong>egrediens</strong></span> <span class='ocrx_word' id='word_1_442' title='bbox 3095 1271 3339 1324; x_wconf 82' lang='lat' dir='ltr'><strong>gressum</strong></span> 
     </span>
    </p>
   </div>
   <div class='ocr_carea' id='block_1_58' title="bbox 1765 1329 3344 1414">
    <p class='ocr_par' dir='ltr' id='par_1_58' title="bbox 1765 1329 3344 1414">
     <span class='ocr_line' id='line_1_58' title="bbox 1765 1329 3344 1414; baseline 0.014 -31"><span class='ocrx_word' id='word_1_443' title='bbox 1765 1329 1894 1384; x_wconf 85' lang='lat' dir='ltr'><strong>foris</strong></span> <span class='ocrx_word' id='word_1_444' title='bbox 1923 1332 2058 1396; x_wconf 82' lang='lat' dir='ltr'><strong>xit,</strong></span> <span class='ocrx_word' id='word_1_445' title='bbox 2084 1336 2263 1389; x_wconf 88' lang='lat' dir='ltr'><strong>statim</strong></span> <span class='ocrx_word' id='word_1_446' title='bbox 2289 1352 2426 1391; x_wconf 90' lang='lat' dir='ltr'><strong>unus</strong></span> <span class='ocrx_word' id='word_1_447' title='bbox 2452 1352 2485 1393; x_wconf 87' lang='lat' dir='ltr'><strong>e</strong></span> <span class='ocrx_word' id='word_1_448' title='bbox 2516 1341 2710 1410; x_wconf 89' lang='lat' dir='ltr'><strong>p0pulo</strong></span> <span class='ocrx_word' id='word_1_449' title='bbox 2752 1343 2919 1411; x_wconf 85' lang='lat' dir='ltr'><strong>ejecta</strong></span> <span class='ocrx_word' id='word_1_450' title='bbox 2950 1346 3163 1414; x_wconf 88' lang='lat' dir='ltr'><strong>lancea,</strong></span> <span class='ocrx_word' id='word_1_451' title='bbox 3196 1350 3344 1404; x_wconf 88' lang='lat' dir='ltr'><strong>fron-</strong></span> 
     </span>
    </p>
   </div>
   <div class='ocr_carea' id='block_1_59' title="bbox 1768 1422 3340 1508">
    <p class='ocr_par' dir='ltr' id='par_1_59' title="bbox 1768 1422 3340 1508">
     <span class='ocr_line' id='line_1_59' title="bbox 1768 1422 3340 1508; baseline 0.014 -34"><span class='ocrx_word' id='word_1_452' title='bbox 1768 1429 1871 1476; x_wconf 74' lang='grc' dir='ltr'>ιθιιι</span> <span class='ocrx_word' id='word_1_453' title='bbox 1894 1422 2010 1493; x_wconf 88' lang='lat' dir='ltr'><strong>ejus</strong></span> <span class='ocrx_word' id='word_1_454' title='bbox 2034 1425 2200 1479; x_wconf 93' lang='lat' dir='ltr'><strong>illisit.</strong></span> <span class='ocrx_word' id='word_1_455' title='bbox 2218 1422 2393 1484; x_wconf 83' lang='lat' dir='ltr'><strong>Atille</strong></span> <span class='ocrx_word' id='word_1_456' title='bbox 2416 1430 2516 1484; x_wconf 90' lang='lat' dir='ltr'><strong>hoc</strong></span> <span class='ocrx_word' id='word_1_457' title='bbox 2544 1433 2648 1487; x_wconf 91' lang='lat' dir='ltr'><strong>ictu</strong></span> <span class='ocrx_word' id='word_1_458' title='bbox 2675 1436 2930 1504; x_wconf 86' lang='lat' dir='ltr'><strong>turbatus,</strong></span> <span class='ocrx_word' id='word_1_459' title='bbox 2958 1442 3109 1508; x_wconf 84' lang='lat' dir='ltr'><strong>quasi</strong></span> <span class='ocrx_word' id='word_1_460' title='bbox 3134 1457 3340 1505; x_wconf 78' lang='lat' dir='ltr'><strong>aniens,</strong></span> 
     </span>
    </p>
   </div>
   <div class='ocr_carea' id='block_1_60' title="bbox 1764 1512 3335 1588">
    <p class='ocr_par' dir='ltr' id='par_1_60' title="bbox 1764 1512 3335 1588">
     <span class='ocr_line' id='line_1_60' title="bbox 1764 1512 3335 1588; baseline 0.016 -26"><span class='ocrx_word' id='word_1_461' title='bbox 1764 1512 1995 1581; x_wconf 82' lang='lat' dir='ltr'><strong>gladium</strong></span> <span class='ocrx_word' id='word_1_462' title='bbox 2018 1514 2215 1583; x_wconf 87' lang='lat' dir='ltr'><strong>ejicere</strong></span> <span class='ocrx_word' id='word_1_463' title='bbox 2244 1526 2476 1584; x_wconf 85' lang='lat' dir='ltr'><strong>tentans,</strong></span> <span class='ocrx_word' id='word_1_464' title='bbox 2504 1524 2572 1576; x_wconf 90' lang='lat' dir='ltr'><strong>ab</strong></span> <span class='ocrx_word' id='word_1_465' title='bbox 2599 1526 2897 1581; x_wconf 88' lang='lat' dir='ltr'><strong>astantibus</strong></span> <span class='ocrx_word' id='word_1_466' title='bbox 2927 1530 2994 1582; x_wconf 86' lang='lat' dir='ltr'><strong>ita</strong></span> <span class='ocrx_word' id='word_1_467' title='bbox 3029 1530 3335 1588; x_wconf 74' lang='lat' dir='ltr'><strong>lant-earum</strong></span> 
     </span>
    </p>
   </div>
   <div class='ocr_carea' id='block_1_61' title="bbox 1734 1605 3339 1691">
    <p class='ocr_par' dir='ltr' id='par_1_61' title="bbox 1734 1605 3339 1691">
     <span class='ocr_line' id='line_1_61' title="bbox 1734 1605 3339 1691; baseline 0.012 -32"><span class='ocrx_word' id='word_1_468' title='bbox 1734 1605 2103 1660; x_wconf 88' lang='lat' dir='ltr'><strong>.multitudine</strong></span> <span class='ocrx_word' id='word_1_469' title='bbox 2148 1608 2436 1673; x_wconf 86' lang='lat' dir='ltr'><strong>sauciatur,</strong></span> <span class='ocrx_word' id='word_1_470' title='bbox 2481 1621 2537 1665; x_wconf 89' lang='lat' dir='ltr'><strong>nt</strong></span> <span class='ocrx_word' id='word_1_471' title='bbox 2582 1614 2774 1670; x_wconf 82' lang='lat' dir='ltr'><strong>defixis</strong></span> <span class='ocrx_word' id='word_1_472' title='bbox 2818 1618 2869 1671; x_wconf 92' lang='lat' dir='ltr'><strong>in</strong></span> <span class='ocrx_word' id='word_1_473' title='bbox 2918 1618 3173 1676; x_wconf 86' lang='lat' dir='ltr'><strong>lateribus</strong></span> <span class='ocrx_word' id='word_1_474' title='bbox 3222 1625 3339 1691; x_wconf 84' lang='lat' dir='ltr'><strong>ejus</strong></span> 
     </span>
    </p>
   </div>
   <div class='ocr_carea' id='block_1_62' title="bbox 1766 1695 3338 1772">
    <p class='ocr_par' dir='ltr' id='par_1_62' title="bbox 1766 1695 3338 1772">
     <span class='ocr_line' id='line_1_62' title="bbox 1766 1695 3338 1772; baseline 0.016 -26"><span class='ocrx_word' id='word_1_475' title='bbox 1766 1695 2004 1762; x_wconf 83' lang='lat' dir='ltr'><strong>spiculis,</strong></span> <span class='ocrx_word' id='word_1_476' title='bbox 2031 1708 2085 1750; x_wconf 88' lang='lat' dir='ltr'><strong>et</strong></span> <span class='ocrx_word' id='word_1_477' title='bbox 2107 1701 2534 1755; x_wconf 77' lang='lat' dir='ltr'><strong>sustentantilius</strong></span> <span class='ocrx_word' id='word_1_478' title='bbox 2560 1702 2862 1772; x_wconf 87' lang='lat' dir='ltr'><strong>hastilibus,</strong></span> <span class='ocrx_word' id='word_1_479' title='bbox 2886 1709 2948 1762; x_wconf 88' lang='lat' dir='ltr'><strong>ad</strong></span> <span class='ocrx_word' id='word_1_480' title='bbox 2970 1717 3164 1765; x_wconf 89' lang='lat' dir='ltr'><strong>terram</strong></span> <span class='ocrx_word' id='word_1_481' title='bbox 3182 1728 3338 1771; x_wconf 82' lang='lat' dir='ltr'><strong>ruere</strong></span> 
     </span>
    </p>
   </div>
   <div class='ocr_carea' id='block_1_63' title="bbox 1693 1787 3335 1872">
    <p class='ocr_par' dir='ltr' id='par_1_63' title="bbox 1693 1787 3335 1872">
     <span class='ocr_line' id='line_1_63' title="bbox 1693 1787 3335 1872; baseline 0.015 -38"><span class='ocrx_word' id='word_1_482' title='bbox 1693 1796 1740 1856; x_wconf 70' lang='grc' dir='ltr'><em>Β</em></span> <span class='ocrx_word' id='word_1_483' title='bbox 1767 1801 1869 1837; x_wconf 86' lang='grc' dir='ltr'>ιιυιι</span> <span class='ocrx_word' id='word_1_484' title='bbox 1900 1796 2099 1852; x_wconf 87' lang='lat' dir='ltr'><strong>posset.</strong></span> <span class='ocrx_word' id='word_1_485' title='bbox 2128 1787 2623 1848; x_wconf 78' lang='lat' dir='ltr'><strong>lnterfecti’suntet</strong></span> <span class='ocrx_word' id='word_1_486' title='bbox 2650 1799 2799 1864; x_wconf 87' lang='lat' dir='ltr'><strong>pauci</strong></span> <span class='ocrx_word' id='word_1_487' title='bbox 2825 1800 3054 1867; x_wconf 85' lang='lat' dir='ltr'><strong>quicum</strong></span> <span class='ocrx_word' id='word_1_488' title='bbox 3079 1818 3145 1857; x_wconf 92' lang='lat' dir='ltr'><strong>eo</strong></span> <span class='ocrx_word' id='word_1_489' title='bbox 3160 1816 3335 1872; x_wconf 83' lang='lat' dir='ltr'><strong>erant,</strong></span> 
     </span>
    </p>
   </div>
   <div class='ocr_carea' id='block_1_64' title="bbox 1763 1876 3334 1957">
    <p class='ocr_par' dir='ltr' id='par_1_64' title="bbox 1763 1876 3334 1957">
     <span class='ocr_line' id='line_1_64' title="bbox 1763 1876 3334 1957; baseline 0.015 -30"><span class='ocrx_word' id='word_1_490' title='bbox 1763 1876 2102 1944; x_wconf 83' lang='lat' dir='ltr'><strong>expositique</strong></span> <span class='ocrx_word' id='word_1_491' title='bbox 2133 1878 2183 1931; x_wconf 89' lang='lat' dir='ltr'><strong>in</strong></span> <span class='ocrx_word' id='word_1_492' title='bbox 2212 1891 2408 1949; x_wconf 87' lang='lat' dir='ltr'><strong>campo</strong></span> <span class='ocrx_word' id='word_1_493' title='bbox 2452 1883 2632 1938; x_wconf 90' lang='lat' dir='ltr'><strong>simul.</strong></span> <span class='ocrx_word' id='word_1_494' title='bbox 2676 1885 2781 1941; x_wconf 87' lang='lat' dir='ltr'><strong>Pro</strong></span> <span class='ocrx_word' id='word_1_495' title='bbox 2812 1889 3003 1957; x_wconf 84' lang='lat' dir='ltr'><strong>quibus</strong></span> <span class='ocrx_word' id='word_1_496' title='bbox 3030 1893 3115 1946; x_wconf 87' lang='lat' dir='ltr'><strong>vix</strong></span> <span class='ocrx_word' id='word_1_497' title='bbox 3144 1895 3334 1950; x_wconf 83' lang='lat' dir='ltr'><strong>obten-</strong></span> 
     </span>
    </p>
   </div>
   <div class='ocr_carea' id='block_1_65' title="bbox 1764 1968 3336 2041">
    <p class='ocr_par' dir='ltr' id='par_1_65' title="bbox 1764 1968 3336 2041">
     <span class='ocr_line' id='line_1_65' title="bbox 1764 1968 3336 2041; baseline 0.015 -24"><span class='ocrx_word' id='word_1_498' title='bbox 1764 1975 1874 2019; x_wconf 86' lang='lat' dir='ltr'><strong>tum</strong></span> <span class='ocrx_word' id='word_1_499' title='bbox 1920 1968 2018 2022; x_wconf 88' lang='lat' dir='ltr'><strong>fuit</strong></span> <span class='ocrx_word' id='word_1_500' title='bbox 2064 1985 2185 2024; x_wconf 90' lang='lat' dir='ltr'><strong>cum</strong></span> <span class='ocrx_word' id='word_1_501' title='bbox 2216 1974 2571 2041; x_wconf 79' lang='lat' dir='ltr'><strong>principibus,</strong></span> <span class='ocrx_word' id='word_1_502' title='bbox 2615 1988 2673 2030; x_wconf 93' lang='lat' dir='ltr'><strong>ut</strong></span> <span class='ocrx_word' id='word_1_503' title='bbox 2704 1988 2860 2034; x_wconf 67' lang='lat' dir='ltr'><strong>terra:</strong></span> <span class='ocrx_word' id='word_1_504' title='bbox 2892 1985 3336 2041; x_wconf 60' lang='lat' dir='ltr'><strong>reconilerentur.</strong></span> 
     </span>
    </p>
   </div>
   <div class='ocr_carea' id='block_1_66' title="bbox 1765 2056 3334 2145">
    <p class='ocr_par' dir='ltr' id='par_1_66' title="bbox 1765 2056 3334 2145">
     <span class='ocr_line' id='line_1_66' title="bbox 1765 2056 3334 2145; baseline 0.015 -36"><span class='ocrx_word' id='word_1_505' title='bbox 1765 2056 1883 2111; x_wconf 76' lang='lat' dir='ltr'><strong>Fuit</strong></span> <span class='ocrx_word' id='word_1_506' title='bbox 1908 2067 2087 2114; x_wconf 90' lang='lat' dir='ltr'><strong>autem</strong></span> <span class='ocrx_word' id='word_1_507' title='bbox 2112 2061 2199 2116; x_wconf 78' lang='lat' dir='ltr'><strong>hic</strong></span> <span class='ocrx_word' id='word_1_508' title='bbox 2226 2062 2281 2116; x_wconf 92' lang='lat' dir='ltr'><strong>in</strong></span> <span class='ocrx_word' id='word_1_509' title='bbox 2307 2074 2427 2145; x_wconf 85' lang='lat' dir='ltr'><strong>actu</strong></span> <span class='ocrx_word' id='word_1_510' title='bbox 2458 2065 2609 2132; x_wconf 85' lang='lat' dir='ltr'><strong>levis,</strong></span> <span class='ocrx_word' id='word_1_511' title='bbox 2634 2071 2867 2127; x_wconf 73' lang='lat' dir='ltr'><strong>avaritia:</strong></span> <span class='ocrx_word' id='word_1_512' title='bbox 2891 2075 3129 2140; x_wconf 87' lang='lat' dir='ltr'><strong>inhians,</strong></span> <span class='ocrx_word' id='word_1_513' title='bbox 3156 2093 3334 2132; x_wconf 82' lang='lat' dir='ltr'><strong>rerum</strong></span> 
     </span>
    </p>
   </div>
   <div class='ocr_carea' id='block_1_67' title="bbox 1761 2150 3336 2234">
    <p class='ocr_par' dir='ltr' id='par_1_67' title="bbox 1761 2150 3336 2234">
     <span class='ocr_line' id='line_1_67' title="bbox 1761 2150 3336 2234; baseline 0.017 -33"><span class='ocrx_word' id='word_1_514' title='bbox 1761 2150 2052 2204; x_wconf 89' lang='lat' dir='ltr'><strong>alienarum</strong></span> <span class='ocrx_word' id='word_1_515' title='bbox 2082 2153 2217 2207; x_wconf 86' lang='lat' dir='ltr'><strong>ultra</strong></span> <span class='ocrx_word' id='word_1_516' title='bbox 2249 2156 2464 2210; x_wconf 85' lang='lat' dir='ltr'><strong>modum</strong></span> <span class='ocrx_word' id='word_1_517' title='bbox 2490 2160 2735 2223; x_wconf 81' lang='lat' dir='ltr'><strong>cupidus,</strong></span> <span class='ocrx_word' id='word_1_518' title='bbox 2767 2164 3017 2219; x_wconf 87' lang='lat' dir='ltr'><strong>omnibus</strong></span> <span class='ocrx_word' id='word_1_519' title='bbox 3039 2165 3247 2234; x_wconf 85' lang='lat' dir='ltr'><strong>jurans,</strong></span> <span class='ocrx_word' id='word_1_520' title='bbox 3280 2180 3336 2226; x_wconf 84' lang='lat' dir='ltr'><strong>et</strong></span> 
     </span>
    </p>
   </div>
   <div class='ocr_carea' id='block_1_68' title="bbox 1764 2242 3337 2324">
    <p class='ocr_par' dir='ltr' id='par_1_68' title="bbox 1764 2242 3337 2324">
     <span class='ocr_line' id='line_1_68' title="bbox 1764 2242 3337 2324; baseline 0.013 -29"><span class='ocrx_word' id='word_1_521' title='bbox 1764 2242 1892 2295; x_wconf 82' lang='lat' dir='ltr'><strong>nulli</strong></span> <span class='ocrx_word' id='word_1_522' title='bbox 1921 2244 2179 2310; x_wconf 87' lang='lat' dir='ltr'><strong>promissa</strong></span> <span class='ocrx_word' id='word_1_523' title='bbox 2202 2245 2518 2315; x_wconf 89' lang='lat' dir='ltr'><strong>adimplens.</strong></span> <span class='ocrx_word' id='word_1_524' title='bbox 2549 2248 2694 2305; x_wconf 84' lang='lat' dir='ltr'><strong>Uxor</strong></span> <span class='ocrx_word' id='word_1_525' title='bbox 2714 2262 2891 2308; x_wconf 90' lang='lat' dir='ltr'><strong>autem</strong></span> <span class='ocrx_word' id='word_1_526' title='bbox 2920 2256 3036 2324; x_wconf 91' lang='lat' dir='ltr'><strong>ejus</strong></span> <span class='ocrx_word' id='word_1_527' title='bbox 3067 2272 3187 2311; x_wconf 90' lang='lat' dir='ltr'><strong>cum</strong></span> <span class='ocrx_word' id='word_1_528' title='bbox 3210 2259 3337 2315; x_wconf 68' lang='lat' dir='ltr'><strong>{ibis</strong></span> 
     </span>
    </p>
   </div>
   <div class='ocr_carea' id='block_1_69' title="bbox 1765 2334 3339 2408">
    <p class='ocr_par' dir='ltr' id='par_1_69' title="bbox 1765 2334 3339 2408">
     <span class='ocr_line' id='line_1_69' title="bbox 1765 2334 3339 2408; baseline 0.012 -21"><span class='ocrx_word' id='word_1_529' title='bbox 1765 2334 1962 2389; x_wconf 83' lang='lat' dir='ltr'><strong>exsilio</strong></span> <span class='ocrx_word' id='word_1_530' title='bbox 1992 2335 2112 2391; x_wconf 79' lang='lat' dir='ltr'><strong>data</strong></span> <span class='ocrx_word' id='word_1_531' title='bbox 2146 2346 2247 2405; x_wconf 88' lang='lat' dir='ltr'><strong>est,</strong></span> <span class='ocrx_word' id='word_1_532' title='bbox 2282 2353 2470 2408; x_wconf 86' lang='lat' dir='ltr'><strong>resque</strong></span> <span class='ocrx_word' id='word_1_533' title='bbox 2492 2339 2632 2395; x_wconf 80' lang='lat' dir='ltr'><strong>illius</strong></span> <span class='ocrx_word' id='word_1_534' title='bbox 2660 2342 2786 2397; x_wconf 86' lang='lat' dir='ltr'><strong>fisco</strong></span> <span class='ocrx_word' id='word_1_535' title='bbox 2806 2344 3014 2401; x_wconf 79' lang='lat' dir='ltr'><strong>collatae</strong></span> <span class='ocrx_word' id='word_1_536' title='bbox 3043 2359 3188 2404; x_wconf 90' lang='lat' dir='ltr'><strong>sunt.</strong></span> <span class='ocrx_word' id='word_1_537' title='bbox 3208 2350 3339 2406; x_wconf 82' lang='lat' dir='ltr'><strong>Mul-</strong></span> 
     </span>
    </p>
   </div>
   <div class='ocr_carea' id='block_1_70' title="bbox 1767 2425 3432 2508">
    <p class='ocr_par' dir='ltr' id='par_1_70' title="bbox 1767 2425 3432 2508">
     <span class='ocr_line' id='line_1_70' title="bbox 1767 2425 3432 2508; baseline 0.012 -31"><span class='ocrx_word' id='word_1_538' title='bbox 1767 2425 1936 2478; x_wconf 77' lang='lat' dir='ltr'><strong>titudo</strong></span> <span class='ocrx_word' id='word_1_539' title='bbox 1963 2437 2140 2481; x_wconf 89' lang='lat' dir='ltr'><strong>autem</strong></span> <span class='ocrx_word' id='word_1_540' title='bbox 2170 2430 2286 2482; x_wconf 89' lang='lat' dir='ltr'><strong>auri</strong></span> <span class='ocrx_word' id='word_1_541' title='bbox 2327 2432 2639 2501; x_wconf 81' lang='lat' dir='ltr'><strong>argentique</strong></span> <span class='ocrx_word' id='word_1_542' title='bbox 2667 2448 2731 2488; x_wconf 91' lang='lat' dir='ltr'><strong>ac</strong></span> <span class='ocrx_word' id='word_1_543' title='bbox 2757 2434 3089 2492; x_wconf 79' lang='lat' dir='ltr'><strong>diversarum</strong></span> <span class='ocrx_word' id='word_1_544' title='bbox 3120 2443 3334 2508; x_wconf 82' lang='lat' dir='ltr'><strong>specie-</strong></span> <span class='ocrx_word' id='word_1_545' title='bbox 3424 2464 3432 2472; x_wconf 87' lang='lat'><strong>-</strong></span> 
     </span>
    </p>
   </div>
   <div class='ocr_carea' id='block_1_71' title="bbox 1763 2518 3337 2601">
    <p class='ocr_par' dir='ltr' id='par_1_71' title="bbox 1763 2518 3337 2601">
     <span class='ocr_line' id='line_1_71' title="bbox 1763 2518 3337 2601; baseline 0.01 -31"><span class='ocrx_word' id='word_1_546' title='bbox 1763 2534 1880 2570; x_wconf 88' lang='lat' dir='ltr'><strong>rum</strong></span> <span class='ocrx_word' id='word_1_547' title='bbox 1916 2518 1967 2571; x_wconf 89' lang='lat' dir='ltr'><strong>in</strong></span> <span class='ocrx_word' id='word_1_548' title='bbox 2006 2518 2123 2589; x_wconf 85' lang='lat' dir='ltr'><strong>ejus</strong></span> <span class='ocrx_word' id='word_1_549' title='bbox 2166 2521 2391 2590; x_wconf 85' lang='lat' dir='ltr'><strong>regestis</strong></span> <span class='ocrx_word' id='word_1_550' title='bbox 2441 2539 2649 2592; x_wconf 89' lang='lat' dir='ltr'><strong>reperta</strong></span> <span class='ocrx_word' id='word_1_551' title='bbox 2690 2537 2792 2580; x_wconf 91' lang='lat' dir='ltr'><strong>est.</strong></span> <span class='ocrx_word' id='word_1_552' title='bbox 2837 2528 2943 2583; x_wconf 91' lang='lat' dir='ltr'><strong>Sed</strong></span> <span class='ocrx_word' id='word_1_553' title='bbox 2997 2538 3051 2583; x_wconf 90' lang='lat' dir='ltr'><strong>et</strong></span> <span class='ocrx_word' id='word_1_554' title='bbox 3092 2545 3214 2601; x_wconf 74' lang='lat' dir='ltr'><strong>qua:</strong></span> <span class='ocrx_word' id='word_1_555' title='bbox 3238 2535 3337 2586; x_wconf 85' lang='lat' dir='ltr'><strong>sub</strong></span> 
     </span>
    </p>
   </div>
   <div class='ocr_carea' id='block_1_72' title="bbox 1764 2612 3338 2687">
    <p class='ocr_par' dir='ltr' id='par_1_72' title="bbox 1764 2612 3338 2687">
     <span class='ocr_line' id='line_1_72' title="bbox 1764 2612 3338 2687; baseline 0.01 -25"><span class='ocrx_word' id='word_1_556' title='bbox 1764 2616 1906 2663; x_wconf 85' lang='lat' dir='ltr'><strong>terra</strong></span> <span class='ocrx_word' id='word_1_557' title='bbox 1933 2612 2307 2678; x_wconf 70' lang='lat' dir='ltr'><strong>absconderat,</strong></span> <span class='ocrx_word' id='word_1_558' title='bbox 2338 2614 2650 2670; x_wconf 87' lang='lat' dir='ltr'><strong>stimulante</strong></span> <span class='ocrx_word' id='word_1_559' title='bbox 2681 2619 3009 2674; x_wconf 66' lang='lat' dir='ltr'><strong>consecutio</strong></span> <span class='ocrx_word' id='word_1_560' title='bbox 3039 2621 3338 2687; x_wconf 80' lang='lat' dir='ltr'><strong>iniquitatis</strong></span> 
     </span>
    </p>
   </div>
   <div class='ocr_carea' id='block_1_73' title="bbox 1763 2705 3338 2779">
    <p class='ocr_par' dir='ltr' id='par_1_73' title="bbox 1763 2705 3338 2779">
     <span class='ocr_line' id='line_1_73' title="bbox 1763 2705 3338 2779; baseline 0.008 -24"><span class='ocrx_word' id='word_1_561' title='bbox 1763 2716 1895 2768; x_wconf 72' lang='lat' dir='ltr'><strong>sne,</strong></span> <span class='ocrx_word' id='word_1_562' title='bbox 1929 2718 2033 2758; x_wconf 86' lang='lat' dir='ltr'><strong>non</strong></span> <span class='ocrx_word' id='word_1_563' title='bbox 2059 2705 2343 2759; x_wconf 90' lang='lat' dir='ltr'><strong>latuerunt.</strong></span> <span class='ocrx_word' id='word_1_564' title='bbox 2368 2706 2563 2761; x_wconf 76' lang='lat' dir='ltr'><strong>Ariolis</strong></span> <span class='ocrx_word' id='word_1_565' title='bbox 2588 2722 2650 2763; x_wconf 86' lang='lat' dir='ltr'><strong>ac</strong></span> <span class='ocrx_word' id='word_1_566' title='bbox 2675 2711 2911 2764; x_wconf 87' lang='lat' dir='ltr'><strong>sortibus</strong></span> <span class='ocrx_word' id='word_1_567' title='bbox 2932 2713 3128 2779; x_wconf 66' lang='lat' dir='ltr'><strong>saepius</strong></span> <span class='ocrx_word' id='word_1_568' title='bbox 3159 2714 3338 2768; x_wconf 84' lang='lat' dir='ltr'><strong>uteba-</strong></span> 
     </span>
    </p>
   </div>
   <div class='ocr_carea' id='block_1_74' title="bbox 1766 2795 3341 2874">
    <p class='ocr_par' dir='ltr' id='par_1_74' title="bbox 1766 2795 3341 2874">
     <span class='ocr_line' id='line_1_74' title="bbox 1766 2795 3341 2874; baseline 0.006 -27"><span class='ocrx_word' id='word_1_569' title='bbox 1766 2802 1873 2859; x_wconf 89' lang='lat' dir='ltr'><strong>tur,</strong></span> <span class='ocrx_word' id='word_1_570' title='bbox 1909 2810 1972 2848; x_wconf 90' lang='lat' dir='ltr'><strong>ex</strong></span> <span class='ocrx_word' id='word_1_571' title='bbox 2002 2795 2194 2861; x_wconf 77' lang='lat' dir='ltr'><strong>quibus</strong></span> <span class='ocrx_word' id='word_1_572' title='bbox 2220 2795 2394 2849; x_wconf 89' lang='lat' dir='ltr'><strong>futura</strong></span> <span class='ocrx_word' id='word_1_573' title='bbox 2425 2812 2752 2866; x_wconf 87' lang='lat' dir='ltr'><strong>cognoscere</strong></span> <span class='ocrx_word' id='word_1_574' title='bbox 2772 2802 3031 2874; x_wconf 73' lang='lat' dir='ltr'><strong>cupiens,</strong></span> <span class='ocrx_word' id='word_1_575' title='bbox 3075 2805 3341 2857; x_wconf 86' lang='lat' dir='ltr'><strong>remansit</strong></span> 
     </span>
    </p>
   </div>
   <div class='ocr_carea' id='block_1_75' title="bbox 1765 2886 1973 2939">
    <p class='ocr_par' dir='ltr' id='par_1_75' title="bbox 1765 2886 1973 2939">
     <span class='ocr_line' id='line_1_75' title="bbox 1765 2886 1973 2939; baseline -0.005 0"><span class='ocrx_word' id='word_1_576' title='bbox 1765 2886 1973 2939; x_wconf 86' lang='lat' dir='ltr'><strong>illusus.</strong></span> 
     </span>
    </p>
   </div>
   <div class='ocr_carea' id='block_1_76' title="bbox 1837 2973 3339 3048">
    <p class='ocr_par' dir='ltr' id='par_1_76' title="bbox 1837 2973 3339 3048">
     <span class='ocr_line' id='line_1_76' title="bbox 1837 2973 3339 3048; baseline 0.006 -20"><span class='ocrx_word' id='word_1_577' title='bbox 1837 2974 1930 3028; x_wconf 78' lang='lat' dir='ltr'><strong>XI.</strong></span> <span class='ocrx_word' id='word_1_578' title='bbox 1964 2973 2071 3027; x_wconf 81' lang='lat' dir='ltr'><strong>Rex</strong></span> <span class='ocrx_word' id='word_1_579' title='bbox 2100 2989 2229 3029; x_wconf 88' lang='lat' dir='ltr'><strong>vero</strong></span> <span class='ocrx_word' id='word_1_580' title='bbox 2269 2975 2702 3029; x_wconf 84' lang='lat' dir='ltr'><strong>Guntcbramnus</strong></span> <span class='ocrx_word' id='word_1_581' title='bbox 2744 2992 2868 3030; x_wconf 82' lang='lat' dir='ltr'><strong>cum</strong></span> <span class='ocrx_word' id='word_1_582' title='bbox 2918 2988 3111 3048; x_wconf 89' lang='lat' dir='ltr'><strong>nepote</strong></span> <span class='ocrx_word' id='word_1_583' title='bbox 3149 2995 3248 3035; x_wconf 90' lang='lat' dir='ltr'><strong>suo</strong></span> <span class='ocrx_word' id='word_1_584' title='bbox 3274 2997 3339 3037; x_wconf 87' lang='lat' dir='ltr'><strong>ac</strong></span> 
     </span>
    </p>
   </div>
   <div class='ocr_carea' id='block_1_77' title="bbox 1765 3065 3337 3138">
    <p class='ocr_par' dir='ltr' id='par_1_77' title="bbox 1765 3065 3337 3138">
     <span class='ocr_line' id='line_1_77' title="bbox 1765 3065 3337 3138; baseline 0.005 -19"><span class='ocrx_word' id='word_1_585' title='bbox 1765 3066 1966 3133; x_wconf 84' lang='lat' dir='ltr'><strong>reginis</strong></span> <span class='ocrx_word' id='word_1_586' title='bbox 1984 3079 2167 3134; x_wconf 87' lang='lat' dir='ltr'><strong>pacem</strong></span> <span class='ocrx_word' id='word_1_587' title='bbox 2193 3065 2439 3129; x_wconf 86' lang='lat' dir='ltr'><strong>firmavit,</strong></span> <span class='ocrx_word' id='word_1_588' title='bbox 2475 3067 2612 3121; x_wconf 86' lang='lat' dir='ltr'><strong>datis</strong></span> <span class='ocrx_word' id='word_1_589' title='bbox 2632 3068 2731 3121; x_wconf 84' lang='lat' dir='ltr'><strong>sibi</strong></span> <span class='ocrx_word' id='word_1_590' title='bbox 2752 3069 2980 3123; x_wconf 48' lang='lat' dir='ltr'><strong>iuvit-em</strong></span> <span class='ocrx_word' id='word_1_591' title='bbox 3005 3072 3337 3138; x_wconf 83' lang='lat' dir='ltr'><strong>muneribus,</strong></span> 
     </span>
    </p>
   </div>
   <div class='ocr_carea' id='block_1_78' title="bbox 1693 3148 3338 3230">
    <p class='ocr_par' dir='ltr' id='par_1_78' title="bbox 1693 3148 3338 3230">
     <span class='ocr_line' id='line_1_78' title="bbox 1693 3148 3338 3230; baseline 0.007 -23"><span class='ocrx_word' id='word_1_592' title='bbox 1693 3148 1742 3213; x_wconf 83' lang='lat' dir='ltr'><strong><em>C</em></strong></span> <span class='ocrx_word' id='word_1_593' title='bbox 1772 3170 1836 3208; x_wconf 88' lang='lat' dir='ltr'><strong>ac</strong></span> <span class='ocrx_word' id='word_1_594' title='bbox 1884 3156 2135 3209; x_wconf 85' lang='lat' dir='ltr'><strong>stabilitis</strong></span> <span class='ocrx_word' id='word_1_595' title='bbox 2175 3158 2353 3210; x_wconf 86' lang='lat' dir='ltr'><strong>causis</strong></span> <span class='ocrx_word' id='word_1_596' title='bbox 2399 3158 2653 3223; x_wconf 86' lang='lat' dir='ltr'><strong>publicis,</strong></span> <span class='ocrx_word' id='word_1_597' title='bbox 2694 3159 2893 3227; x_wconf 88' lang='lat' dir='ltr'><strong>epulati</strong></span> <span class='ocrx_word' id='word_1_598' title='bbox 2944 3169 3071 3214; x_wconf 85' lang='lat' dir='ltr'><strong>sunt</strong></span> <span class='ocrx_word' id='word_1_599' title='bbox 3118 3164 3338 3230; x_wconf 90' lang='lat' dir='ltr'><strong>pariter.</strong></span> 
     </span>
    </p>
   </div>
   <div class='ocr_carea' id='block_1_79' title="bbox 1771 3246 3342 3321">
    <p class='ocr_par' dir='ltr' id='par_1_79' title="bbox 1771 3246 3342 3321">
     <span class='ocr_line' id='line_1_79' title="bbox 1771 3246 3342 3321; baseline 0.005 -21"><span class='ocrx_word' id='word_1_600' title='bbox 1771 3246 2043 3300; x_wconf 85' lang='lat' dir='ltr'><strong>Laudabat</strong></span> <span class='ocrx_word' id='word_1_601' title='bbox 2073 3247 2214 3300; x_wconf 91' lang='lat' dir='ltr'><strong>enim</strong></span> <span class='ocrx_word' id='word_1_602' title='bbox 2241 3247 2521 3301; x_wconf 82' lang='lat' dir='ltr'><strong>Dominum</strong></span> <span class='ocrx_word' id='word_1_603' title='bbox 2551 3248 2657 3321; x_wconf 79' lang='lat' dir='ltr'><strong>[AL</strong></span> <span class='ocrx_word' id='word_1_604' title='bbox 2694 3248 2879 3320; x_wconf 81' lang='lat' dir='ltr'><strong>Deum]</strong></span> <span class='ocrx_word' id='word_1_605' title='bbox 2910 3249 3342 3308; x_wconf 82' lang='lat' dir='ltr'><strong>Guntchramnus</strong></span> 
     </span>
    </p>
   </div>
   <div class='ocr_carea' id='block_1_80' title="bbox 1772 3339 3340 3411">
    <p class='ocr_par' dir='ltr' id='par_1_80' title="bbox 1772 3339 3340 3411">
     <span class='ocr_line' id='line_1_80' title="bbox 1772 3339 3340 3411; baseline 0.003 -18"><span class='ocrx_word' id='word_1_606' title='bbox 1772 3353 1864 3393; x_wconf 84' lang='lat' dir='ltr'><strong>rex</strong></span> <span class='ocrx_word' id='word_1_607' title='bbox 1888 3379 1902 3403; x_wconf 91' lang='lat'><strong>,</strong></span> <span class='ocrx_word' id='word_1_608' title='bbox 1929 3339 2117 3394; x_wconf 90' lang='lat' dir='ltr'><strong>dicens</strong></span> <span class='ocrx_word' id='word_1_609' title='bbox 2145 3355 2160 3392; x_wconf 88' lang='lat'><strong>:</strong></span> <span class='ocrx_word' id='word_1_610' title='bbox 2194 3339 2387 3392; x_wconf 74' lang='lat' dir='ltr'><strong>Refero</strong></span> <span class='ocrx_word' id='word_1_611' title='bbox 2419 3341 2513 3394; x_wconf 90' lang='lat' dir='ltr'><strong>tibi</strong></span> <span class='ocrx_word' id='word_1_612' title='bbox 2546 3343 2810 3395; x_wconf 88' lang='lat' dir='ltr'><strong>maximas</strong></span> <span class='ocrx_word' id='word_1_613' title='bbox 2837 3341 3034 3411; x_wconf 68' lang='lat' dir='ltr'><strong>gratias</strong></span> <span class='ocrx_word' id='word_1_614' title='bbox 3054 3380 3070 3407; x_wconf 89' lang='lat'><strong>,</strong></span> <span class='ocrx_word' id='word_1_615' title='bbox 3100 3346 3340 3411; x_wconf 64' lang='lat' dir='ltr'><strong>oninipoo</strong></span> 
     </span>
    </p>
   </div>
   <div class='ocr_carea' id='block_1_81' title="bbox 1773 3429 3346 3499">
    <p class='ocr_par' dir='ltr' id='par_1_81' title="bbox 1773 3429 3346 3499">
     <span class='ocr_line' id='line_1_81' title="bbox 1773 3429 3346 3499; baseline 0.004 -17"><span class='ocrx_word' id='word_1_616' title='bbox 1773 3436 1890 3482; x_wconf 86' lang='lat' dir='ltr'><strong>tcns</strong></span> <span class='ocrx_word' id='word_1_617' title='bbox 1915 3429 2075 3493; x_wconf 84' lang='lat' dir='ltr'><strong>Deus,</strong></span> <span class='ocrx_word' id='word_1_618' title='bbox 2105 3429 2193 3497; x_wconf 89' lang='lat' dir='ltr'><strong>qui</strong></span> <span class='ocrx_word' id='word_1_619' title='bbox 2223 3430 2350 3483; x_wconf 82' lang='lat' dir='ltr'><strong>milii</strong></span> <span class='ocrx_word' id='word_1_620' title='bbox 2376 3429 2665 3499; x_wconf 66' lang='lat' dir='ltr'><strong>praestitisti</strong></span> <span class='ocrx_word' id='word_1_621' title='bbox 2697 3440 2753 3485; x_wconf 83' lang='lat' dir='ltr'><strong>ut</strong></span> <span class='ocrx_word' id='word_1_622' title='bbox 2775 3432 2954 3485; x_wconf 86' lang='lat' dir='ltr'><strong>videre</strong></span> <span class='ocrx_word' id='word_1_623' title='bbox 2978 3447 3184 3488; x_wconf 87' lang='lat' dir='ltr'><strong>merear</strong></span> <span class='ocrx_word' id='word_1_624' title='bbox 3206 3433 3346 3489; x_wconf 77' lang='lat' dir='ltr'><strong>filios</strong></span> 
     </span>
    </p>
   </div>
   <div class='ocr_carea' id='block_1_82' title="bbox 1770 3520 3325 3595">
    <p class='ocr_par' dir='ltr' id='par_1_82' title="bbox 1770 3520 3325 3595">
     <span class='ocr_line' id='line_1_82' title="bbox 1770 3520 3325 3595; baseline 0.005 -21"><span class='ocrx_word' id='word_1_625' title='bbox 1770 3521 1841 3574; x_wconf 87' lang='lat' dir='ltr'><strong>de</strong></span> <span class='ocrx_word' id='word_1_626' title='bbox 1871 3521 1979 3575; x_wconf 90' lang='lat' dir='ltr'><strong>filio</strong></span> <span class='ocrx_word' id='word_1_627' title='bbox 2009 3537 2130 3575; x_wconf 86' lang='lat' dir='ltr'><strong>meo</strong></span> <span class='ocrx_word' id='word_1_628' title='bbox 2152 3520 2514 3575; x_wconf 81' lang='lat' dir='ltr'><strong>Cliildeberto.</strong></span> <span class='ocrx_word' id='word_1_629' title='bbox 2549 3521 2702 3577; x_wconf 87' lang='lat' dir='ltr'><strong>Unde</strong></span> <span class='ocrx_word' id='word_1_630' title='bbox 2729 3538 2832 3576; x_wconf 87' lang='lat' dir='ltr'><strong>noo</strong></span> <span class='ocrx_word' id='word_1_631' title='bbox 2868 3539 2953 3576; x_wconf 91' lang='lat' dir='ltr'><strong>me</strong></span> <span class='ocrx_word' id='word_1_632' title='bbox 2980 3534 3107 3592; x_wconf 82' lang='lat' dir='ltr'><strong>puto</strong></span> <span class='ocrx_word' id='word_1_633' title='bbox 3148 3539 3325 3595; x_wconf 86' lang='lat' dir='ltr'><strong>usque-</strong></span> 
     </span>
    </p>
   </div>
   <div class='ocr_carea' id='block_1_83' title="bbox 1774 3612 3347 3683">
    <p class='ocr_par' dir='ltr' id='par_1_83' title="bbox 1774 3612 3347 3683">
     <span class='ocr_line' id='line_1_83' title="bbox 1774 3612 3347 3683; baseline 0.003 -19"><span class='ocrx_word' id='word_1_634' title='bbox 1774 3627 1982 3680; x_wconf 87' lang='lat' dir='ltr'><strong>quaque</strong></span> <span class='ocrx_word' id='word_1_635' title='bbox 2009 3625 2039 3664; x_wconf 91' lang='lat' dir='ltr'><strong>a</strong></span> <span class='ocrx_word' id='word_1_636' title='bbox 2067 3623 2153 3665; x_wconf 88' lang='lat' dir='ltr'><strong>tua</strong></span> <span class='ocrx_word' id='word_1_637' title='bbox 2177 3612 2449 3680; x_wconf 82' lang='lat' dir='ltr'><strong>Majestate</strong></span> <span class='ocrx_word' id='word_1_638' title='bbox 2471 3612 2710 3666; x_wconf 84' lang='lat' dir='ltr'><strong>relicmm</strong></span> <span class='ocrx_word' id='word_1_639' title='bbox 2729 3653 2745 3677; x_wconf 93' lang='lat'><strong>,</strong></span> <span class='ocrx_word' id='word_1_640' title='bbox 2774 3612 2862 3678; x_wconf 86' lang='lat' dir='ltr'><strong>qui</strong></span> <span class='ocrx_word' id='word_1_641' title='bbox 2896 3612 3027 3667; x_wconf 87' lang='lat' dir='ltr'><strong>milii</strong></span> <span class='ocrx_word' id='word_1_642' title='bbox 3051 3614 3163 3668; x_wconf 68' lang='lat' dir='ltr'><strong>base</strong></span> <span class='ocrx_word' id='word_1_643' title='bbox 3207 3630 3347 3683; x_wconf 73' lang='lat' dir='ltr'><strong>prin-</strong></span> 
     </span>
    </p>
   </div>
   <div class='ocr_carea' id='block_1_84' title="bbox 1778 3700 3345 3771">
    <p class='ocr_par' dir='ltr' id='par_1_84' title="bbox 1778 3700 3345 3771">
     <span class='ocr_line' id='line_1_84' title="bbox 1778 3700 3345 3771; baseline 0.003 -18"><span class='ocrx_word' id='word_1_644' title='bbox 1778 3700 1980 3767; x_wconf 87' lang='lat' dir='ltr'><strong>stitisti,</strong></span> <span class='ocrx_word' id='word_1_645' title='bbox 2014 3709 2073 3754; x_wconf 81' lang='lat' dir='ltr'><strong>ut</strong></span> <span class='ocrx_word' id='word_1_646' title='bbox 2096 3701 2303 3755; x_wconf 88' lang='lat' dir='ltr'><strong>videam</strong></span> <span class='ocrx_word' id='word_1_647' title='bbox 2336 3701 2471 3754; x_wconf 89' lang='lat' dir='ltr'><strong>filios</strong></span> <span class='ocrx_word' id='word_1_648' title='bbox 2502 3702 2594 3755; x_wconf 82' lang='lat' dir='ltr'><strong>filii</strong></span> <span class='ocrx_word' id='word_1_649' title='bbox 2622 3702 2751 3755; x_wconf 89' lang='lat' dir='ltr'><strong>mei.</strong></span> <span class='ocrx_word' id='word_1_650' title='bbox 2773 3703 2925 3755; x_wconf 85' lang='lat' dir='ltr'><strong>Tunc</strong></span> <span class='ocrx_word' id='word_1_651' title='bbox 2952 3702 3266 3771; x_wconf 84' lang='lat' dir='ltr'><strong>Dynamium</strong></span> <span class='ocrx_word' id='word_1_652' title='bbox 3289 3713 3345 3758; x_wconf 74' lang='lat' dir='ltr'><strong>et</strong></span> 
     </span>
    </p>
   </div>
   <div class='ocr_carea' id='block_1_85' title="bbox 1776 3790 3344 3860">
    <p class='ocr_par' dir='ltr' id='par_1_85' title="bbox 1776 3790 3344 3860">
     <span class='ocr_line' id='line_1_85' title="bbox 1776 3790 3344 3860; baseline 0.001 -15"><span class='ocrx_word' id='word_1_653' title='bbox 1776 3791 1980 3858; x_wconf 83' lang='lat' dir='ltr'><strong>Lupum</strong></span> <span class='ocrx_word' id='word_1_654' title='bbox 2030 3792 2218 3845; x_wconf 88' lang='lat' dir='ltr'><strong>ducem</strong></span> <span class='ocrx_word' id='word_1_655' title='bbox 2276 3790 2513 3845; x_wconf 86' lang='lat' dir='ltr'><strong>redditos</strong></span> <span class='ocrx_word' id='word_1_656' title='bbox 2562 3807 2656 3846; x_wconf 87' lang='lat' dir='ltr'><strong>rex</strong></span> <span class='ocrx_word' id='word_1_657' title='bbox 2698 3791 3069 3846; x_wconf 83' lang='lat' dir='ltr'><strong>Cliildebertus</strong></span> <span class='ocrx_word' id='word_1_658' title='bbox 3113 3793 3344 3860; x_wconf 86' lang='lat' dir='ltr'><strong>recepit,</strong></span> 
     </span>
    </p>
   </div>
   <div class='ocr_carea' id='block_1_86' title="bbox 1774 3880 3345 3949">
    <p class='ocr_par' dir='ltr' id='par_1_86' title="bbox 1774 3880 3345 3949">
     <span class='ocr_line' id='line_1_86' title="bbox 1774 3880 3345 3949; baseline 0.001 -15"><span class='ocrx_word' id='word_1_659' title='bbox 1774 3883 2070 3934; x_wconf 79' lang='lat' dir='ltr'><strong>Cadurcum</strong></span> <span class='ocrx_word' id='word_1_660' title='bbox 2120 3880 2445 3934; x_wconf 88' lang='lat' dir='ltr'><strong>Brunichildi</strong></span> <span class='ocrx_word' id='word_1_661' title='bbox 2492 3882 2689 3949; x_wconf 76' lang='lat' dir='ltr'><strong>regina:</strong></span> <span class='ocrx_word' id='word_1_662' title='bbox 2738 3880 2955 3936; x_wconf 90' lang='lat' dir='ltr'><strong>refudit.</strong></span> <span class='ocrx_word' id='word_1_663' title='bbox 3006 3882 3070 3935; x_wconf 87' lang='lat' dir='ltr'><strong>Et</strong></span> <span class='ocrx_word' id='word_1_664' title='bbox 3108 3883 3188 3936; x_wconf 82' lang='lat' dir='ltr'><strong>sic</strong></span> <span class='ocrx_word' id='word_1_665' title='bbox 3223 3895 3345 3935; x_wconf 86' lang='lat' dir='ltr'><strong>cum</strong></span> 
     </span>
    </p>
   </div>
   <div class='ocr_carea' id='block_1_87' title="bbox 1776 3970 3346 4042">
    <p class='ocr_par' dir='ltr' id='par_1_87' title="bbox 1776 3970 3346 4042">
     <span class='ocr_line' id='line_1_87' title="bbox 1776 3970 3346 4042; baseline 0.001 -18"><span class='ocrx_word' id='word_1_666' title='bbox 1776 3985 1909 4042; x_wconf 87' lang='lat' dir='ltr'><strong>pace</strong></span> <span class='ocrx_word' id='word_1_667' title='bbox 1930 3980 1989 4024; x_wconf 85' lang='lat' dir='ltr'><strong>et</strong></span> <span class='ocrx_word' id='word_1_668' title='bbox 2012 3970 2205 4039; x_wconf 82' lang='lat' dir='ltr'><strong>gaudio</strong></span> <span class='ocrx_word' id='word_1_669' title='bbox 2234 3972 2425 4025; x_wconf 88' lang='lat' dir='ltr'><strong>iterum</strong></span> <span class='ocrx_word' id='word_1_670' title='bbox 2453 3978 2609 4038; x_wconf 88' lang='lat' dir='ltr'><strong>atque</strong></span> <span class='ocrx_word' id='word_1_671' title='bbox 2633 3971 2823 4025; x_wconf 87' lang='lat' dir='ltr'><strong>iterum</strong></span> <span class='ocrx_word' id='word_1_672' title='bbox 2849 3970 2958 4024; x_wconf 89' lang='lat' dir='ltr'><strong>Deo</strong></span> <span class='ocrx_word' id='word_1_673' title='bbox 2982 3972 3177 4039; x_wconf 86' lang='lat' dir='ltr'><strong>gratias</strong></span> <span class='ocrx_word' id='word_1_674' title='bbox 3195 3985 3346 4040; x_wconf 82' lang='lat' dir='ltr'><strong>agen-</strong></span> 
     </span>
    </p>
   </div>
   <div class='ocr_carea' id='block_1_88' title="bbox 1776 4060 3347 4133">
    <p class='ocr_par' dir='ltr' id='par_1_88' title="bbox 1776 4060 3347 4133">
     <span class='ocr_line' id='line_1_88' title="bbox 1776 4060 3347 4133; baseline -0.003 -16"><span class='ocrx_word' id='word_1_675' title='bbox 1776 4073 1879 4127; x_wconf 86' lang='lat' dir='ltr'><strong>tes,</strong></span> <span class='ocrx_word' id='word_1_676' title='bbox 1907 4061 2222 4130; x_wconf 89' lang='lat' dir='ltr'><strong>conscriptis</strong></span> <span class='ocrx_word' id='word_1_677' title='bbox 2244 4062 2574 4129; x_wconf 87' lang='lat' dir='ltr'><strong>pactionibus</strong></span> <span class='ocrx_word' id='word_1_678' title='bbox 2601 4060 2644 4128; x_wconf 71' lang='grc'><strong>⁸,</strong></span> <span class='ocrx_word' id='word_1_679' title='bbox 2674 4062 2831 4133; x_wconf 66' lang='grc'><strong>431</strong></span> <span class='ocrx_word' id='word_1_680' title='bbox 2858 4076 2917 4116; x_wconf 86' lang='lat' dir='ltr'><strong>se</strong></span> <span class='ocrx_word' id='word_1_681' title='bbox 2944 4073 3347 4118; x_wconf 65' lang='lat' dir='ltr'><strong>remunerautes</strong></span> 
     </span>
    </p>
   </div>
   <div class='ocr_carea' id='block_1_89' title="bbox 1777 4153 3346 4223">
    <p class='ocr_par' dir='ltr' id='par_1_89' title="bbox 1777 4153 3346 4223">
     <span class='ocr_line' id='line_1_89' title="bbox 1777 4153 3346 4223; baseline -0.001 -14"><span class='ocrx_word' id='word_1_682' title='bbox 1777 4164 1833 4209; x_wconf 92' lang='lat' dir='ltr'><strong>et</strong></span> <span class='ocrx_word' id='word_1_683' title='bbox 1858 4155 2181 4220; x_wconf 84' lang='lat' dir='ltr'><strong>osculantes,</strong></span> <span class='ocrx_word' id='word_1_684' title='bbox 2206 4165 2479 4221; x_wconf 87' lang='lat' dir='ltr'><strong>regressus</strong></span> <span class='ocrx_word' id='word_1_685' title='bbox 2495 4160 2579 4206; x_wconf 91' lang='lat' dir='ltr'><strong>est</strong></span> <span class='ocrx_word' id='word_1_686' title='bbox 2597 4154 2957 4223; x_wconf 79' lang='lat' dir='ltr'><strong>unusquisque</strong></span> <span class='ocrx_word' id='word_1_687' title='bbox 2981 4153 3048 4206; x_wconf 91' lang='lat' dir='ltr'><strong>ad</strong></span> <span class='ocrx_word' id='word_1_688' title='bbox 3071 4153 3346 4209; x_wconf 86' lang='lat' dir='ltr'><strong>civitatein</strong></span> 
     </span>
    </p>
   </div>
   <div class='ocr_carea' id='block_1_90' title="bbox 1778 4260 1957 4302">
    <p class='ocr_par' dir='ltr' id='par_1_90' title="bbox 1778 4260 1957 4302">
     <span class='ocr_line' id='line_1_90' title="bbox 1778 4260 1957 4302; baseline 0.006 -1"><span class='ocrx_word' id='word_1_689' title='bbox 1778 4260 1957 4302; x_wconf 82' lang='lat' dir='ltr'><strong>suam.</strong></span> 
     </span>
    </p>
   </div>
   <div class='ocr_carea' id='block_1_91' title="bbox 1850 4353 3345 4421">
    <p class='ocr_par' dir='ltr' id='par_1_91' title="bbox 1850 4353 3345 4421">
     <span class='ocr_line' id='line_1_91' title="bbox 1850 4353 3345 4421; baseline -0.003 -6"><span class='ocrx_word' id='word_1_690' title='bbox 1850 4361 1961 4415; x_wconf 80' lang='lat' dir='ltr'><strong>Xll.</strong></span> <span class='ocrx_word' id='word_1_691' title='bbox 1992 4358 2365 4413; x_wconf 79' lang='lat' dir='ltr'><strong>Cbildebertus</strong></span> <span class='ocrx_word' id='word_1_692' title='bbox 2389 4362 2413 4403; x_wconf 76' lang='grc' dir='ltr'><strong>δ</strong></span> <span class='ocrx_word' id='word_1_693' title='bbox 2449 4370 2575 4409; x_wconf 84' lang='lat' dir='ltr'><strong>vero</strong></span> <span class='ocrx_word' id='word_1_694' title='bbox 2603 4371 2718 4421; x_wconf 86' lang='lat' dir='ltr'><strong>rex,</strong></span> <span class='ocrx_word' id='word_1_695' title='bbox 2748 4355 2976 4409; x_wconf 90' lang='lat' dir='ltr'><strong>collecto</strong></span> <span class='ocrx_word' id='word_1_696' title='bbox 2990 4353 3253 4421; x_wconf 87' lang='lat' dir='ltr'><strong>exercitu,</strong></span> <span class='ocrx_word' id='word_1_697' title='bbox 3281 4356 3345 4411; x_wconf 84' lang='lat' dir='ltr'><strong>ad</strong></span> 
     </span>
    </p>
   </div>
   <div class='ocr_carea' id='block_1_92' title="bbox 1781 4441 3348 4517">
    <p class='ocr_par' dir='ltr' id='par_1_92' title="bbox 1781 4441 3348 4517">
     <span class='ocr_line' id='line_1_92' title="bbox 1781 4441 3348 4517; baseline -0.003 -13"><span class='ocrx_word' id='word_1_698' title='bbox 1781 4451 1956 4505; x_wconf 81' lang='lat' dir='ltr'><strong>locum</strong></span> <span class='ocrx_word' id='word_1_699' title='bbox 1979 4447 2134 4517; x_wconf 85' lang='lat' dir='ltr'><strong>dirigi</strong></span> <span class='ocrx_word' id='word_1_700' title='bbox 2164 4446 2312 4516; x_wconf 78' lang='lat' dir='ltr'><strong>jubet</strong></span> <span class='ocrx_word' id='word_1_701' title='bbox 2363 4446 2412 4497; x_wconf 90' lang='lat' dir='ltr'><strong>in</strong></span> <span class='ocrx_word' id='word_1_702' title='bbox 2449 4459 2554 4513; x_wconf 91' lang='lat' dir='ltr'><strong>quo</strong></span> <span class='ocrx_word' id='word_1_703' title='bbox 2584 4444 2739 4499; x_wconf 91' lang='lat' dir='ltr'><strong>Ursio</strong></span> <span class='ocrx_word' id='word_1_704' title='bbox 2763 4459 2826 4499; x_wconf 90' lang='lat' dir='ltr'><strong>ac</strong></span> <span class='ocrx_word' id='word_1_705' title='bbox 2857 4441 3237 4499; x_wconf 86' lang='lat' dir='ltr'><strong>Berthefredus</strong></span> <span class='ocrx_word' id='word_1_706' title='bbox 3265 4446 3348 4500; x_wconf 88' lang='lat' dir='ltr'><strong>in-</strong></span> 
     </span>
    </p>
   </div>
   <div class='ocr_carea' id='block_1_93' title="bbox 134 4516 3348 4610">
    <p class='ocr_par' dir='ltr' id='par_1_93' title="bbox 134 4516 3348 4610">
     <span class='ocr_line' id='line_1_93' title="bbox 134 4516 3348 4610; baseline 0.001 -23"><span class='ocrx_word' id='word_1_707' title='bbox 134 4550 292 4606; x_wconf 80' lang='lat' dir='ltr'><strong>quam,</strong></span> <span class='ocrx_word' id='word_1_708' title='bbox 321 4542 410 4597; x_wconf 88' lang='lat' dir='ltr'><strong>sed</strong></span> <span class='ocrx_word' id='word_1_709' title='bbox 443 4542 750 4595; x_wconf 87' lang='lat' dir='ltr'><strong>transmitte</strong></span> <span class='ocrx_word' id='word_1_710' title='bbox 779 4540 998 4595; x_wconf 88' lang='lat' dir='ltr'><strong>abbates</strong></span> <span class='ocrx_word' id='word_1_711' title='bbox 1032 4550 1085 4595; x_wconf 87' lang='lat' dir='ltr'><strong>et</strong></span> <span class='ocrx_word' id='word_1_712' title='bbox 1124 4543 1354 4597; x_wconf 86' lang='lat' dir='ltr'><strong>creditos</strong></span> <span class='ocrx_word' id='word_1_713' title='bbox 1377 4551 1402 4579; x_wconf 77' lang='grc' dir='ltr'><strong>ο</strong></span> <span class='ocrx_word' id='word_1_714' title='bbox 1435 4516 1587 4610; x_wconf 59' lang='lat' dir='ltr'><strong>tuos,</strong></span> <span class='ocrx_word' id='word_1_715' title='bbox 1620 4557 1675 4599; x_wconf 93' lang='lat' dir='ltr'><strong>ut</strong></span> <span class='ocrx_word' id='word_1_716' title='bbox 1706 4516 1757 4575; x_wconf 72' lang='grc' dir='ltr'><strong>Β</strong></span> <span class='ocrx_word' id='word_1_717' title='bbox 1780 4542 1915 4598; x_wconf 90' lang='lat' dir='ltr'><strong>clusi</strong></span> <span class='ocrx_word' id='word_1_718' title='bbox 1947 4540 2313 4594; x_wconf 89' lang='lat' dir='ltr'><strong>morabantur.</strong></span> <span class='ocrx_word' id='word_1_719' title='bbox 2344 4535 2469 4590; x_wconf 86' lang='lat' dir='ltr'><strong>Erat</strong></span> <span class='ocrx_word' id='word_1_720' title='bbox 2500 4536 2644 4590; x_wconf 89' lang='lat' dir='ltr'><strong>enim</strong></span> <span class='ocrx_word' id='word_1_721' title='bbox 2670 4536 2792 4589; x_wconf 85' lang='lat' dir='ltr'><strong>villa</strong></span> <span class='ocrx_word' id='word_1_722' title='bbox 2823 4536 2873 4590; x_wconf 87' lang='lat' dir='ltr'><strong>in</strong></span> <span class='ocrx_word' id='word_1_723' title='bbox 2900 4552 3033 4607; x_wconf 84' lang='lat' dir='ltr'><strong>pago</strong></span> <span class='ocrx_word' id='word_1_724' title='bbox 3061 4537 3348 4602; x_wconf 86' lang='lat' dir='ltr'><strong>Vabrensi,</strong></span> 
     </span>
    </p>
   </div>
   <div class='ocr_carea' id='block_1_94' title="bbox 136 4623 1674 4700">
    <p class='ocr_par' dir='ltr' id='par_1_94' title="bbox 136 4623 1674 4700">
     <span class='ocr_line' id='line_1_94' title="bbox 136 4623 1674 4700; baseline 0.01 -25"><span class='ocrx_word' id='word_1_725' title='bbox 136 4623 227 4681; x_wconf 75' lang='lat' dir='ltr'><strong>lucc</strong></span> <span class='ocrx_word' id='word_1_726' title='bbox 266 4648 378 4700; x_wconf 62' lang='lat' dir='ltr'><strong>qua;</strong></span> <span class='ocrx_word' id='word_1_727' title='bbox 417 4635 607 4700; x_wconf 84' lang='lat' dir='ltr'><strong>loquor</strong></span> <span class='ocrx_word' id='word_1_728' title='bbox 656 4641 944 4700; x_wconf 87' lang='lat' dir='ltr'><strong>exponant.</strong></span> <span class='ocrx_word' id='word_1_729' title='bbox 992 4632 1364 4688; x_wconf 74' lang='lat' dir='ltr'><strong>Verumtamen</strong></span> <span class='ocrx_word' id='word_1_730' title='bbox 1412 4650 1517 4687; x_wconf 90' lang='lat' dir='ltr'><strong>non</strong></span> <span class='ocrx_word' id='word_1_731' title='bbox 1561 4637 1674 4690; x_wconf 71' lang='lat' dir='ltr'><strong>limo</strong></span> 
     </span>
    </p>
   </div>
   <div class='ocr_carea' id='block_1_95' title="bbox 136 4719 1676 4793">
    <p class='ocr_par' dir='ltr' id='par_1_95' title="bbox 136 4719 1676 4793">
     <span class='ocr_line' id='line_1_95' title="bbox 136 4719 1676 4793; baseline 0.006 -21"><span class='ocrx_word' id='word_1_732' title='bbox 136 4719 245 4784; x_wconf 78' lang='lat' dir='ltr'><strong>regi,</strong></span> <span class='ocrx_word' id='word_1_733' title='bbox 269 4732 322 4773; x_wconf 90' lang='lat' dir='ltr'><strong>ut</strong></span> <span class='ocrx_word' id='word_1_734' title='bbox 348 4731 524 4785; x_wconf 89' lang='lat' dir='ltr'><strong>erant,</strong></span> <span class='ocrx_word' id='word_1_735' title='bbox 561 4722 799 4775; x_wconf 88' lang='lat' dir='ltr'><strong>nuntiata</strong></span> <span class='ocrx_word' id='word_1_736' title='bbox 829 4731 986 4785; x_wconf 89' lang='lat' dir='ltr'><strong>sunt,</strong></span> <span class='ocrx_word' id='word_1_737' title='bbox 1019 4722 1114 4776; x_wconf 89' lang='lat' dir='ltr'><strong>sed</strong></span> <span class='ocrx_word' id='word_1_738' title='bbox 1144 4722 1394 4777; x_wconf 75' lang='lat' dir='ltr'><strong>dixerunt</strong></span> <span class='ocrx_word' id='word_1_739' title='bbox 1418 4725 1555 4793; x_wconf 85' lang='lat' dir='ltr'><strong>quod</strong></span> <span class='ocrx_word' id='word_1_740' title='bbox 1590 4728 1676 4783; x_wconf 87' lang='lat' dir='ltr'><strong>liic</strong></span> 
     </span>
    </p>
   </div>
   <div class='ocr_carea' id='block_1_96' title="bbox 138 4804 1676 4882">
    <p class='ocr_par' dir='ltr' id='par_1_96' title="bbox 138 4804 1676 4882">
     <span class='ocr_line' id='line_1_96' title="bbox 138 4804 1676 4882; baseline 0.009 -23"><span class='ocrx_word' id='word_1_741' title='bbox 138 4804 191 4859; x_wconf 73' lang='lat' dir='ltr'><strong>ab</strong></span> <span class='ocrx_word' id='word_1_742' title='bbox 221 4814 460 4882; x_wconf 80' lang='lat' dir='ltr'><strong>episcOpo</strong></span> <span class='ocrx_word' id='word_1_743' title='bbox 492 4812 880 4868; x_wconf 87' lang='lat' dir='ltr'><strong>defensaretur.</strong></span> <span class='ocrx_word' id='word_1_744' title='bbox 906 4809 1060 4867; x_wconf 88' lang='lat' dir='ltr'><strong>Unde</strong></span> <span class='ocrx_word' id='word_1_745' title='bbox 1105 4814 1298 4865; x_wconf 90' lang='lat' dir='ltr'><strong>factum</strong></span> <span class='ocrx_word' id='word_1_746' title='bbox 1328 4824 1413 4867; x_wconf 88' lang='lat' dir='ltr'><strong>est</strong></span> <span class='ocrx_word' id='word_1_747' title='bbox 1445 4828 1501 4871; x_wconf 92' lang='lat' dir='ltr'><strong>ut</strong></span> <span class='ocrx_word' id='word_1_748' title='bbox 1534 4832 1676 4873; x_wconf 82' lang='lat' dir='ltr'><strong>coni-</strong></span> 
     </span>
    </p>
   </div>
   <div class='ocr_carea' id='block_1_97' title="bbox 144 5017 1682 5087">
    <p class='ocr_par' dir='ltr' id='par_1_97' title="bbox 144 5017 1682 5087">
     <span class='ocr_line' id='line_1_97' title="bbox 144 5017 1682 5087; baseline 0.005 -16"><span class='ocrx_word' id='word_1_749' title='bbox 144 5025 186 5087; x_wconf 68' lang='lat' dir='ltr'><strong>et</strong></span> <span class='ocrx_word' id='word_1_750' title='bbox 216 5018 474 5077; x_wconf 75' lang='lat' dir='ltr'><strong>Mosellam</strong></span> <span class='ocrx_word' id='word_1_751' title='bbox 506 5022 637 5087; x_wconf 87' lang='lat' dir='ltr'><strong>sito,</strong></span> <span class='ocrx_word' id='word_1_752' title='bbox 665 5019 730 5073; x_wconf 89' lang='lat' dir='ltr'><strong>ad</strong></span> <span class='ocrx_word' id='word_1_753' title='bbox 771 5018 914 5086; x_wconf 90' lang='lat' dir='ltr'><strong>ripas</strong></span> <span class='ocrx_word' id='word_1_754' title='bbox 960 5017 1262 5083; x_wconf 63' lang='lat' dir='ltr'><strong>Alisontiae,</strong></span> <span class='ocrx_word' id='word_1_755' title='bbox 1296 5018 1455 5074; x_wconf 66' lang='lat' dir='ltr'><strong>Oruaa</strong></span> <span class='ocrx_word' id='word_1_756' title='bbox 1481 5032 1534 5075; x_wconf 91' lang='lat' dir='ltr'><strong>et</strong></span> <span class='ocrx_word' id='word_1_757' title='bbox 1561 5022 1682 5078; x_wconf 86' lang='lat' dir='ltr'><strong>Cari</strong></span> 
     </span>
    </p>
   </div>
   <div class='ocr_carea' id='block_1_98' title="bbox 147 5086 1683 5159">
    <p class='ocr_par' dir='ltr' id='par_1_98' title="bbox 147 5086 1683 5159">
     <span class='ocr_line' id='line_1_98' title="bbox 147 5086 1683 5159; baseline 0.007 -24"><span class='ocrx_word' id='word_1_758' title='bbox 147 5086 409 5159; x_wconf 84' lang='lat' dir='ltr'><strong>ﬂuminum,</strong></span> <span class='ocrx_word' id='word_1_759' title='bbox 458 5094 545 5158; x_wconf 88' lang='lat' dir='ltr'><strong>qui</strong></span> <span class='ocrx_word' id='word_1_760' title='bbox 574 5086 732 5159; x_wconf 73' lang='lat' dir='ltr'><strong>pagus</strong></span> <span class='ocrx_word' id='word_1_761' title='bbox 779 5089 915 5142; x_wconf 87' lang='lat' dir='ltr'><strong>duos</strong></span> <span class='ocrx_word' id='word_1_762' title='bbox 959 5100 1047 5159; x_wconf 85' lang='lat' dir='ltr'><strong>ant</strong></span> <span class='ocrx_word' id='word_1_763' title='bbox 1074 5098 1185 5142; x_wconf 86' lang='lat' dir='ltr'><strong>tres</strong></span> <span class='ocrx_word' id='word_1_764' title='bbox 1219 5091 1504 5159; x_wconf 65' lang='lat' dir='ltr'><strong>comitatus</strong></span> <span class='ocrx_word' id='word_1_765' title='bbox 1532 5107 1683 5147; x_wconf 87' lang='lat' dir='ltr'><strong>cnin-</strong></span> 
     </span>
    </p>
   </div>
   <div class='ocr_carea' id='block_1_99' title="bbox 148 5156 1686 5227">
    <p class='ocr_par' dir='ltr' id='par_1_99' title="bbox 148 5156 1686 5227">
     <span class='ocr_line' id='line_1_99' title="bbox 148 5156 1686 5227; baseline 0.008 -21"><span class='ocrx_word' id='word_1_766' title='bbox 148 5156 928 5227; x_wconf 25' lang='lat' dir='ltr'><strong>plectebatnr,‘Scarponensem</strong></span> <span class='ocrx_word' id='word_1_767' title='bbox 954 5158 1182 5221; x_wconf 88' lang='lat' dir='ltr'><strong>scilicet,</strong></span> <span class='ocrx_word' id='word_1_768' title='bbox 1218 5157 1607 5215; x_wconf 77' lang='lat' dir='ltr'><strong>Virdunensem</strong></span> <span class='ocrx_word' id='word_1_769' title='bbox 1632 5173 1686 5218; x_wconf 90' lang='lat' dir='ltr'><strong>et</strong></span> 
     </span>
    </p>
   </div>
   <div class='ocr_carea' id='block_1_100' title="bbox 149 5225 1684 5297">
    <p class='ocr_par' dir='ltr' id='par_1_100' title="bbox 149 5225 1684 5297">
     <span class='ocr_line' id='line_1_100' title="bbox 149 5225 1684 5297; baseline 0.005 -19"><span class='ocrx_word' id='word_1_770' title='bbox 149 5225 561 5297; x_wconf 47' lang='lat' dir='ltr'><strong>[Eastereiensenn</strong></span> <span class='ocrx_word' id='word_1_771' title='bbox 583 5231 810 5283; x_wconf 87' lang='lat' dir='ltr'><strong>Vocatur</strong></span> <span class='ocrx_word' id='word_1_772' title='bbox 836 5228 993 5279; x_wconf 82' lang='lat' dir='ltr'><strong>etiam</strong></span> <span class='ocrx_word' id='word_1_773' title='bbox 1016 5243 1155 5280; x_wconf 85' lang='lat' dir='ltr'><strong>nunc</strong></span> <span class='ocrx_word' id='word_1_774' title='bbox 1177 5229 1225 5279; x_wconf 84' lang='lat' dir='ltr'><strong>le</strong></span> <span class='ocrx_word' id='word_1_775' title='bbox 1248 5245 1371 5297; x_wconf 77' lang='lat' dir='ltr'><strong>pays</strong></span> <span class='ocrx_word' id='word_1_776' title='bbox 1393 5232 1455 5281; x_wconf 80' lang='lat' dir='ltr'><strong>de</strong></span> <span class='ocrx_word' id='word_1_777' title='bbox 1480 5230 1684 5285; x_wconf 85' lang='lat' dir='ltr'><strong>Vaivre.</strong></span> 
     </span>
    </p>
   </div>
   <div class='ocr_carea' id='block_1_101' title="bbox 152 5290 1685 5367">
    <p class='ocr_par' dir='ltr' id='par_1_101' title="bbox 152 5290 1685 5367">
     <span class='ocr_line' id='line_1_101' title="bbox 152 5290 1685 5367; baseline 0.007 -24"><span class='ocrx_word' id='word_1_778' title='bbox 152 5290 260 5347; x_wconf 79' lang='lat' dir='ltr'><strong>Vide</strong></span> <span class='ocrx_word' id='word_1_779' title='bbox 283 5299 366 5352; x_wconf 91' lang='lat' dir='ltr'><strong>lib.</strong></span> <span class='ocrx_word' id='word_1_780' title='bbox 399 5316 446 5353; x_wconf 86' lang='lat' dir='ltr'><strong>iv</strong></span> <span class='ocrx_word' id='word_1_781' title='bbox 477 5301 544 5354; x_wconf 91' lang='lat' dir='ltr'><strong>de</strong></span> <span class='ocrx_word' id='word_1_782' title='bbox 569 5316 623 5351; x_wconf 87' lang='lat' dir='ltr'><strong>re</strong></span> <span class='ocrx_word' id='word_1_783' title='bbox 648 5298 1011 5367; x_wconf 89' lang='lat' dir='ltr'><strong>Diplomatica,</strong></span> <span class='ocrx_word' id='word_1_784' title='bbox 1038 5313 1185 5349; x_wconf 91' lang='lat' dir='ltr'><strong>num.</strong></span> <span class='ocrx_word' id='word_1_785' title='bbox 1222 5290 1342 5352; x_wconf 47' lang='lat'><strong>128&#39;.</strong></span> <span class='ocrx_word' id='word_1_786' title='bbox 1366 5298 1505 5352; x_wconf 89' lang='lat' dir='ltr'><strong>Cave</strong></span> <span class='ocrx_word' id='word_1_787' title='bbox 1526 5302 1685 5355; x_wconf 88' lang='lat' dir='ltr'><strong>etiam</strong></span> 
     </span>
    </p>
   </div>
   <div class='ocr_carea' id='block_1_102' title="bbox 158 5367 1688 5424">
    <p class='ocr_par' dir='ltr' id='par_1_102' title="bbox 158 5367 1688 5424">
     <span class='ocr_line' id='line_1_102' title="bbox 158 5367 1688 5424; baseline 0.01 -15"><span class='ocrx_word' id='word_1_788' title='bbox 158 5376 211 5414; x_wconf 88' lang='lat' dir='ltr'><strong>ne</strong></span> <span class='ocrx_word' id='word_1_789' title='bbox 244 5372 518 5421; x_wconf 79' lang='lat' dir='ltr'><strong>confundas</strong></span> <span class='ocrx_word' id='word_1_790' title='bbox 551 5370 688 5421; x_wconf 79' lang='lat' dir='ltr'><strong>hunc</strong></span> <span class='ocrx_word' id='word_1_791' title='bbox 732 5370 901 5419; x_wconf 85' lang='lat' dir='ltr'><strong>locum</strong></span> <span class='ocrx_word' id='word_1_792' title='bbox 942 5367 1099 5418; x_wconf 87' lang='lat' dir='ltr'><strong>simul</strong></span> <span class='ocrx_word' id='word_1_793' title='bbox 1131 5382 1251 5419; x_wconf 87' lang='lat' dir='ltr'><strong>cum</strong></span> <span class='ocrx_word' id='word_1_794' title='bbox 1309 5367 1557 5422; x_wconf 75' lang='lat' dir='ltr'><strong>Valtrensi</strong></span> <span class='ocrx_word' id='word_1_795' title='bbox 1595 5386 1688 5424; x_wconf 87' lang='lat' dir='ltr'><strong>ca-</strong></span> 
     </span>
    </p>
   </div>
   <div class='ocr_carea' id='block_1_103' title="bbox 159 5436 1691 5505">
    <p class='ocr_par' dir='ltr' id='par_1_103' title="bbox 159 5436 1691 5505">
     <span class='ocr_line' id='line_1_103' title="bbox 159 5436 1691 5505; baseline 0.009 -26"><span class='ocrx_word' id='word_1_796' title='bbox 159 5442 267 5505; x_wconf 72' lang='lat' dir='ltr'><strong>stra.</strong></span> <span class='ocrx_word' id='word_1_797' title='bbox 286 5443 429 5505; x_wconf 79' lang='lat' dir='ltr'><strong>vulgo</strong></span> <span class='ocrx_word' id='word_1_798' title='bbox 455 5438 638 5490; x_wconf 84' lang='lat' dir='ltr'><strong>Vabres</strong></span> <span class='ocrx_word' id='word_1_799' title='bbox 652 5454 713 5490; x_wconf 79' lang='lat' dir='ltr'><strong>cn</strong></span> <span class='ocrx_word' id='word_1_800' title='bbox 740 5436 1020 5503; x_wconf 81' lang='lat' dir='ltr'><strong>Rouergue,</strong></span> <span class='ocrx_word' id='word_1_801' title='bbox 1052 5437 1138 5489; x_wconf 90' lang='lat' dir='ltr'><strong>ubi</strong></span> <span class='ocrx_word' id='word_1_802' title='bbox 1166 5438 1543 5490; x_wconf 78' lang='lat' dir='ltr'><strong>monasterium</strong></span> <span class='ocrx_word' id='word_1_803' title='bbox 1563 5443 1691 5494; x_wconf 84' lang='lat' dir='ltr'><strong>sede</strong></span> 
     </span>
    </p>
   </div>
   <div class='ocr_carea' id='block_1_104' title="bbox 156 5502 1693 5571">
    <p class='ocr_par' dir='ltr' id='par_1_104' title="bbox 156 5502 1693 5571">
     <span class='ocr_line' id='line_1_104' title="bbox 156 5502 1693 5571; baseline 0.009 -22"><span class='ocrx_word' id='word_1_804' title='bbox 156 5502 410 5571; x_wconf 77' lang='lat' dir='ltr'><strong>episcopali</strong></span> <span class='ocrx_word' id='word_1_805' title='bbox 447 5512 593 5561; x_wconf 85' lang='lat' dir='ltr'><strong>anxit</strong></span> <span class='ocrx_word' id='word_1_806' title='bbox 628 5506 857 5559; x_wconf 78' lang='lat' dir='ltr'><strong>Joannes</strong></span> <span class='ocrx_word' id='word_1_807' title='bbox 885 5505 1048 5568; x_wconf 74' lang='lat' dir='ltr'><strong>XXII,</strong></span> <span class='ocrx_word' id='word_1_808' title='bbox 1071 5508 1339 5561; x_wconf 78' lang='lat' dir='ltr'><strong>distractis</strong></span> <span class='ocrx_word' id='word_1_809' title='bbox 1385 5522 1445 5560; x_wconf 74' lang='lat' dir='ltr'><strong>ex</strong></span> <span class='ocrx_word' id='word_1_810' title='bbox 1492 5509 1693 5563; x_wconf 73' lang='lat' dir='ltr'><strong>Rutbe-</strong></span> 
     </span>
    </p>
   </div>
   <div class='ocr_carea' id='block_1_105' title="bbox 161 5574 1057 5643">
    <p class='ocr_par' dir='ltr' id='par_1_105' title="bbox 161 5574 1057 5643">
     <span class='ocr_line' id='line_1_105' title="bbox 161 5574 1057 5643; baseline 0.016 -26"><span class='ocrx_word' id='word_1_811' title='bbox 161 5574 287 5643; x_wconf 68' lang='lat' dir='ltr'><strong>ueusi</strong></span> <span class='ocrx_word' id='word_1_812' title='bbox 307 5576 512 5631; x_wconf 60' lang='lat' dir='ltr'><strong>dioecesi</strong></span> <span class='ocrx_word' id='word_1_813' title='bbox 544 5578 742 5643; x_wconf 80' lang='lat' dir='ltr'><strong>aliquot</strong></span> <span class='ocrx_word' id='word_1_814' title='bbox 775 5576 1057 5642; x_wconf 86' lang='lat' dir='ltr'><strong>parocltiis.</strong></span> 
     </span>
    </p>
   </div>
   <div class='ocr_carea' id='block_1_106' title="bbox 221 5642 982 5711">
    <p class='ocr_par' dir='ltr' id='par_1_106' title="bbox 221 5642 982 5711">
     <span class='ocr_line' id='line_1_106' title="bbox 221 5642 982 5711; baseline 0.004 -19"><span class='ocrx_word' id='word_1_815' title='bbox 221 5642 456 5711; x_wconf 48' lang='lat' dir='ltr'><strong>fliegmq</strong></span> <span class='ocrx_word' id='word_1_816' title='bbox 478 5653 538 5699; x_wconf 78' lang='lat' dir='ltr'><strong>ab</strong></span> <span class='ocrx_word' id='word_1_817' title='bbox 565 5642 764 5697; x_wconf 77' lang='lat' dir='ltr'><strong>homine</strong></span> <span class='ocrx_word' id='word_1_818' title='bbox 793 5646 982 5711; x_wconf 79' lang='lat' dir='ltr'><strong>iniquo.</strong></span> 
     </span>
    </p>
   </div>
   <div class='ocr_carea' id='block_1_107' title="bbox 218 5706 1233 5783">
    <p class='ocr_par' dir='ltr' id='par_1_107' title="bbox 218 5706 1233 5783">
     <span class='ocr_line' id='line_1_107' title="bbox 218 5706 1233 5783; baseline -0.001 -15"><span class='ocrx_word' id='word_1_819' title='bbox 218 5706 241 5745; x_wconf 67' lang='grc' dir='ltr'>δ</span> <span class='ocrx_word' id='word_1_820' title='bbox 272 5706 413 5769; x_wconf 76' lang='lat' dir='ltr'><strong>Colb.</strong></span> <span class='ocrx_word' id='word_1_821' title='bbox 433 5706 507 5783; x_wconf 58' lang='lat'><strong>5.,</strong></span> <span class='ocrx_word' id='word_1_822' title='bbox 531 5731 783 5779; x_wconf 72' lang='lat' dir='ltr'><strong>nunquam</strong></span> <span class='ocrx_word' id='word_1_823' title='bbox 810 5706 955 5764; x_wconf 59' lang='lat' dir='ltr'><strong>adeo</strong></span> <span class='ocrx_word' id='word_1_824' title='bbox 979 5714 1233 5771; x_wconf 71' lang='lat' dir='ltr'><strong>recedam.</strong></span> 
     </span>
    </p>
   </div>
   <div class='ocr_carea' id='block_1_108' title="bbox 572 5832 1100 5896">
    <p class='ocr_par' dir='ltr' id='par_1_108' title="bbox 572 5832 1100 5896">
     <span class='ocr_line' id='line_1_108' title="bbox 572 5832 1100 5896; baseline -0.006 0"><span class='ocrx_word' id='word_1_825' title='bbox 572 5836 837 5896; x_wconf 74' lang='grc' dir='ltr'><strong>ΡΛτιιοι.</strong></span> <span class='ocrx_word' id='word_1_826' title='bbox 872 5832 1100 5894; x_wconf 79' lang='lat' dir='ltr'><strong>LXXI.</strong></span> 
     </span>
    </p>
   </div>
   <div class='ocr_carea' id='block_1_109' title="bbox 1776 4628 3355 4697">
    <p class='ocr_par' dir='ltr' id='par_1_109' title="bbox 1776 4628 3355 4697">
     <span class='ocr_line' id='line_1_109' title="bbox 1776 4628 3355 4697; baseline -0.001 -9"><span class='ocrx_word' id='word_1_827' title='bbox 1776 4634 1860 4688; x_wconf 91' lang='lat' dir='ltr'><strong>cui</strong></span> <span class='ocrx_word' id='word_1_828' title='bbox 1890 4631 2200 4687; x_wconf 86' lang='lat' dir='ltr'><strong>imminebat</strong></span> <span class='ocrx_word' id='word_1_829' title='bbox 2227 4645 2378 4685; x_wconf 90' lang='lat' dir='ltr'><strong>mons</strong></span> <span class='ocrx_word' id='word_1_830' title='bbox 2404 4628 2622 4684; x_wconf 85' lang='lat' dir='ltr'><strong>arduus.</strong></span> <span class='ocrx_word' id='word_1_831' title='bbox 2656 4628 2710 4683; x_wconf 89' lang='lat' dir='ltr'><strong>In</strong></span> <span class='ocrx_word' id='word_1_832' title='bbox 2735 4629 2889 4697; x_wconf 82' lang='lat' dir='ltr'><strong>hujus</strong></span> <span class='ocrx_word' id='word_1_833' title='bbox 2907 4629 3180 4684; x_wconf 80' lang='lat' dir='ltr'><strong>cacumine</strong></span> <span class='ocrx_word' id='word_1_834' title='bbox 3209 4631 3355 4686; x_wconf 85' lang='lat' dir='ltr'><strong>basi-</strong></span> 
     </span>
    </p>
   </div>
   <div class='ocr_carea' id='block_1_110' title="bbox 1778 4720 3357 4777">
    <p class='ocr_par' dir='ltr' id='par_1_110' title="bbox 1778 4720 3357 4777">
     <span class='ocr_line' id='line_1_110' title="bbox 1778 4720 3357 4777; baseline -0.001 0"><span class='ocrx_word' id='word_1_835' title='bbox 1778 4724 1933 4777; x_wconf 88' lang='lat' dir='ltr'><strong>licam</strong></span> <span class='ocrx_word' id='word_1_836' title='bbox 1967 4724 2020 4776; x_wconf 91' lang='lat' dir='ltr'><strong>in</strong></span> <span class='ocrx_word' id='word_1_837' title='bbox 2046 4723 2252 4776; x_wconf 88' lang='lat' dir='ltr'><strong>honore</strong></span> <span class='ocrx_word' id='word_1_838' title='bbox 2271 4720 2439 4775; x_wconf 89' lang='lat' dir='ltr'><strong>sancti</strong></span> <span class='ocrx_word' id='word_1_839' title='bbox 2466 4735 2529 4774; x_wconf 89' lang='lat' dir='ltr'><strong>ac</strong></span> <span class='ocrx_word' id='word_1_840' title='bbox 2555 4720 2845 4774; x_wconf 88' lang='lat' dir='ltr'><strong>beatissimi</strong></span> <span class='ocrx_word' id='word_1_841' title='bbox 2871 4720 3081 4775; x_wconf 81' lang='lat' dir='ltr'><strong>Martini</strong></span> <span class='ocrx_word' id='word_1_842' title='bbox 3106 4731 3357 4776; x_wconf 87' lang='lat' dir='ltr'><strong>constru-</strong></span> 
     </span>
    </p>
   </div>
   <div class='ocr_carea' id='block_1_111' title="bbox 1778 4810 3354 4881">
    <p class='ocr_par' dir='ltr' id='par_1_111' title="bbox 1778 4810 3354 4881">
     <span class='ocr_line' id='line_1_111' title="bbox 1778 4810 3354 4881; baseline -0.003 -12"><span class='ocrx_word' id='word_1_843' title='bbox 1778 4817 1857 4873; x_wconf 85' lang='lat' dir='ltr'><strong>xit</strong></span> <span class='ocrx_word' id='word_1_844' title='bbox 1877 4811 1927 4867; x_wconf 69' lang='grc' dir='ltr'>ιι.</span> <span class='ocrx_word' id='word_1_845' title='bbox 1962 4813 2226 4868; x_wconf 85' lang='lat' dir='ltr'><strong>Ferebant</strong></span> <span class='ocrx_word' id='word_1_846' title='bbox 2251 4812 2395 4867; x_wconf 87' lang='lat' dir='ltr'><strong>enim</strong></span> <span class='ocrx_word' id='word_1_847' title='bbox 2437 4812 2509 4866; x_wconf 91' lang='lat' dir='ltr'><strong>ibi</strong></span> <span class='ocrx_word' id='word_1_848' title='bbox 2547 4818 2782 4865; x_wconf 82' lang='lat' dir='ltr'><strong>castrum</strong></span> <span class='ocrx_word' id='word_1_849' title='bbox 2815 4810 3111 4881; x_wconf 85' lang='lat' dir='ltr'><strong>antiquitus</strong></span> <span class='ocrx_word' id='word_1_850' title='bbox 3160 4812 3354 4874; x_wconf 87' lang='lat' dir='ltr'><strong>fuisse;</strong></span> 
     </span>
    </p>
   </div>
   <div class='ocr_carea' id='block_1_112' title="bbox 1867 5018 3009 5090">
    <p class='ocr_par' dir='ltr' id='par_1_112' title="bbox 1867 5018 3009 5090">
     <span class='ocr_line' id='line_1_112' title="bbox 1867 5018 3009 5090; baseline 0 -16"><span class='ocrx_word' id='word_1_851' title='bbox 1867 5034 1891 5061; x_wconf 72' lang='grc' dir='ltr'><strong>ο</strong></span> <span class='ocrx_word' id='word_1_852' title='bbox 1935 5021 2085 5090; x_wconf 75' lang='lat' dir='ltr'><strong>Apud</strong></span> <span class='ocrx_word' id='word_1_853' title='bbox 2110 5020 2426 5075; x_wconf 84' lang='lat' dir='ltr'><strong>Andelaum.</strong></span> <span class='ocrx_word' id='word_1_854' title='bbox 2461 5018 2589 5074; x_wconf 83' lang='lat' dir='ltr'><strong>Vide</strong></span> <span class='ocrx_word' id='word_1_855' title='bbox 2612 5021 2766 5079; x_wconf 86' lang='lat' dir='ltr'><strong>infra.</strong></span> <span class='ocrx_word' id='word_1_856' title='bbox 2792 5035 2910 5088; x_wconf 88' lang='lat' dir='ltr'><strong>cap.</strong></span> <span class='ocrx_word' id='word_1_857' title='bbox 2940 5020 3009 5074; x_wconf 74' lang='lat'><strong>&#39;20</strong></span> 
     </span>
    </p>
   </div>
   <div class='ocr_carea' id='block_1_113' title="bbox 1866 5090 3254 5168">
    <p class='ocr_par' dir='ltr' id='par_1_113' title="bbox 1866 5090 3254 5168">
     <span class='ocr_line' id='line_1_113' title="bbox 1866 5090 3254 5168; baseline -0.006 -21"><span class='ocrx_word' id='word_1_858' title='bbox 1866 5090 1891 5129; x_wconf 78' lang='grc' dir='ltr'><em>δ</em></span> <span class='ocrx_word' id='word_1_859' title='bbox 1933 5092 2024 5147; x_wconf 86' lang='lat' dir='ltr'><strong>Sic</strong></span> <span class='ocrx_word' id='word_1_860' title='bbox 2046 5092 2252 5168; x_wconf 76' lang='lat' dir='ltr'><strong>Bec._et</strong></span> <span class='ocrx_word' id='word_1_861' title='bbox 2280 5091 2409 5168; x_wconf 65' lang='grc' dir='ltr'>διον.</span> <span class='ocrx_word' id='word_1_862' title='bbox 2439 5105 2512 5155; x_wconf 88' lang='lat' dir='ltr'><strong>s.;</strong></span> <span class='ocrx_word' id='word_1_863' title='bbox 2535 5092 2683 5168; x_wconf 78' lang='lat' dir='ltr'><strong>editi,</strong></span> <span class='ocrx_word' id='word_1_864' title='bbox 2716 5090 3054 5168; x_wconf 47' lang='lat' dir='ltr'><strong>[ciuitatibus</strong></span> <span class='ocrx_word' id='word_1_865' title='bbox 3243 5156 3254 5168; x_wconf 45' lang='grc'><strong><em>⁸</em></strong></span> 
     </span>
    </p>
   </div>
   <div class='ocr_carea' id='block_1_114' title="bbox 1868 5156 3363 5226">
    <p class='ocr_par' dir='ltr' id='par_1_114' title="bbox 1868 5156 3363 5226">
     <span class='ocr_line' id='line_1_114' title="bbox 1868 5156 3363 5226; baseline -0.001 -12"><span class='ocrx_word' id='word_1_866' title='bbox 1868 5172 1892 5200; x_wconf 77' lang='grc' dir='ltr'><strong>ο</strong></span> <span class='ocrx_word' id='word_1_867' title='bbox 1935 5162 1989 5215; x_wconf 94' lang='lat' dir='ltr'><strong>ld</strong></span> <span class='ocrx_word' id='word_1_868' title='bbox 2020 5168 2099 5215; x_wconf 87' lang='lat' dir='ltr'><strong>est</strong></span> <span class='ocrx_word' id='word_1_869' title='bbox 2126 5161 2259 5213; x_wconf 85' lang='lat' dir='ltr'><strong>fidos</strong></span> <span class='ocrx_word' id='word_1_870' title='bbox 2284 5159 2651 5224; x_wconf 70' lang='lat' dir='ltr'><strong>clericos,&#39;.~eu</strong></span> <span class='ocrx_word' id='word_1_871' title='bbox 2680 5156 2814 5213; x_wconf 75' lang='lat' dir='ltr'><strong>aiios</strong></span> <span class='ocrx_word' id='word_1_872' title='bbox 2846 5159 3131 5211; x_wconf 85' lang='lat' dir='ltr'><strong>familiares</strong></span> <span class='ocrx_word' id='word_1_873' title='bbox 3165 5156 3363 5226; x_wconf 85' lang='lat' dir='ltr'><strong>quibus</strong></span> 
     </span>
    </p>
   </div>
   <div class='ocr_carea' id='block_1_115' title="bbox 1795 5231 2965 5286">
    <p class='ocr_par' dir='ltr' id='par_1_115' title="bbox 1795 5231 2965 5286">
     <span class='ocr_line' id='line_1_115' title="bbox 1795 5231 2965 5286; baseline -0.001 0"><span class='ocrx_word' id='word_1_874' title='bbox 1795 5231 2002 5286; x_wconf 80' lang='lat' dir='ltr'><strong>ﬁderet.</strong></span> <span class='ocrx_word' id='word_1_875' title='bbox 2057 5278 2059 5280; x_wconf 78' lang='lat'><strong>.</strong></span> <span class='ocrx_word' id='word_1_876' title='bbox 2962 5244 2965 5247; x_wconf 72' lang='lat'><strong><em>‘</em></strong></span> 
     </span>
    </p>
   </div>
   <div class='ocr_carea' id='block_1_116' title="bbox 1871 5294 2677 5363">
    <p class='ocr_par' dir='ltr' id='par_1_116' title="bbox 1871 5294 2677 5363">
     <span class='ocr_line' id='line_1_116' title="bbox 1871 5294 2677 5363; baseline -0.007 -9"><span class='ocrx_word' id='word_1_877' title='bbox 1871 5300 1891 5339; x_wconf 71' lang='grc' dir='ltr'><em>τ</em></span> <span class='ocrx_word' id='word_1_878' title='bbox 1937 5298 2255 5353; x_wconf 80' lang='lat' dir='ltr'><strong>Referuntur</strong></span> <span class='ocrx_word' id='word_1_879' title='bbox 2276 5296 2407 5349; x_wconf 89' lang='lat' dir='ltr'><strong>infra</strong></span> <span class='ocrx_word' id='word_1_880' title='bbox 2440 5311 2557 5363; x_wconf 89' lang='lat' dir='ltr'><strong>cap.</strong></span> <span class='ocrx_word' id='word_1_881' title='bbox 2587 5294 2677 5349; x_wconf 76' lang='lat'><strong>9.0.</strong></span> 
     </span>
    </p>
   </div>
   <div class='ocr_carea' id='block_1_117' title="bbox 1871 5362 3335 5433">
    <p class='ocr_par' dir='ltr' id='par_1_117' title="bbox 1871 5362 3335 5433">
     <span class='ocr_line' id='line_1_117' title="bbox 1871 5362 3335 5433; baseline 0 -16"><span class='ocrx_word' id='word_1_882' title='bbox 1871 5381 1896 5417; x_wconf 81' lang='grc' dir='ltr'>ις</span> <span class='ocrx_word' id='word_1_883' title='bbox 1941 5371 2053 5422; x_wconf 91' lang='lat' dir='ltr'><strong>lloc</strong></span> <span class='ocrx_word' id='word_1_884' title='bbox 2077 5377 2235 5433; x_wconf 87' lang='lat' dir='ltr'><strong>caput</strong></span> <span class='ocrx_word' id='word_1_885' title='bbox 2260 5374 2313 5418; x_wconf 91' lang='lat' dir='ltr'><strong>et</strong></span> <span class='ocrx_word' id='word_1_886' title='bbox 2339 5367 2442 5418; x_wconf 86' lang='lat' dir='ltr'><strong>duo</strong></span> <span class='ocrx_word' id='word_1_887' title='bbox 2460 5362 2810 5432; x_wconf 80' lang='lat' dir='ltr'><strong>seqq.desunt</strong></span> <span class='ocrx_word' id='word_1_888' title='bbox 2839 5364 2892 5417; x_wconf 91' lang='lat' dir='ltr'><strong>in</strong></span> <span class='ocrx_word' id='word_1_889' title='bbox 2913 5363 3028 5418; x_wconf 87' lang='lat' dir='ltr'><strong>Vat.</strong></span> <span class='ocrx_word' id='word_1_890' title='bbox 3053 5371 3109 5418; x_wconf 92' lang='lat' dir='ltr'><strong>et</strong></span> <span class='ocrx_word' id='word_1_891' title='bbox 3126 5362 3280 5417; x_wconf 83' lang='lat' dir='ltr'><strong>Colb.</strong></span> <span class='ocrx_word' id='word_1_892' title='bbox 3305 5381 3335 5417; x_wconf 91' lang='lat' dir='ltr'><strong>a</strong></span> 
     </span>
    </p>
   </div>
   <div class='ocr_carea' id='block_1_118' title="bbox 1870 5432 3367 5506">
    <p class='ocr_par' dir='ltr' id='par_1_118' title="bbox 1870 5432 3367 5506">
     <span class='ocr_line' id='line_1_118' title="bbox 1870 5432 3367 5506; baseline -0.003 -16"><span class='ocrx_word' id='word_1_893' title='bbox 1870 5438 1898 5475; x_wconf 73' lang='grc' dir='ltr'><strong>ιι</strong></span> <span class='ocrx_word' id='word_1_894' title='bbox 1942 5432 2441 5506; x_wconf 70' lang='lat' dir='ltr'><strong>liegm.,basilica...</strong></span> <span class='ocrx_word' id='word_1_895' title='bbox 2464 5443 2761 5506; x_wconf 70' lang='lat' dir='ltr'><strong>constructa</strong></span> <span class='ocrx_word' id='word_1_896' title='bbox 2792 5432 3022 5487; x_wconf 78' lang='lat' dir='ltr'><strong>habetur.</strong></span> <span class='ocrx_word' id='word_1_897' title='bbox 3049 5434 3193 5488; x_wconf 85' lang='lat' dir='ltr'><strong>Hanc</strong></span> <span class='ocrx_word' id='word_1_898' title='bbox 3225 5436 3367 5489; x_wconf 89' lang='lat' dir='ltr'><strong>basi-</strong></span> 
     </span>
    </p>
   </div>
   <div class='ocr_carea' id='block_1_119' title="bbox 1798 5505 3363 5573">
    <p class='ocr_par' dir='ltr' id='par_1_119' title="bbox 1798 5505 3363 5573">
     <span class='ocr_line' id='line_1_119' title="bbox 1798 5505 3363 5573; baseline -0.005 -11"><span class='ocrx_word' id='word_1_899' title='bbox 1798 5510 1950 5563; x_wconf 89' lang='lat' dir='ltr'><strong>lic:nn</strong></span> <span class='ocrx_word' id='word_1_900' title='bbox 1980 5505 2124 5569; x_wconf 78' lang='lat' dir='ltr'><strong>pu&#39;at</strong></span> <span class='ocrx_word' id='word_1_901' title='bbox 2150 5522 2266 5560; x_wconf 92' lang='lat' dir='ltr'><strong>eam</strong></span> <span class='ocrx_word' id='word_1_902' title='bbox 2297 5520 2415 5559; x_wconf 87' lang='lat' dir='ltr'><strong>esse</strong></span> <span class='ocrx_word' id='word_1_903' title='bbox 2440 5505 2707 5565; x_wconf 87' lang='lat' dir='ltr'><strong>Valesius,</strong></span> <span class='ocrx_word' id='word_1_904' title='bbox 2740 5520 2896 5573; x_wconf 87' lang='lat' dir='ltr'><strong>quam</strong></span> <span class='ocrx_word' id='word_1_905' title='bbox 2941 5506 3215 5559; x_wconf 86' lang='lat' dir='ltr'><strong>Ullilaicus</strong></span> <span class='ocrx_word' id='word_1_906' title='bbox 3266 5519 3363 5555; x_wconf 89' lang='lat' dir='ltr'><strong>su-</strong></span> 
     </span>
    </p>
   </div>
   <div class='ocr_carea' id='block_1_120' title="bbox 1800 5572 3366 5655">
    <p class='ocr_par' dir='ltr' id='par_1_120' title="bbox 1800 5572 3366 5655">
     <span class='ocr_line' id='line_1_120' title="bbox 1800 5572 3366 5655; baseline -0.004 -24"><span class='ocrx_word' id='word_1_907' title='bbox 1800 5594 1889 5646; x_wconf 86' lang='lat' dir='ltr'><strong>pra</strong></span> <span class='ocrx_word' id='word_1_908' title='bbox 1922 5578 2010 5630; x_wconf 90' lang='lat' dir='ltr'><strong>lib.</strong></span> <span class='ocrx_word' id='word_1_909' title='bbox 2040 5590 2151 5642; x_wconf 79' lang='lat' dir='ltr'><strong>vnt,</strong></span> <span class='ocrx_word' id='word_1_910' title='bbox 2176 5591 2292 5643; x_wconf 88' lang='lat' dir='ltr'><strong>cap.</strong></span> <span class='ocrx_word' id='word_1_911' title='bbox 2329 5572 2411 5638; x_wconf 83' lang='lat' dir='ltr'><strong>l5,</strong></span> <span class='ocrx_word' id='word_1_912' title='bbox 2430 5572 2767 5655; x_wconf 71' lang='lat' dir='ltr'><strong>memoratus</strong></span> <span class='ocrx_word' id='word_1_913' title='bbox 2789 5576 3154 5655; x_wconf 78' lang='lat' dir='ltr'><strong>construxisse</strong></span> <span class='ocrx_word' id='word_1_914' title='bbox 3172 5574 3366 5655; x_wconf 73' lang='lat' dir='ltr'><strong>dicitur</strong></span> 
     </span>
    </p>
   </div>
   <div class='ocr_carea' id='block_1_121' title="bbox 1839 5643 3368 5717">
    <p class='ocr_par' dir='ltr' id='par_1_121' title="bbox 1839 5643 3368 5717">
     <span class='ocr_line' id='line_1_121' title="bbox 1839 5643 3368 5717; baseline -0.004 -16"><span class='ocrx_word' id='word_1_915' title='bbox 1839 5664 1966 5714; x_wconf 89' lang='lat' dir='ltr'><strong>rope</strong></span> <span class='ocrx_word' id='word_1_916' title='bbox 2000 5648 2269 5717; x_wconf 83' lang='lat' dir='ltr'><strong>Eposium,</strong></span> <span class='ocrx_word' id='word_1_917' title='bbox 2303 5645 2443 5715; x_wconf 87' lang='lat' dir='ltr'><strong>quod</strong></span> <span class='ocrx_word' id='word_1_918' title='bbox 2471 5644 2725 5714; x_wconf 86' lang='lat' dir='ltr'><strong>oppidum</strong></span> <span class='ocrx_word' id='word_1_919' title='bbox 2755 5655 2873 5698; x_wconf 86' lang='lat' dir='ltr'><strong>erat</strong></span> <span class='ocrx_word' id='word_1_920' title='bbox 2898 5644 2954 5699; x_wconf 89' lang='lat' dir='ltr'><strong>in</strong></span> <span class='ocrx_word' id='word_1_921' title='bbox 2976 5647 3237 5700; x_wconf 79' lang='lat' dir='ltr'><strong>euinitatu</strong></span> <span class='ocrx_word' id='word_1_922' title='bbox 3264 5643 3368 5695; x_wconf 73' lang='grc' dir='ltr'><strong>ιά-</strong></span> 
     </span>
    </p>
   </div>
   <div class='ocr_carea' id='block_1_122' title="bbox 1838 5733 2003 5772">
    <p class='ocr_par' dir='ltr' id='par_1_122' title="bbox 1838 5733 2003 5772">
     <span class='ocr_line' id='line_1_122' title="bbox 1838 5733 2003 5772; baseline -0.018 0"><span class='ocrx_word' id='word_1_923' title='bbox 1838 5733 2003 5772; x_wconf 70' lang='grc' dir='ltr'>τειιδι.</span> 
     </span>
    </p>
   </div>
   <div class='ocr_carea' id='block_1_123' title="bbox 2836 5831 2904 5889">
    <p class='ocr_par' dir='ltr' id='par_1_123' title="bbox 2836 5831 2904 5889">
     <span class='ocr_line' id='line_1_123' title="bbox 2836 5831 2904 5889; baseline 0 0"><span class='ocrx_word' id='word_1_924' title='bbox 2836 5831 2904 5889; x_wconf 77' lang='grc'><strong>16</strong></span> 
     </span>
    </p>
   </div>
  </div>
