3942 6190
607 269 725 326 591

1593 272 1650 327 S.
1689 268 2015 327 GREGORII
2060 266 2358 322 EPISCOPI
2413 263 2831 323 flIRONENSIS
3741 271 3828 326 ‘92

603 380 694 433 sed
729 393 862 432 nunc
889 375 1068 450 [Forte
1095 375 1240 448 tunc]
1265 392 1368 432 non
1397 393 1524 432 cura
1557 390 1604 448 η,
1634 382 1726 436 sed
1757 393 1942 435 natura
1972 392 2171 434 tantum
2202 382 2248 442 Α
2276 385 2450 432 autem
2479 380 2558 432 his
2579 380 2768 434 diebus
2801 381 3242 448 pertimescente;
3273 398 3452 451 regem
3483 422 3497 444 ,
3527 381 3580 434 in
3609 382 3732 436 alias
3757 401 3824 437 re-

604 471 857 524 mnnitum
888 481 1022 524 eral.
1049 471 1103 523 In
1136 471 1232 524 hac
1257 484 1385 538 ergo
1417 472 1630 525 basilica
1657 488 1779 525 cum
1819 474 1978 526 rebus
2009 482 2172 541 atque

603 561 860 613 uxoribus
881 570 935 614 et
962 559 1159 613 familia
1207 574 1266 614 se
1294 561 1544 614 antedicti
1586 563 1977 614 concluserant.
2009 561 2170 616 Com-

603 662 746 704 moto
773 666 901 718 ergo
925 652 1185 716 exercitu,
1213 651 1351 704 sicut
1386 652 1651 717 diximus,
1673 650 2046 707 Childebertus
2079 668 2169 706 rex

603 741 727 794 illuc
771 741 925 808 dirigi
961 742 1132 809 jubet.
1175 741 1550 797 Verumtamen
1595 745 1848 797 commoti
1893 745 2167 805 homines,

602 845 880 904 antequam
913 835 975 888 ad
1004 850 1097 889 eos
1139 834 1487 900 accederent,
1520 837 1823 906 ubicunque
1863 846 1956 889 aut
1987 837 2169 900 villas,

599 933 692 978 aut
717 940 801 978 res
823 939 1003 977 eorum
1033 925 1267 992 reperire
1295 933 1595 992 potuerunt,
1630 927 1809 978 omnia
1831 925 2083 979 incendio
2106 941 2168 979 ac

601 1013 792 1081 praedae
822 1013 1173 1066 tradiderunt.
1219 1015 1551 1068 Aceedentes
1580 1022 1760 1070 autem
1798 1015 1864 1069 ad
1908 1016 2049 1069 hunc
2082 1017 2168 1068 lo-

598 1119 757 1168 cum,
799 1103 864 1156 ad
916 1113 1147 1158 montem
1190 1117 1249 1158 se
1291 1106 1619 1173 proripiunt,
1650 1116 1704 1160 et
1746 1107 2014 1160 basilicam
2047 1123 2167 1160 cum

597 1197 760 1248 annis
789 1196 1005 1249 vallant.
1049 1196 1320 1255 Ilabebant
1360 1206 1537 1251 autem
1577 1198 1724 1267 quasi
1753 1197 1780 1235 δ
1821 1200 2010 1254 ducem
2044 1209 2168 1255 tunc

598 1287 957 1356 Codegisilum
984 1329 998 1353 ,
1031 1287 1160 1354 Lupi
1192 1285 1342 1341 ducis
1371 1303 1644 1358 generum.
1676 1287 1913 1358 Cumque
1954 1305 2046 1344 eos
2075 1308 2167 1345 ex-

607 1375 822 1430 trahere
865 1376 932 1431 de
977 1375 1193 1429 basilica
1223 1391 1327 1430 non
1358 1377 1628 1440 valerent,
1673 1379 1847 1446 ignem
1896 1382 2167 1449 applicare

597 1468 854 1521 nituntur.
877 1468 1026 1533 Quod
1046 1481 1273 1521 cernens
1293 1467 1467 1529 Ursio,
1497 1470 1767 1523 accinctus
1799 1471 1995 1538 gladio.
2025 1473 2164 1527 foras

596 1571 843 1625 egressus
869 1565 968 1609 est.
998 1555 1268 1625 Tantaque
1299 1555 1444 1610 eazde
1474 1556 1571 1610 hos
1599 1559 1688 1627 qui
1719 1560 2030 1615 obsidebant
2053 1578 2162 1615 ma-

596 1648 778 1709 ctavit,
821 1655 878 1698 ut
917 1656 1254 1715 quotcunque
1287 1647 1336 1699 in
1368 1646 1485 1714 ejus
1516 1651 2022 1718 contemplationem
2061 1654 2158 1708 ad-

2276 465 2461 532 giones
2491 467 2886 521 abscesserunt.
2914 469 3160 522 Nonnulli
3187 474 3346 523 etiam
3381 485 3410 521 a
3442 473 3671 537 primatu
3699 471 3827 525 duca-

2275 563 2357 606 tus
2386 558 2577 610 remoti
2626 570 2782 627 sunt,
2808 559 2858 612 in
2889 574 3118 629 quorum
3165 563 3411 614 ordinem
3453 562 3544 614 alii
3579 577 3826 616 successe-

2282 656 2425 698 runt.

2344 736 2478 790 XIII.
2527 737 2961 792 Cuntchramnus
3001 754 3132 794 vero
3177 739 3516 804 Baddonem,
3557 754 3705 807 quem
3745 754 3824 806 pro

2271 829 2494 882 crimine
2513 829 2808 897 majestatis
2833 830 3079 899 superius
3094 830 3572 884 vinctumdiximus
3587 829 3711 897 (Lib.
3727 845 3820 888 vui.

2271 935 2382 989 cap.
2412 919 2525 990 Μ),
2556 922 2605 973 in
2632 921 2965 986 pra-sentiam
2996 936 3146 975 suam
3173 920 3352 975 venire
3376 919 3576 989 jussit;
3601 935 3649 976 et
3674 931 3819 974 trans-

2272 1009 2488 1065 mittens
2514 1027 2680 1078 usque
2729 1013 2997 1075 Parisios,
3045 1014 3162 1066 ait:
3200 1014 3257 1068 Si
3307 1029 3430 1066 eum
3479 1029 3602 1066 cum
3644 1013 3819 1067 idoneis

2273 1101 2570 1155 hominibus
2595 1102 2955 1172 Fredeguntlis
2973 1104 3040 1158 ab
3064 1105 3161 1159 hac
3182 1107 3394 1160 actimte
3427 1121 3531 1173 qua
3556 1105 3816 1172 impetitur,

2272 1190 2557 1244 immunem
2604 1190 2812 1257 fecerit,
2860 1194 3116 1248 abscedat
3167 1195 3321 1259 liber,
3357 1207 3412 1249 et
3463 1211 3569 1264 quo
3617 1196 3816 1248 voluetit

2269 1289 2375 1333 eat.
2407 1281 2510 1334 Sed
2534 1283 2752 1335 veniens
2781 1284 3034 1347 Parisios,
3060 1284 3242 1337 nullus
3267 1285 3333 1338 de
3365 1295 3514 1352 parte
3544 1294 3816 1337 memoratae

2270 1369 2504 1424 mulieris
2543 1372 2742 1437 adfuit,
2788 1374 2878 1443 qui
2924 1390 3045 1428 eum
3101 1376 3350 1429 ideneutn
3386 1376 3612 1428 reddere
3643 1387 3815 1442 posset.

2265 1462 2415 1516 Tune
2444 1465 2645 1517 vinctus
2668 1474 2721 1518 et
2742 1470 2945 1521 catenis
2966 1476 3237 1529 oneratus,
3263 1469 3361 1520 sub
3393 1471 3560 1520 ardua
3600 1467 3814 1521 custodis

2264 1557 2328 1605 ad
2359 1555 2539 1608 urbem
2559 1555 2984 1610 Cabillonensem
3010 1558 3259 1611 reductus
3280 1567 3383 1612 est.
3404 1558 3510 1611 Sed
3567 1567 3731 1625 postea
3753 1556 3818 1608 in-

2267 1646 2685 1698 tercurrentibus
2709 1648 2924 1711 nuntiis,
2948 1656 3001 1700 et
3024 1649 3314 1714 prmscrtim
3339 1647 3669 1700 Lt-udovaldo
3693 1644 3819 1711 Bajtr

594 1735 896 1801 venissent,
945 1735 1119 1789 nullus
1167 1737 1349 1790 vivens
1395 1751 1672 1791 remanere
1723 1741 1910 1807 possit.
1975 1743 2047 1797 lbi
2108 1755 2162 1799 et
2192 1744 2240 1803 B
2265 1737 2474 1791 cassino
2502 1738 2782 1805 pontiﬁce,
2807 1738 3058 1792 dimissus
3082 1737 3145 1790 ad
3170 1739 3380 1806 prepria
3406 1737 3578 1791 rediit.
3601 1735 3820 1790 Graviter

591 1825 878 1881 'I'rudulfus
907 1837 929 1864 ο
966 1826 1143 1894 palatii
1169 1829 1358 1896 regalis
1385 1842 1567 1883 comes
1591 1830 1805 1896 cecidit,
1839 1843 1890 1886 et
1919 1833 2071 1887 multi
2093 1834 2161 1889 de

591 1916 694 1970 hoc
713 1916 950 1971 exercitu
987 1921 1237 1986 prostrati
1285 1929 1432 1972 sunt.
1466 1921 1706 1989 Cumque
1737 1921 1845 1990 jam
1887 1925 2063 1978 nullus
2094 1926 2161 1980 de

587 2007 737 2061 cmde
761 2006 1003 2062 Ursionis
1028 2019 1305 2063 erueretor
1335 2007 1386 2078 ἀ,
1410 2010 1587 2064 subito
1628 2027 1917 2080 percussus
1956 2031 1984 2068 a
2023 2031 2162 2086 quo-

586 2103 707 2155 dam
737 2102 788 2155 in
820 2104 1038 2166 femore,
1065 2102 1477 2172 debilitatusque
1507 2105 1572 2157 ad
1614 2114 1815 2159 terram
1844 2108 1969 2174 ruit,
1996 2119 2052 2163 et
2084 2111 2162 2163 sic

589 2207 751 2261 super
774 2207 894 2246 eum
921 2191 1200 2246 ruentibus
1225 2193 1345 2247 aliis
1366 2197 1524 2248 vitam
1545 2196 1734 2250 finivit.
1759 2198 1909 2264 Quod
1936 2214 2161 2256 cernens

587 2280 939 2348 Godegt'silus,
961 2279 1192 2333 clamare
1208 2281 1372 2349 capit
1396 2298 1458 2336 ac
1489 2285 1668 2338 dicere
1695 2304 1706 2336 :
1735 2286 1854 2340 Fiat
1878 2304 2013 2343 nunc
2037 2305 2160 2359 pax,

511 2415 516 2419 .
581 2387 712 2424 ecce
743 2374 1003 2426 maximus
1030 2375 1278 2428 inimicus
1306 2377 1640 2429 dominorum
1681 2390 1984 2434 nostrorum
2017 2387 2158 2439 ruit:

587 2464 675 2518 hic
704 2479 832 2518 vero
863 2465 1240 2520 Berthefredus
1271 2466 1432 2520 vitam
1467 2467 1681 2522 habeat.
1717 2469 1841 2524 Ηίιξε
1883 2487 1948 2525 eo
1977 2473 2159 2528 dicen-

593 2566 680 2620 te,
707 2570 828 2609 cum
855 2558 1026 2610 omnis
1055 2557 1278 2626 populus
1319 2559 1385 2612 ad
1416 2558 1768 2627 direptionem
1816 2578 2016 2629 rerum,
2043 2581 2161 2631 qua:

594 2649 647 2701 in
672 2647 886 2702 basilica
923 2649 1169 2703 adunatze
1210 2651 1455 2716 fuerant,
1499 2652 1746 2719 inbiaret,
1784 2654 2161 2713 Berthefredus

589 2751 813 2792 ascenso
835 2741 1013 2808 equite
1043 2739 1109 2794 ad
1137 2740 1539 2796 Viridunensem
1584 2744 1771 2797 urbem
1801 2745 2022 2817 dirigit,
2061 2748 2163 2803 ibi-

585 2847 688 2901 que
720 2832 769 2885 in
798 2835 1031 2886 oratorio
1065 2834 1201 2902 quod
1235 2836 1286 2887 in
1315 2837 1473 2888 domo
1496 2837 1864 2893 ecclesiastica
1903 2850 2019 2893 erat
2044 2881 2059 2902 ,
2091 2856 2154 2895 se

586 2923 746 2976 tutari
772 2933 989 2992 putans,
1018 2927 1309 2989 pra-sertim
1337 2940 1456 2980 eum
1487 2935 1539 2979 et
1565 2925 1677 2993 ipse
1708 2930 1945 2996 pontifex
1975 2933 2160 3000 Ageri-

585 3015 760 3068 cns’in
793 3013 891 3068 hac
929 3016 1088 3067 domo
1120 3016 1397 3069 resideret.
1431 3014 1592 3087 432
1631 3017 1733 3073 Sed
1781 3033 1899 3072 cum
1943 3019 2158 3077 Childe-

2267 1838 2390 1880 tunc
2423 1828 2640 1881 morbus
2662 1828 3030 1898 dysentericus
3069 1830 3204 1896 apud
3235 1829 3545 1883 Mettenscm
3588 1826 3820 1879 satviebat

2263 1919 2471 1971 urbem.
2496 1917 2589 1971 Ils
2608 1918 2791 1971 diebus
2815 1933 2910 1971 nos
2933 1918 3056 1970 dum
3084 1920 3148 1971 ad
3166 1933 3448 1972 occursmn
3472 1919 3612 1985 regis
3649 1930 3822 1984 prope-

2263 2020 2538 2071 raremus,
2573 2006 2863 2060 Wiliulfum
2889 2009 3058 2061 civem
3097 2007 3364 2061 Pictavutn
3385 2046 3400 2070 ,
3431 2009 3641 2075 plenum
3670 2005 3820 2067 febre,

2263 2096 2365 2153 hoc
2404 2099 2590 2153 morbo
2635 2099 2962 2154 laborantem
3005 2100 3058 2153 iu
3082 2098 3165 2152 via
3209 2098 3550 2164 offendimus,
3576 2098 3625 2150 id
3647 2105 3722 2148 est
3762 2099 3819 2144 ait

2267 2188 2622 2243 Ithemensem
2647 2188 2831 2242 urbem
2866 2206 2878 2240 :
2908 2189 2974 2242 de
2995 2203 3097 2258 qua
3126 2188 3395 2256 profecms
3423 2187 3577 2241 valde
3604 2184 3822 2240 exinani-

2265 2288 2510 2344 ῑυειουηι
2537 2280 2601 2332 ad
2631 2279 2788 2350 433
2808 2283 2990 2333 urbem
3027 2279 3343 2334 Parisiacam
3377 2293 3497 2332 cum
3531 2279 3635 2331 lilio
3661 2289 3820 2328 uxoris

2263 2382 2372 2422 sure
2401 2371 2650 2434 venisset,
2678 2372 2813 2438 apud
2843 2372 3017 2422 villam
3076 2371 3463 2438 Rigoialensem
3496 2367 3516 2406 ί
3571 2368 3702 2421 facto
3749 2373 3820 2417 te-

2264 2469 2526 2514 stamento
2554 2464 2830 2515 delunctns
2851 2469 2964 2524 est;
2999 2477 3125 2529 puer
3139 2476 3283 2518 vero.
3310 2461 3397 2528 qui
3424 2467 3478 2512 ct
3508 2459 3621 2525 ipse
3647 2457 3709 2510 ab
3733 2458 3819 2506 hoc

2265 2553 2515 2622 languore
2532 2556 2830 2619 tenebatur,
2844 2555 2995 2614 obiit;
3010 2567 3062 2608 et
3076 2553 3151 2606 sic
3166 2554 3360 2622 pariter
3384 2554 3433 2604 in
3452 2550 3596 2604 urbis
3612 2550 3817 2602 Pictava:

2263 2649 2423 2702 delati
2449 2653 2753 2714 terminum,
2797 2650 3034 2703 tumulati
3074 2657 3216 2702 sunt.
3256 2648 3396 2702 Uxor
3417 2661 3629 2715 qUuque
3673 2642 3820 2710 ipsius

2263 2737 2483 2795 Wiliulli
2531 2744 2682 2794 tertio
2712 2743 2986 2809 copulatur
3015 2740 3148 2802 viro,
3179 2740 3286 2792 filio
3320 2739 3522 2791 setlicet
3562 2734 3820 2806 Bep,o!eui

2264 2832 2413 2885 ducis
2445 2832 2552 2900 ,q.:i
2582 2841 2634 2886 et
2665 2834 2777 2903 ipse
2806 2833 2935 2886 duas
2954 2833 3086 2900 jam,
3113 2841 3169 2885 ut
3195 2831 3405 2885 celebre
3433 2831 3620 2894 fertur,
3649 2843 3820 2882 uxores

2263 2923 2412 2976 vivas
2444 2923 2746 2991 reliquerat.
2769 2923 2895 2976 Erat
2920 2923 3062 2977 enim
3095 2923 3224 2976 levis
3252 2932 3408 2990 atque
3436 2920 3748 2984 luxuriosus,
3774 2929 3819 2971 et

2262 3013 2386 3068 dum
2422 3014 2584 3066 nimio
2609 3014 2802 3068 ardore
2829 3012 3198 3067 fornicationis
3226 3020 3540 3074 arctaretur,
3566 3024 3627 3063 ac
3657 3008 3817 3061 relicta

599 3105 751 3158 horto
779 3104 887 3173 regi
919 3103 1216 3158 nuntiatum
1245 3103 1466 3171 fuisset,
1495 3108 1742 3178 effugisse
1780 3110 1989 3166 scilicet
2035 3111 2159 3167 Ber-
2188 3106 2235 3169 C
2264 3104 2496 3173 conjuge
2531 3118 2650 3157 cum
2684 3103 2984 3157 famulabus
3013 3102 3327 3166 accubaret,
3356 3100 3648 3154 exliorrens
3675 3098 3820 3166 legiu-

588 3195 913 3260 thefredum,
946 3197 1220 3263 perculsus
1247 3197 1423 3251 cordis
1450 3197 1656 3264 dolore,
1689 3201 1800 3254 ait:
1824 3200 1882 3255 Si
1904 3203 1988 3256 hic
2016 3219 2158 3256 mor-

596 3293 700 3338 tem
725 3288 985 3366 evascri‘t,
1013 3301 1116 3338 non
1140 3287 1328 3341 evadet
1351 3288 1688 3360 Godegisilus
1708 3299 1732 3328 ε
1762 3307 1948 3346 manus
1987 3310 2155 3350 meas.

591 3374 868 3429 Nesciebat
897 3387 1072 3429 tamen
1097 3391 1188 3430 rex
1218 3392 1345 3432 eum
1373 3379 1424 3432 in
1449 3381 1666 3434 domum
1697 3383 1937 3436 ecclesiae
1967 3384 2159 3454 ingres-

586 3480 704 3519 sum
736 3465 917 3532 fuisse,
944 3466 1039 3520 sed
1069 3466 1223 3533 quasi
1256 3467 1308 3519 in
1333 3469 1605 3537 regionem
1630 3471 1790 3524 aliam
1827 3472 2156 3542 confugisse.

585 3557 734 3610 'I‘unc
760 3558 953 3611 timens
975 3558 1333 3627 Godegisilus,
1362 3570 1633 3615 commoto
1661 3562 1852 3616 iterum
1888 3565 2120 3619 exercitu
2141 3607 2158 3632 ,

586 3647 804 3702 domum
832 3648 1074 3703 ecclesia:
1100 3651 1321 3704 armatis
1351 3650 1528 3704 vallat.
1560 3651 1665 3708 Sed
1695 3667 1814 3706 cum
1840 3667 1958 3707 eum
1985 3655 2161 3722 ponti-

588 3739 674 3793 fex
697 3739 922 3794 reddere
945 3741 1204 3808 nequiret,
1221 3741 1312 3794 sed
1343 3741 1620 3796 defensare
1645 3752 1949 3809 conaretur,
1975 3758 2159 3800 ascen-

585 3829 773 3884 dentes
801 3844 956 3899 supra
981 3839 1200 3897 tectum,
1222 3846 1342 3885 eum
1369 3831 1436 3885 ab
1459 3834 1586 3901 ipsis
1616 3835 1804 3904 tegulis
1825 3850 1885 3889 ac
1913 3837 2159 3890 maceriis

585 3919 692 3992 [ΑΙ.
720 3920 1008 3990 materiis],
1031 3922 1221 3990 quibus
1257 3925 1546 3978 oratorium
1587 3935 1831 3994 opertum
1879 3935 2024 3992 erat,
2056 3929 2159 3982 illi-

589 4009 802 4073 dentes,
824 4011 1204 4066 interfecernnt
1229 4030 1241 4064 :
1267 4013 1442 4083 ibique
1465 4030 1580 4069 cum
1606 4017 1772 4073 tribus
1796 4018 2004 4075 famulis
2028 4036 2160 4073 mor-

586 4108 704 4154 tuus
735 4111 836 4157 est.
869 4103 1085 4157 Multum
1103 4121 1168 4158 ex
1202 4106 1302 4159 hoc
1325 4107 1606 4176 episcopus
1628 4108 1839 4176 dolens,
1867 4114 2008 4180 quod
2033 4129 2153 4167 eum

585 4207 688 4247 non
716 4195 886 4248 solum
913 4195 1194 4250 defensare
1226 4213 1330 4250 non
1363 4199 1553 4267 potuit,
1581 4216 1762 4253 verum
1789 4202 1955 4256 etiam
1980 4204 2155 4258 locum

584 4284 638 4338 in
664 4299 768 4354 quo
797 4301 954 4341 orare
992 4296 1377 4355 consueverat,
1421 4298 1476 4344 et
1508 4291 1558 4344 in
1592 4306 1698 4360 quo
1737 4304 2041 4348 sanctorum
2074 4295 2154 4364 pi-

586 4391 749 4444 gnora
794 4389 1074 4447 aggregata
1118 4378 1364 4447 fuerant,
1409 4381 1670 4449 sanguine
1720 4385 1955 4438 humano
1996 4387 2153 4453 pollui

2262 3213 2406 3252 mum
2454 3197 2800 3261 connubium,
2840 3196 2978 3249 aliud
3019 3195 3342 3263 expetebat:
3377 3195 3453 3247 sic
3496 3203 3552 3248 et
3595 3191 3818 3246 secunda:

2265 3289 2392 3344 fecit
2422 3299 2473 3343 et
2499 3289 2642 3353 huic,
2671 3290 2753 3343 cui
2785 3288 2943 3342 tertio
2970 3288 3245 3358 copulatus
3271 3295 3372 3348 est.
3419 3286 3667 3355 ignorans
3693 3283 3817 3352 quod

2261 3381 2519 3446 corruptio
2590 3378 3018 3448 incorruptionem
3083 3393 3185 3430 non
3247 3377 3518 3446 possidebit
3593 3374 3661 3444 (1
3714 3371 3818 3426 Cor.

2264 3483 2348 3531 xv,
2382 3468 2493 3536 50).

2331 3565 2464 3620 XIV.
2509 3566 2744 3619 Posthac
2774 3580 2892 3619 cum
2940 3563 3155 3634 Egidius
3187 3563 3508 3618 Rhemensis
3555 3561 3696 3616 urbis
3724 3559 3820 3628 epi-

2259 3672 2472 3726 scopus.
2497 3657 2564 3711 de
2594 3657 2687 3710 illo
2715 3658 2936 3710 crimine
2967 3655 3260 3725 majestatis
3288 3672 3391 3725 quo
3419 3655 3662 3724 superius
3683 3653 3820 3725 (Cap.

2263 3751 2351 3819 η)
2385 3751 2661 3806 memorati
2694 3751 2952 3818 perempti
3000 3759 3142 3816 sunt,
3193 3761 3472 3818 suspectus
3515 3750 3822 3809 hal'vretur,

2258 3858 2377 3898 cum
2410 3843 2619 3911 magnis
2667 3842 2976 3896 muneribus
3017 3842 3082 3895 ad
3127 3840 3526 3894 Cbildebertum
3555 3842 3821 3902 accedens,

2261 3933 2468 3988 veniam
2507 3936 2863 4001 deprecatur:
2905 3934 3052 4003 prius
3079 3943 3254 3985 tamen
3285 3941 3622 3987 sacramenta
3669 3930 3822 3985 susci-

2259 4025 2410 4095 piens
2439 4027 2489 4079 in
2520 4023 2734 4079 basilica
2768 4027 2935 4079 sancti
2967 4025 3192 4094 Remigii
3215 4034 3269 4090 ε,
3299 4040 3365 4078 ne
3399 4024 3599 4092 aliquid
3625 4027 3744 4077 mali
3778 4024 3822 4075 in

2256 4117 2446 4171 itinere
2477 4125 2772 4185 pateretur;
2808 4128 3189 4185 susceptusque
3219 4130 3247 4166 a
3279 4129 3403 4184 rege
3429 4129 3550 4168 cum
3581 4130 3710 4183 pace
3730 4114 3824 4165 dis-

2256 4209 2436 4262 cessit.
2507 4206 2697 4261 Pacem
2756 4207 2914 4260 etiam
2980 4222 3100 4260 cum
3169 4206 3316 4275 Lupo
3369 4209 3503 4260 duce
3569 4205 3822 4266 obtinuit,

2257 4313 2412 4368 quem
2441 4299 2698 4352 instinctu
2726 4301 2840 4366 ejus
2875 4301 2942 4353 de
2980 4299 3285 4367 Campania:
3319 4297 3511 4353 ducatu
3538 4311 3699 4366 supra
3728 4309 3825 4348 nte-

2262 4389 2583 4441 moravimus
2612 4387 2752 4455 (Lib.
2786 4404 2855 4452 vi,
2887 4403 3003 4455 cap.
3031 4387 3090 4456 II)
3135 4389 3298 4444 fuisse
3339 4388 3643 4455 depulsum.
3690 4385 3825 4441 Unde

585 4464 734 4522 \idit.
771 4470 912 4524 Misit
939 4479 1117 4526 autem
1146 4471 1519 4526 Childebertus
1545 4488 1637 4526 rex
1667 4488 1789 4528 cum
1821 4477 2152 4545 muneribus,
2183 4462 2237 4523 Ι)
2265 4492 2356 4532 rex
2401 4475 2835 4533 Guntcltramnus
2879 4479 3033 4532 valde
3059 4479 3112 4533 in
3142 4478 3548 4533 amaritudinem
3579 4478 3826 4532 excitatus

588 4565 646 4610 ut
674 4570 702 4608 a
732 4571 960 4612 maerore
985 4569 1330 4614 revocaretur
1354 4578 1366 4614 :
1392 4561 1486 4616 sed
1514 4561 1676 4615 noluit
1697 4563 1983 4617 consolari.
2010 4565 2158 4621 Multi

659 4676 686 4737 ἐι
727 4666 868 4737 Idem
901 4669 1019 4721 cod.
1055 4668 1265 4737 chm.,
1289 4672 1376 4725 sed
1401 4689 1501 4724 non
1524 4680 1812 4737 structura,
1836 4676 1924 4728 sed
1941 4689 2151 4732 natura.

657 4736 682 4773 δ
703 4735 917 4812 _(_.‘.hesn.
944 4735 1232 4812 nonhabet
1254 4735 1417 4809 quasi.
1444 4735 1807 4812 Codegisilum
1829 4746 2015 4800 ducem
2043 4749 2155 4800 lau-

583 4807 674 4884 dat
703 4805 1146 4884 Fortunatuslib.
1179 4824 1216 4884 t,
1240 4805 1405 4884 carm.
1426 4810 1489 4884 _6,
1512 4805 1689 4884 sed'is
1731 4813 2058 4884 Gallimagni
2109 4821 2158 4871 ft-

584 4880 708 4932 liam
737 4875 1155 4948 duxerat._l)uas
1180 4881 1335 4943 Iurte,
1356 4882 1397 4933 si
1425 4881 1561 4936 idem
1600 4883 1691 4948 sit,
1724 4899 1916 4939 uxores
1948 4875 2152 4942 habuit.

659 4957 682 5022 ﬁ
729 4948 944 5022 begun,
984 4945 1314 5022 Tridulpltus.
1352 4951 1496 5018 Bec.,
1531 4945 1822 5022 Tridtilfus.

658 5015 682 5054 ἀ
705 5017 813 5096 _Sic
842 5017 997 5096 Boil,
1037 5018 1148 5083 alii,
1167 5015 1687 5093 icernereturfliegtn.
1719 5015 1918 5090 autem,
1941 5042 2154 5096 cumque

597 5087 748 5142 Ursio
774 5104 804 5140 a
836 5087 976 5140 nullo
1006 5103 1164 5142 emus
1186 5099 1490 5145 cerneretur.

658 5164 683 5230 ξ
725 5155 961 5230 |_n_‘C0|li.
993 5173 1065 5230 tn.
1091 5167 1145 5230 et
1167 5156 1354 5225 Regni.
1386 5160 1534 5214 deest
1553 5159 1899 5230 Godegt'st'lus.

663 5223 695 5302 τ.
722 5225 869 5280 Alias
899 5223 1344 5302 Rotoial_uni,_aut
1376 5230 1641 5295 [{uoliutn,
1669 5223 1828 5302 vulgo
1854 5235 2008 5299 Huel,
2033 5235 2154 5289 villa

587 5295 934 5374 regia,_oquatn.
963 5296 1184 5374 Carolus
1213 5299 1408 5374 Calvus
1433 5295 1789 5374 _r.‘to_nasteri6
1823 5305 1878 5357 S.
1914 5295 2152 5374 Dionysii

556 5363 826 5442 ,cullltllil.
854 5364 1236 5442 Ilii-hodieque
1263 5368 1391 5442 villa
1433 5369 1739 5442 Richeliana
1776 5373 1979 5438 visitur,
2011 5363 2153 5442 pia:-

585 5432 898 5509 clarissimis
930 5432 1167 5509 fontibus
1199 5437 1441 5509 insignis,
1466 5440 1836 5509 distinguenda
1859 5459 1886 5494 a
1917 5432 2040 5497 villa
2070 5459 2156 5498 co-

585 5502 836 5624 gitiigm’ige
866 5504 919 5555 in
944 5504 1286 5573 Normannia,
1306 5502 1488 5574 Ἡιιεὶι,
1520 5511 1586 5564 de
1616 5502 1716 5578 q'ua
1737 5526 1899 5579 supra
1932 5516 2024 5569 lib.
2055 5530 2130 5569 vt!

586 5587 616 5624 c
689 5610 703 5624 .
803 5608 818 5624 .

586 5584 703 5639 cap.
731 5584 818 5625 tu.

655 5644 681 5688 ε
707 5640 894 5709 Regni.
916 5652 970 5694 et
993 5643 1148 5698 Colb.
1174 5660 1271 5709 m.,
1294 5649 1458 5700 sancti
1484 5646 1732 5705 Remedii.
1764 5651 1887 5706 [Itec
1912 5652 2152 5720 basilica,

647 5750 666 5774 ‘
692 5749 820 5805 Vide
843 5762 987 5813 supra
1010 5763 1170 5805 natam
1193 5766 1333 5819 quam
1359 5767 1549 5821 pegma:
1568 5760 1659 5814 225
1691 5762 1998 5823 subjecimus.
2017 5763 2150 5813 Ευιτ.

2262 4578 2363 4634 est,
2395 4583 2459 4622 eo
2481 4568 2619 4637 quod
2650 4569 2696 4624 ei
2724 4569 3042 4637 promiserat
3072 4568 3271 4638 Lupus,
3303 4583 3574 4638 nunquam
3612 4583 3672 4623 se
3714 4580 3823 4621 cum

2263 4696 2380 4756 qua:
2402 4691 2555 4756 antea
2579 4684 2743 4735 sancti
2772 4680 3140 4756 Christophori
3156 4682 3455 4756 dicebatur,
3471 4696 3554 4756 cx‘
3573 4681 3822 4756 Erodziar:

2263 4750 2353 4824 do,
2389 4753 2592 4804 ttttnulo
2617 4762 2670 4805 et
2700 4752 2910 4824 crebris
2950 4753 3218 4804 miraculis
3265 4751 3556 4824 beatissimi
3605 4750 3820 4824 Remigii

2263 4821 2586 4876 Francorum
2613 4823 2836 4888 apostoli
2861 4821 3117 4873 illustrata
3144 4832 3197 4874 et
3219 4821 3446 4875 celebris
3468 4820 3605 4873 facta
3628 4829 3727 4874 est.
3757 4820 3820 4868 lbi

2261 4906 2467 4943 sacrum
2491 4891 2730 4943 Cln-isma
2754 4900 3053 4945 asservatur
3076 4893 3140 4943 ad
3165 4905 3344 4959 regum
3375 4902 3680 4943 nostrorum
3708 4904 3825 4940 cou-

2262 4960 2684 5023 secrationem";
2730 4969 2782 5012 et
2827 4961 3039 5027 quidem
3085 4961 3245 5013 exiis
3279 4960 3549 5020 ttonnulli,
3609 4960 3742 5011 sicut
3777 4963 3824 5006 et

2261 5031 2458 5096 aliquot
2477 5030 2694 5095 reginae,
2722 5028 2916 5083 ibidem
2942 5031 3231 5098 inaugurati
3255 5029 3516 5082 solemnit»
3543 5044 3570 5080 r
3595 5030 3820 5080 fuerunt.

2263 5100 2314 5153 In
2341 5115 2399 5152 ea
2437 5114 2563 5152 vero
2611 5099 2823 5151 basilica
2864 5115 2968 5152 non
3013 5103 3184 5151 solum
3218 5101 3454 5166 plerique
3502 5098 3818 5166 Ithetuoruttt

2259 5168 2675 5234 archiepiscOpi,
2705 5176 2797 5221 aut
2823 5169 2909 5222 alii
2943 5170 3037 5221 viri
3087 5169 3292 5222 nobiles
3319 5164 3381 5222 et
3421 5169 3707 5234 principes,
3736 5164 3822 5217 sed

2260 5242 2420 5292 etiam
2453 5239 2870 5292 Carolomannus
2907 5238 3084 5291 Caroli
3124 5239 3191 5291 M.
3237 5238 3433 5301 frater,
3489 5235 3823 5300 nennullique

2261 5310 2347 5361 alii
2383 5309 2702 5361 Francorum
2735 5322 2886 5376 reges
2914 5322 2966 5361 et
2992 5310 3186 5375 regina:
3225 5308 3417 5373 sepulti
3442 5319 3589 5358 sunt.
3624 5308 3702 5358 0n
3735 5318 3823 5376 cu:

2259 5379 2346 5445 jus
2376 5379 2737 5432 celebritatem
2769 5371 2822 5429 et
2846 5371 3238 5444 prmrogativas,
3289 5371 3367 5428 ab
3391 5378 3540 5428 annis
3562 5377 3692 5428 circ.
3727 5371 3823 5424 (illi)

2261 5446 2719 5501 archimonasterii
2765 5449 2913 5499 titulo
2953 5446 3190 5515 gaudet;
3236 5447 3494 5514 hodieque
3528 5450 3821 5516 perseverat

2263 5518 2363 5570 sub
2384 5518 2571 5571 ordine
2597 5518 2765 5568 sancti
2793 5513 3056 5569 Benedicti
3081 5529 3133 5569 et
3152 5513 3425 5584 (iongreg,
3444 5518 3613 5567 Sancti
3643 5513 3818 5584 Mauri:

2265 5588 2420 5640 Plura
2443 5587 2487 5639 si
2519 5586 2687 5652 cupis,
2719 5585 2805 5638 adi
2841 5585 3222 5648 Frodoardum,
3255 5575 3601 5638 aut'MarloI.
3625 5593 3765 5637 tumo
3800 5575 3818 5628 Ι

2265 5656 2570 5726 Metropolis
2599 5655 2936 5721 Rhemensis,
2959 5655 3048 5710 lib.
3073 5670 3153 5722 ut,
3183 5669 3300 5724 cap.
3329 5654 3364 5706 2
3385 5664 3438 5711 et
3459 5668 3610 5724 seqq.
