  <div class='ocr_page' id='page_1' title='image "/cluster/home/n/w/nwhite01/storage/ocr_20150623/71/uva.x000827083/264.png"; bbox 0 0 3942 6190; ppageno 0'>
   <div class='ocr_carea' id='block_1_1' title="bbox 156 262 238 319">
    <p class='ocr_par' dir='ltr' id='par_1_1' title="bbox 156 262 238 319">
     <span class='ocr_line' id='line_1_1' title="bbox 156 262 238 319; baseline -0.037 -1"><span class='ocrx_word' id='word_1_1' title='bbox 156 262 238 319; x_wconf 52' lang='grc' dir='ltr'><strong>πφδ</strong></span> 
     </span>
    </p>
   </div>
   <div class='ocr_carea' id='block_1_2' title="bbox 963 247 2408 315">
    <p class='ocr_par' dir='ltr' id='par_1_2' title="bbox 963 247 2408 315">
     <span class='ocr_line' id='line_1_2' title="bbox 963 247 2408 315; baseline -0.01 -1"><span class='ocrx_word' id='word_1_2' title='bbox 963 250 979 267; x_wconf 86' lang='grc'><em>⁴</em></span> <span class='ocrx_word' id='word_1_3' title='bbox 1064 257 1381 315; x_wconf 66' lang='lat' dir='ltr'><strong>mswma</strong></span> <span class='ocrx_word' id='word_1_4' title='bbox 1425 248 1875 310; x_wconf 55' lang='grc' dir='ltr'><strong>Ηυκαοιιυλι.</strong></span> <span class='ocrx_word' id='word_1_5' title='bbox 1923 250 2122 303; x_wconf 68' lang='lat' dir='ltr'><strong>LIBER</strong></span> <span class='ocrx_word' id='word_1_6' title='bbox 2164 247 2408 302; x_wconf 63' lang='lat' dir='ltr'><strong>nouus.</strong></span> 
     </span>
    </p>
   </div>
   <div class='ocr_carea' id='block_1_3' title="bbox 3194 232 3368 300">
    <p class='ocr_par' dir='ltr' id='par_1_3' title="bbox 3194 232 3368 300">
     <span class='ocr_line' id='line_1_3' title="bbox 3194 232 3368 300; baseline 0.006 -1"><span class='ocrx_word' id='word_1_7' title='bbox 3194 232 3201 239; x_wconf 84' lang='grc'><strong>’</strong></span> <span class='ocrx_word' id='word_1_8' title='bbox 3268 245 3368 300; x_wconf 64' lang='lat' dir='ltr'><strong>tua</strong></span> 
     </span>
    </p>
   </div>
   <div class='ocr_carea' id='block_1_4' title="bbox 154 359 3368 446">
    <p class='ocr_par' dir='ltr' id='par_1_4' title="bbox 154 359 3368 446">
     <span class='ocr_line' id='line_1_4' title="bbox 154 359 3368 446; baseline 0 -27"><span class='ocrx_word' id='word_1_9' title='bbox 154 377 307 430; x_wconf 59' lang='lat' dir='ltr'><strong>mle.&quot;</strong></span> <span class='ocrx_word' id='word_1_10' title='bbox 350 389 520 446; x_wconf 74' lang='grc' dir='ltr'><strong>μοειη</strong></span> <span class='ocrx_word' id='word_1_11' title='bbox 554 375 830 440; x_wconf 61' lang='lat' dir='ltr'><strong>[actm-um,</strong></span> <span class='ocrx_word' id='word_1_12' title='bbox 867 375 990 443; x_wconf 75' lang='lat' dir='ltr'><strong>quia</strong></span> <span class='ocrx_word' id='word_1_13' title='bbox 1036 373 1227 427; x_wconf 78' lang='lat' dir='ltr'><strong>fuisset</strong></span> <span class='ocrx_word' id='word_1_14' title='bbox 1266 371 1411 440; x_wconf 81' lang='lat' dir='ltr'><strong>regis</strong></span> <span class='ocrx_word' id='word_1_15' title='bbox 1441 367 1685 438; x_wconf 75' lang='lat' dir='ltr'><strong>cognitus</strong></span> <span class='ocrx_word' id='word_1_16' title='bbox 1722 372 1762 417; x_wconf 68' lang='grc' dir='ltr'>Α</span> <span class='ocrx_word' id='word_1_17' title='bbox 1792 375 2062 414; x_wconf 64' lang='lat' dir='ltr'><strong>secessum</strong></span> <span class='ocrx_word' id='word_1_18' title='bbox 2093 370 2214 415; x_wconf 77' lang='lat' dir='ltr'><strong>exta</strong></span> <span class='ocrx_word' id='word_1_19' title='bbox 2266 359 2723 427; x_wconf 69' lang='lat' dir='ltr'><strong>historiographus</strong></span> <span class='ocrx_word' id='word_1_20' title='bbox 2752 360 2984 414; x_wconf 70' lang='lat' dir='ltr'><strong>narravit</strong></span> <span class='ocrx_word' id='word_1_21' title='bbox 3039 362 3295 418; x_wconf 67' lang='lat' dir='ltr'><strong>Eusebius</strong></span> <span class='ocrx_word' id='word_1_22' title='bbox 3316 363 3368 419; x_wconf 71' lang='grc' dir='ltr'><strong>ἀ.</strong></span> 
     </span>
    </p>
   </div>
   <div class='ocr_carea' id='block_1_5' title="bbox 156 481 385 521">
    <p class='ocr_par' dir='ltr' id='par_1_5' title="bbox 156 481 385 521">
     <span class='ocr_line' id='line_1_5' title="bbox 156 481 385 521; baseline -0.004 0"><span class='ocrx_word' id='word_1_23' title='bbox 156 481 385 521; x_wconf 61' lang='grc' dir='ltr'><strong>ιλιιηιουε.</strong></span> 
     </span>
    </p>
   </div>
   <div class='ocr_carea' id='block_1_6' title="bbox 213 549 1689 627">
    <p class='ocr_par' dir='ltr' id='par_1_6' title="bbox 213 549 1689 627">
     <span class='ocr_line' id='line_1_6' title="bbox 213 549 1689 627; baseline -0.005 -16"><span class='ocrx_word' id='word_1_24' title='bbox 213 557 310 612; x_wconf 73' lang='lat' dir='ltr'><strong>XV.</strong></span> <span class='ocrx_word' id='word_1_25' title='bbox 360 557 510 627; x_wconf 87' lang='lat' dir='ltr'><strong>Igitur</strong></span> <span class='ocrx_word' id='word_1_26' title='bbox 561 570 627 610; x_wconf 87' lang='lat' dir='ltr'><strong>eo</strong></span> <span class='ocrx_word' id='word_1_27' title='bbox 664 566 911 623; x_wconf 70' lang='lat' dir='ltr'><strong>tempore</strong></span> <span class='ocrx_word' id='word_1_28' title='bbox 939 555 991 609; x_wconf 93' lang='lat' dir='ltr'><strong>in</strong></span> <span class='ocrx_word' id='word_1_29' title='bbox 1053 554 1302 623; x_wconf 81' lang='lat' dir='ltr'><strong>Hispania</strong></span> <span class='ocrx_word' id='word_1_30' title='bbox 1356 549 1689 605; x_wconf 76' lang='lat' dir='ltr'><strong>Richaredus</strong></span> 
     </span>
    </p>
   </div>
   <div class='ocr_carea' id='block_1_7' title="bbox 158 640 1691 714">
    <p class='ocr_par' dir='ltr' id='par_1_7' title="bbox 158 640 1691 714">
     <span class='ocr_line' id='line_1_7' title="bbox 158 640 1691 714; baseline -0.005 -13"><span class='ocrx_word' id='word_1_31' title='bbox 158 664 251 711; x_wconf 75' lang='lat' dir='ltr'><strong>rex,</strong></span> <span class='ocrx_word' id='word_1_32' title='bbox 276 655 606 714; x_wconf 77' lang='lat' dir='ltr'><strong>compunctus</strong></span> <span class='ocrx_word' id='word_1_33' title='bbox 635 646 983 701; x_wconf 74' lang='lat' dir='ltr'><strong>miseratione</strong></span> <span class='ocrx_word' id='word_1_34' title='bbox 1011 643 1216 707; x_wconf 85' lang='lat' dir='ltr'><strong>divina,</strong></span> <span class='ocrx_word' id='word_1_35' title='bbox 1248 642 1555 697; x_wconf 77' lang='lat' dir='ltr'><strong>convocatis</strong></span> <span class='ocrx_word' id='word_1_36' title='bbox 1575 640 1691 710; x_wconf 87' lang='lat' dir='ltr'><strong>epi-</strong></span> 
     </span>
    </p>
   </div>
   <div class='ocr_carea' id='block_1_8' title="bbox 159 732 1694 807">
    <p class='ocr_par' dir='ltr' id='par_1_8' title="bbox 159 732 1694 807">
     <span class='ocr_line' id='line_1_8' title="bbox 159 732 1694 807; baseline -0.007 -15"><span class='ocrx_word' id='word_1_37' title='bbox 159 738 302 807; x_wconf 77' lang='lat' dir='ltr'><strong>smpis</strong></span> <span class='ocrx_word' id='word_1_38' title='bbox 329 737 588 807; x_wconf 81' lang='lat' dir='ltr'><strong>religionis</strong></span> <span class='ocrx_word' id='word_1_39' title='bbox 612 752 746 803; x_wconf 67' lang='lat' dir='ltr'><strong>sum,</strong></span> <span class='ocrx_word' id='word_1_40' title='bbox 778 737 851 791; x_wconf 87' lang='lat' dir='ltr'><strong>ait</strong></span> <span class='ocrx_word' id='word_1_41' title='bbox 922 736 1032 790; x_wconf 90' lang='lat' dir='ltr'><strong>Cur</strong></span> <span class='ocrx_word' id='word_1_42' title='bbox 1062 736 1197 790; x_wconf 90' lang='lat' dir='ltr'><strong>inter</strong></span> <span class='ocrx_word' id='word_1_43' title='bbox 1227 749 1321 787; x_wconf 90' lang='lat' dir='ltr'><strong>vos</strong></span> <span class='ocrx_word' id='word_1_44' title='bbox 1350 744 1405 787; x_wconf 87' lang='lat' dir='ltr'><strong>et</strong></span> <span class='ocrx_word' id='word_1_45' title='bbox 1447 732 1694 787; x_wconf 84' lang='lat' dir='ltr'><strong>sacerdo-</strong></span> 
     </span>
    </p>
   </div>
   <div class='ocr_carea' id='block_1_9' title="bbox 161 825 1692 897">
    <p class='ocr_par' dir='ltr' id='par_1_9' title="bbox 161 825 1692 897">
     <span class='ocr_line' id='line_1_9' title="bbox 161 825 1692 897; baseline 0 -21"><span class='ocrx_word' id='word_1_46' title='bbox 161 838 222 880; x_wconf 90' lang='lat' dir='ltr'><strong>tes</strong></span> <span class='ocrx_word' id='word_1_47' title='bbox 244 828 365 892; x_wconf 86' lang='lat' dir='ltr'><strong>illos,</strong></span> <span class='ocrx_word' id='word_1_48' title='bbox 392 827 478 897; x_wconf 86' lang='lat' dir='ltr'><strong>qui</strong></span> <span class='ocrx_word' id='word_1_49' title='bbox 506 842 563 882; x_wconf 86' lang='lat' dir='ltr'><strong>se</strong></span> <span class='ocrx_word' id='word_1_50' title='bbox 599 826 891 882; x_wconf 87' lang='lat' dir='ltr'><strong>catholicos</strong></span> <span class='ocrx_word' id='word_1_51' title='bbox 914 826 1127 892; x_wconf 80' lang='lat' dir='ltr'><strong>dicunt,</strong></span> <span class='ocrx_word' id='word_1_52' title='bbox 1160 826 1360 894; x_wconf 86' lang='lat' dir='ltr'><strong>jugiter</strong></span> <span class='ocrx_word' id='word_1_53' title='bbox 1385 825 1692 877; x_wconf 78' lang='lat' dir='ltr'><strong>sraudalum</strong></span> 
     </span>
    </p>
   </div>
   <div class='ocr_carea' id='block_1_10' title="bbox 159 913 1695 987">
    <p class='ocr_par' dir='ltr' id='par_1_10' title="bbox 159 913 1695 987">
     <span class='ocr_line' id='line_1_10' title="bbox 159 913 1695 987; baseline -0.003 -16"><span class='ocrx_word' id='word_1_54' title='bbox 159 928 471 986; x_wconf 77' lang='lat' dir='ltr'><strong>propagatur:</strong></span> <span class='ocrx_word' id='word_1_55' title='bbox 504 927 557 972; x_wconf 91' lang='lat' dir='ltr'><strong>et</strong></span> <span class='ocrx_word' id='word_1_56' title='bbox 586 933 708 972; x_wconf 86' lang='lat' dir='ltr'><strong>cum</strong></span> <span class='ocrx_word' id='word_1_57' title='bbox 743 917 814 971; x_wconf 71' lang='lat' dir='ltr'><strong>itii</strong></span> <span class='ocrx_word' id='word_1_58' title='bbox 847 932 943 987; x_wconf 90' lang='lat' dir='ltr'><strong>per</strong></span> <span class='ocrx_word' id='word_1_59' title='bbox 984 917 1139 971; x_wconf 81' lang='lat' dir='ltr'><strong>ﬁdem</strong></span> <span class='ocrx_word' id='word_1_60' title='bbox 1171 930 1320 968; x_wconf 79' lang='lat' dir='ltr'><strong>suam</strong></span> <span class='ocrx_word' id='word_1_61' title='bbox 1359 915 1505 977; x_wconf 76' lang='lat' dir='ltr'><strong>signa</strong></span> <span class='ocrx_word' id='word_1_62' title='bbox 1532 913 1695 968; x_wconf 89' lang='lat' dir='ltr'><strong>multa</strong></span> 
     </span>
    </p>
   </div>
   <div class='ocr_carea' id='block_1_11' title="bbox 158 1004 1697 1077">
    <p class='ocr_par' dir='ltr' id='par_1_11' title="bbox 158 1004 1697 1077">
     <span class='ocr_line' id='line_1_11' title="bbox 158 1004 1697 1077; baseline -0.001 -18"><span class='ocrx_word' id='word_1_63' title='bbox 158 1006 420 1073; x_wconf 77' lang='lat' dir='ltr'><strong>ostendant,</strong></span> <span class='ocrx_word' id='word_1_64' title='bbox 447 1022 540 1061; x_wconf 86' lang='lat' dir='ltr'><strong>vos</strong></span> <span class='ocrx_word' id='word_1_65' title='bbox 569 1006 701 1061; x_wconf 86' lang='lat' dir='ltr'><strong>nihil</strong></span> <span class='ocrx_word' id='word_1_66' title='bbox 734 1007 838 1061; x_wconf 82' lang='lat' dir='ltr'><strong>tale</strong></span> <span class='ocrx_word' id='word_1_67' title='bbox 867 1020 1028 1077; x_wconf 86' lang='lat' dir='ltr'><strong>agere</strong></span> <span class='ocrx_word' id='word_1_68' title='bbox 1052 1006 1274 1074; x_wconf 81' lang='lat' dir='ltr'><strong>potestis</strong></span> <span class='ocrx_word' id='word_1_69' title='bbox 1299 1005 1360 1058; x_wconf 70' lang='grc' dir='ltr'><strong>αἳ</strong></span> <span class='ocrx_word' id='word_1_70' title='bbox 1389 1006 1502 1069; x_wconf 77' lang='lat' dir='ltr'><strong>Qua</strong></span> <span class='ocrx_word' id='word_1_71' title='bbox 1544 1004 1611 1057; x_wconf 89' lang='lat' dir='ltr'><strong>de</strong></span> <span class='ocrx_word' id='word_1_72' title='bbox 1640 1018 1697 1057; x_wconf 87' lang='lat' dir='ltr'><strong>re</strong></span> 
     </span>
    </p>
   </div>
   <div class='ocr_carea' id='block_1_12' title="bbox 162 1094 1697 1168">
    <p class='ocr_par' dir='ltr' id='par_1_12' title="bbox 162 1094 1697 1168">
     <span class='ocr_line' id='line_1_12' title="bbox 162 1094 1697 1168; baseline -0.002 -20"><span class='ocrx_word' id='word_1_73' title='bbox 162 1097 416 1160; x_wconf 80' lang='lat' dir='ltr'><strong>convenite.</strong></span> <span class='ocrx_word' id='word_1_74' title='bbox 438 1111 639 1166; x_wconf 64' lang='lat' dir='ltr'><strong>quasso,</strong></span> <span class='ocrx_word' id='word_1_75' title='bbox 669 1095 832 1168; x_wconf 66' lang='grc'><strong>434</strong></span> <span class='ocrx_word' id='word_1_76' title='bbox 851 1096 1033 1156; x_wconf 84' lang='lat' dir='ltr'><strong>simul.</strong></span> <span class='ocrx_word' id='word_1_77' title='bbox 1063 1105 1119 1149; x_wconf 93' lang='lat' dir='ltr'><strong>et</strong></span> <span class='ocrx_word' id='word_1_78' title='bbox 1145 1094 1397 1149; x_wconf 82' lang='lat' dir='ltr'><strong>discussis</strong></span> <span class='ocrx_word' id='word_1_79' title='bbox 1426 1095 1697 1163; x_wconf 89' lang='lat' dir='ltr'><strong>utriusque</strong></span> 
     </span>
    </p>
   </div>
   <div class='ocr_carea' id='block_1_13' title="bbox 164 1187 1699 1257">
    <p class='ocr_par' dir='ltr' id='par_1_13' title="bbox 164 1187 1699 1257">
     <span class='ocr_line' id='line_1_13' title="bbox 164 1187 1699 1257; baseline 0 -20"><span class='ocrx_word' id='word_1_80' title='bbox 164 1188 295 1255; x_wconf 84' lang='lat' dir='ltr'><strong>partis</strong></span> <span class='ocrx_word' id='word_1_81' title='bbox 308 1187 725 1253; x_wconf 81' lang='lat' dir='ltr'><strong>credulitatibus,</strong></span> <span class='ocrx_word' id='word_1_82' title='bbox 752 1201 875 1257; x_wconf 79' lang='lat' dir='ltr'><strong>quae</strong></span> <span class='ocrx_word' id='word_1_83' title='bbox 902 1202 1023 1242; x_wconf 85' lang='lat' dir='ltr'><strong>vera</strong></span> <span class='ocrx_word' id='word_1_84' title='bbox 1049 1196 1172 1240; x_wconf 89' lang='lat' dir='ltr'><strong>sunt</strong></span> <span class='ocrx_word' id='word_1_85' title='bbox 1193 1199 1615 1255; x_wconf 79' lang='lat' dir='ltr'><strong>cognoscamus;</strong></span> <span class='ocrx_word' id='word_1_86' title='bbox 1644 1193 1699 1239; x_wconf 91' lang='lat' dir='ltr'><strong>et</strong></span> 
     </span>
    </p>
   </div>
   <div class='ocr_carea' id='block_1_14' title="bbox 163 1276 1699 1347">
    <p class='ocr_par' dir='ltr' id='par_1_14' title="bbox 163 1276 1699 1347">
     <span class='ocr_line' id='line_1_14' title="bbox 163 1276 1699 1347; baseline -0.003 -13"><span class='ocrx_word' id='word_1_87' title='bbox 163 1290 267 1334; x_wconf 82' lang='lat' dir='ltr'><strong>tunc</strong></span> <span class='ocrx_word' id='word_1_88' title='bbox 290 1289 369 1332; x_wconf 76' lang='lat' dir='ltr'><strong>aut</strong></span> <span class='ocrx_word' id='word_1_89' title='bbox 397 1289 615 1347; x_wconf 86' lang='lat' dir='ltr'><strong>accepta</strong></span> <span class='ocrx_word' id='word_1_90' title='bbox 640 1278 721 1332; x_wconf 86' lang='lat' dir='ltr'><strong>illi</strong></span> <span class='ocrx_word' id='word_1_91' title='bbox 749 1293 778 1331; x_wconf 91' lang='lat' dir='ltr'><strong>a</strong></span> <span class='ocrx_word' id='word_1_92' title='bbox 807 1278 954 1333; x_wconf 65' lang='lat' dir='ltr'><strong>vobis</strong></span> <span class='ocrx_word' id='word_1_93' title='bbox 988 1277 1192 1332; x_wconf 83' lang='lat' dir='ltr'><strong>ratione</strong></span> <span class='ocrx_word' id='word_1_94' title='bbox 1219 1292 1281 1332; x_wconf 86' lang='lat' dir='ltr'><strong>ea</strong></span> <span class='ocrx_word' id='word_1_95' title='bbox 1323 1276 1543 1331; x_wconf 90' lang='lat' dir='ltr'><strong>credant</strong></span> <span class='ocrx_word' id='word_1_96' title='bbox 1582 1291 1699 1346; x_wconf 62' lang='lat' dir='ltr'><strong>qua}</strong></span> 
     </span>
    </p>
   </div>
   <div class='ocr_carea' id='block_1_15' title="bbox 163 1369 1694 1439">
    <p class='ocr_par' dir='ltr' id='par_1_15' title="bbox 163 1369 1694 1439">
     <span class='ocr_line' id='line_1_15' title="bbox 163 1369 1694 1439; baseline 0.001 -17"><span class='ocrx_word' id='word_1_97' title='bbox 163 1370 327 1435; x_wconf 80' lang='lat' dir='ltr'><strong>dicitis,</strong></span> <span class='ocrx_word' id='word_1_98' title='bbox 354 1380 440 1424; x_wconf 85' lang='lat' dir='ltr'><strong>ant</strong></span> <span class='ocrx_word' id='word_1_99' title='bbox 465 1380 613 1425; x_wconf 87' lang='lat' dir='ltr'><strong>certe</strong></span> <span class='ocrx_word' id='word_1_100' title='bbox 643 1384 736 1425; x_wconf 88' lang='lat' dir='ltr'><strong>vos</strong></span> <span class='ocrx_word' id='word_1_101' title='bbox 762 1370 831 1424; x_wconf 89' lang='lat' dir='ltr'><strong>ab</strong></span> <span class='ocrx_word' id='word_1_102' title='bbox 862 1370 966 1425; x_wconf 86' lang='lat' dir='ltr'><strong>illis</strong></span> <span class='ocrx_word' id='word_1_103' title='bbox 994 1369 1270 1425; x_wconf 88' lang='lat' dir='ltr'><strong>veritatem</strong></span> <span class='ocrx_word' id='word_1_104' title='bbox 1303 1380 1654 1439; x_wconf 82' lang='lat' dir='ltr'><strong>agnoscentes</strong></span> <span class='ocrx_word' id='word_1_105' title='bbox 1678 1410 1694 1433; x_wconf 87' lang='lat'><strong>,</strong></span> 
     </span>
    </p>
   </div>
   <div class='ocr_carea' id='block_1_16' title="bbox 161 1459 1700 1531">
    <p class='ocr_par' dir='ltr' id='par_1_16' title="bbox 161 1459 1700 1531">
     <span class='ocr_line' id='line_1_16' title="bbox 161 1459 1700 1531; baseline 0.002 -18"><span class='ocrx_word' id='word_1_106' title='bbox 161 1477 257 1530; x_wconf 74' lang='lat' dir='ltr'><strong>qua:</strong></span> <span class='ocrx_word' id='word_1_107' title='bbox 279 1462 671 1531; x_wconf 67' lang='lat' dir='ltr'><strong>prredicaverint</strong></span> <span class='ocrx_word' id='word_1_108' title='bbox 712 1477 807 1516; x_wconf 82' lang='lat' dir='ltr'><strong>vos</strong></span> <span class='ocrx_word' id='word_1_109' title='bbox 835 1462 1087 1516; x_wconf 64' lang='lat' dir='ltr'><strong>credatis.</strong></span> <span class='ocrx_word' id='word_1_110' title='bbox 1135 1461 1286 1528; x_wconf 86' lang='lat' dir='ltr'><strong>Quod</strong></span> <span class='ocrx_word' id='word_1_111' title='bbox 1330 1476 1453 1516; x_wconf 90' lang='lat' dir='ltr'><strong>cum</strong></span> <span class='ocrx_word' id='word_1_112' title='bbox 1502 1459 1700 1516; x_wconf 81' lang='lat' dir='ltr'><strong>factum</strong></span> 
     </span>
    </p>
   </div>
   <div class='ocr_carea' id='block_1_17' title="bbox 162 1553 1703 1622">
    <p class='ocr_par' dir='ltr' id='par_1_17' title="bbox 162 1553 1703 1622">
     <span class='ocr_line' id='line_1_17' title="bbox 162 1553 1703 1622; baseline 0.001 -18"><span class='ocrx_word' id='word_1_113' title='bbox 162 1553 334 1617; x_wconf 81' lang='lat' dir='ltr'><strong>luisset,</strong></span> <span class='ocrx_word' id='word_1_114' title='bbox 361 1555 696 1622; x_wconf 76' lang='lat' dir='ltr'><strong>congregatis</strong></span> <span class='ocrx_word' id='word_1_115' title='bbox 723 1554 996 1620; x_wconf 88' lang='lat' dir='ltr'><strong>utriusque</strong></span> <span class='ocrx_word' id='word_1_116' title='bbox 1055 1555 1219 1620; x_wconf 90' lang='lat' dir='ltr'><strong>partis</strong></span> <span class='ocrx_word' id='word_1_117' title='bbox 1264 1553 1550 1620; x_wconf 88' lang='lat' dir='ltr'><strong>episcopis,</strong></span> <span class='ocrx_word' id='word_1_118' title='bbox 1582 1568 1703 1621; x_wconf 88' lang='lat' dir='ltr'><strong>pro-</strong></span> 
     </span>
    </p>
   </div>
   <div class='ocr_carea' id='block_1_18' title="bbox 162 1644 1700 1714">
    <p class='ocr_par' dir='ltr' id='par_1_18' title="bbox 162 1644 1700 1714">
     <span class='ocr_line' id='line_1_18' title="bbox 162 1644 1700 1714; baseline -0.002 -15"><span class='ocrx_word' id='word_1_119' title='bbox 162 1658 411 1711; x_wconf 83' lang='lat' dir='ltr'><strong>posuerunt</strong></span> <span class='ocrx_word' id='word_1_120' title='bbox 434 1645 679 1702; x_wconf 69' lang='lat' dir='ltr'><strong>haeretici</strong></span> <span class='ocrx_word' id='word_1_121' title='bbox 705 1646 795 1701; x_wconf 89' lang='lat' dir='ltr'><strong>illa</strong></span> <span class='ocrx_word' id='word_1_122' title='bbox 820 1662 939 1714; x_wconf 80' lang='lat' dir='ltr'><strong>qua:</strong></span> <span class='ocrx_word' id='word_1_123' title='bbox 968 1645 1163 1714; x_wconf 66' lang='lat' dir='ltr'><strong>saepius</strong></span> <span class='ocrx_word' id='word_1_124' title='bbox 1186 1645 1252 1699; x_wconf 84' lang='lat' dir='ltr'><strong>ab</strong></span> <span class='ocrx_word' id='word_1_125' title='bbox 1280 1645 1409 1712; x_wconf 88' lang='lat' dir='ltr'><strong>ipsis</strong></span> <span class='ocrx_word' id='word_1_126' title='bbox 1431 1644 1569 1699; x_wconf 87' lang='lat' dir='ltr'><strong>dicta</strong></span> <span class='ocrx_word' id='word_1_127' title='bbox 1589 1644 1700 1714; x_wconf 87' lang='lat' dir='ltr'><strong>jam</strong></span> 
     </span>
    </p>
   </div>
   <div class='ocr_carea' id='block_1_19' title="bbox 1794 449 3374 526">
    <p class='ocr_par' dir='ltr' id='par_1_19' title="bbox 1794 449 3374 526">
     <span class='ocr_line' id='line_1_19' title="bbox 1794 449 3374 526; baseline 0.004 -22"><span class='ocrx_word' id='word_1_128' title='bbox 1794 449 1897 504; x_wconf 94' lang='lat' dir='ltr'><strong>Sed</strong></span> <span class='ocrx_word' id='word_1_129' title='bbox 1929 465 2047 504; x_wconf 89' lang='lat' dir='ltr'><strong>cum</strong></span> <span class='ocrx_word' id='word_1_130' title='bbox 2072 451 2185 513; x_wconf 64' lang='lat' dir='ltr'><strong>hinc</strong></span> <span class='ocrx_word' id='word_1_131' title='bbox 2215 451 2407 519; x_wconf 79' lang='lat' dir='ltr'><strong>populo</strong></span> <span class='ocrx_word' id='word_1_132' title='bbox 2428 459 2586 505; x_wconf 75' lang='lat' dir='ltr'><strong>secta:</strong></span> <span class='ocrx_word' id='word_1_133' title='bbox 2607 466 2715 504; x_wconf 70' lang='lat' dir='ltr'><strong>sua:</strong></span> <span class='ocrx_word' id='word_1_134' title='bbox 2736 454 2955 506; x_wconf 78' lang='lat' dir='ltr'><strong>credere</strong></span> <span class='ocrx_word' id='word_1_135' title='bbox 2978 471 3082 507; x_wconf 89' lang='lat' dir='ltr'><strong>non</strong></span> <span class='ocrx_word' id='word_1_136' title='bbox 3106 458 3307 510; x_wconf 81' lang='lat' dir='ltr'><strong>sineret</strong></span> <span class='ocrx_word' id='word_1_137' title='bbox 3322 466 3374 526; x_wconf 75' lang='grc' dir='ltr'><strong>ο,</strong></span> 
     </span>
    </p>
   </div>
   <div class='ocr_carea' id='block_1_20' title="bbox 1795 539 3375 620">
    <p class='ocr_par' dir='ltr' id='par_1_20' title="bbox 1795 539 3375 620">
     <span class='ocr_line' id='line_1_20' title="bbox 1795 539 3375 620; baseline 0.006 -28"><span class='ocrx_word' id='word_1_138' title='bbox 1795 549 1850 593; x_wconf 80' lang='lat' dir='ltr'><strong>ct</strong></span> <span class='ocrx_word' id='word_1_139' title='bbox 1893 539 1961 593; x_wconf 90' lang='lat' dir='ltr'><strong>ad</strong></span> <span class='ocrx_word' id='word_1_140' title='bbox 2009 540 2447 595; x_wconf 87' lang='lat' dir='ltr'><strong>consentiemlum</strong></span> <span class='ocrx_word' id='word_1_141' title='bbox 2478 541 2526 594; x_wconf 91' lang='lat' dir='ltr'><strong>ei</strong></span> <span class='ocrx_word' id='word_1_142' title='bbox 2560 556 2847 610; x_wconf 85' lang='lat' dir='ltr'><strong>paucorum</strong></span> <span class='ocrx_word' id='word_1_143' title='bbox 2878 542 3078 600; x_wconf 73' lang='lat' dir='ltr'><strong>faveret</strong></span> <span class='ocrx_word' id='word_1_144' title='bbox 3112 548 3375 620; x_wconf 85' lang='lat' dir='ltr'><strong>adulatio,</strong></span> 
     </span>
    </p>
   </div>
   <div class='ocr_carea' id='block_1_21' title="bbox 1795 628 3375 699">
    <p class='ocr_par' dir='ltr' id='par_1_21' title="bbox 1795 628 3375 699">
     <span class='ocr_line' id='line_1_21' title="bbox 1795 628 3375 699; baseline 0.008 -14"><span class='ocrx_word' id='word_1_145' title='bbox 1795 638 2091 686; x_wconf 85' lang='lat' dir='ltr'><strong>commotus</strong></span> <span class='ocrx_word' id='word_1_146' title='bbox 2120 628 2260 694; x_wconf 82' lang='lat' dir='ltr'><strong>felle,</strong></span> <span class='ocrx_word' id='word_1_147' title='bbox 2280 632 2551 699; x_wconf 63' lang='lat' dir='ltr'><strong>ingressus</strong></span> <span class='ocrx_word' id='word_1_148' title='bbox 2573 631 2625 686; x_wconf 92' lang='lat' dir='ltr'><strong>iu</strong></span> <span class='ocrx_word' id='word_1_149' title='bbox 2649 634 2898 689; x_wconf 89' lang='lat' dir='ltr'><strong>cellulam</strong></span> <span class='ocrx_word' id='word_1_150' title='bbox 2926 652 3097 696; x_wconf 88' lang='lat' dir='ltr'><strong>suam.</strong></span> <span class='ocrx_word' id='word_1_151' title='bbox 3123 639 3375 697; x_wconf 87' lang='lat' dir='ltr'><strong>iuc&#39;iuato</strong></span> 
     </span>
    </p>
   </div>
   <div class='ocr_carea' id='block_1_22' title="bbox 1797 723 3371 796">
    <p class='ocr_par' dir='ltr' id='par_1_22' title="bbox 1797 723 3371 796">
     <span class='ocr_line' id='line_1_22' title="bbox 1797 723 3371 796; baseline 0.008 -21"><span class='ocrx_word' id='word_1_152' title='bbox 1797 738 1958 790; x_wconf 78' lang='lat' dir='ltr'><strong>Super</strong></span> <span class='ocrx_word' id='word_1_153' title='bbox 1986 723 2239 777; x_wconf 85' lang='lat' dir='ltr'><strong>lectulum</strong></span> <span class='ocrx_word' id='word_1_154' title='bbox 2267 727 2465 791; x_wconf 79' lang='lat' dir='ltr'><strong>capite,</strong></span> <span class='ocrx_word' id='word_1_155' title='bbox 2515 741 2739 794; x_wconf 81' lang='lat' dir='ltr'><strong>nequam</strong></span> <span class='ocrx_word' id='word_1_156' title='bbox 2786 730 3032 796; x_wconf 83' lang='lat' dir='ltr'><strong>spiritm</strong></span> <span class='ocrx_word' id='word_1_157' title='bbox 3081 732 3371 791; x_wconf 80' lang='lat' dir='ltr'><strong>exhalavit.</strong></span> 
     </span>
    </p>
   </div>
   <div class='ocr_carea' id='block_1_23' title="bbox 1799 816 3376 891">
    <p class='ocr_par' dir='ltr' id='par_1_23' title="bbox 1799 816 3376 891">
     <span class='ocr_line' id='line_1_23' title="bbox 1799 816 3376 891; baseline 0.004 -23"><span class='ocrx_word' id='word_1_158' title='bbox 1799 816 1993 880; x_wconf 84' lang='lat' dir='ltr'><strong>Sicque</strong></span> <span class='ocrx_word' id='word_1_159' title='bbox 2027 816 2401 869; x_wconf 73' lang='lat' dir='ltr'><strong>luereticorutn</strong></span> <span class='ocrx_word' id='word_1_160' title='bbox 2427 819 2675 885; x_wconf 88' lang='lat' dir='ltr'><strong>populus,</strong></span> <span class='ocrx_word' id='word_1_161' title='bbox 2712 819 2760 871; x_wconf 88' lang='lat' dir='ltr'><strong>in</strong></span> <span class='ocrx_word' id='word_1_162' title='bbox 2792 820 2902 886; x_wconf 83' lang='lat' dir='ltr'><strong>ipsa</strong></span> <span class='ocrx_word' id='word_1_163' title='bbox 2931 822 3234 877; x_wconf 87' lang='lat' dir='ltr'><strong>consistens</strong></span> <span class='ocrx_word' id='word_1_164' title='bbox 3255 843 3376 891; x_wconf 78' lang='lat' dir='ltr'><strong>pro-</strong></span> 
     </span>
    </p>
   </div>
   <div class='ocr_carea' id='block_1_24' title="bbox 1801 902 3378 979">
    <p class='ocr_par' dir='ltr' id='par_1_24' title="bbox 1801 902 3378 979">
     <span class='ocr_line' id='line_1_24' title="bbox 1801 902 3378 979; baseline 0.01 -26"><span class='ocrx_word' id='word_1_165' title='bbox 1801 902 1993 965; x_wconf 79' lang='lat' dir='ltr'><strong>viucio,</strong></span> <span class='ocrx_word' id='word_1_166' title='bbox 2037 905 2442 973; x_wconf 77' lang='lat' dir='ltr'><strong>inseparabilem</strong></span> <span class='ocrx_word' id='word_1_167' title='bbox 2491 906 2803 960; x_wconf 68' lang='lat' dir='ltr'><strong>Trinitatem</strong></span> <span class='ocrx_word' id='word_1_168' title='bbox 2850 909 3151 979; x_wconf 77' lang='lat' dir='ltr'><strong>confessus,</strong></span> <span class='ocrx_word' id='word_1_169' title='bbox 3192 914 3259 968; x_wconf 83' lang='lat' dir='ltr'><strong>ab</strong></span> <span class='ocrx_word' id='word_1_170' title='bbox 3289 932 3378 968; x_wconf 87' lang='lat' dir='ltr'><strong>cr-</strong></span> 
     </span>
    </p>
   </div>
   <div class='ocr_carea' id='block_1_25' title="bbox 1801 996 2215 1050">
    <p class='ocr_par' dir='ltr' id='par_1_25' title="bbox 1801 996 2215 1050">
     <span class='ocr_line' id='line_1_25' title="bbox 1801 996 2215 1050; baseline 0.012 -5"><span class='ocrx_word' id='word_1_171' title='bbox 1801 1010 1921 1048; x_wconf 89' lang='lat' dir='ltr'><strong>rore</strong></span> <span class='ocrx_word' id='word_1_172' title='bbox 1949 996 2215 1050; x_wconf 86' lang='lat' dir='ltr'><strong>discessit.</strong></span> 
     </span>
    </p>
   </div>
   <div class='ocr_carea' id='block_1_26' title="bbox 1876 1084 3381 1164">
    <p class='ocr_par' dir='ltr' id='par_1_26' title="bbox 1876 1084 3381 1164">
     <span class='ocr_line' id='line_1_26' title="bbox 1876 1084 3381 1164; baseline 0.012 -26"><span class='ocrx_word' id='word_1_173' title='bbox 1876 1084 2014 1139; x_wconf 78' lang='lat' dir='ltr'><strong>XVI.</strong></span> <span class='ocrx_word' id='word_1_174' title='bbox 2071 1086 2311 1142; x_wconf 72' lang='lat' dir='ltr'><strong>Postltmc</strong></span> <span class='ocrx_word' id='word_1_175' title='bbox 2355 1088 2687 1147; x_wconf 78' lang='lat' dir='ltr'><strong>Ricltarcdus</strong></span> <span class='ocrx_word' id='word_1_176' title='bbox 2741 1093 3059 1164; x_wconf 84' lang='lat' dir='ltr'><strong>legationem</strong></span> <span class='ocrx_word' id='word_1_177' title='bbox 3104 1099 3170 1154; x_wconf 89' lang='lat' dir='ltr'><strong>ad</strong></span> <span class='ocrx_word' id='word_1_178' title='bbox 3209 1101 3381 1157; x_wconf 80' lang='lat' dir='ltr'><strong>Gunt-</strong></span> 
     </span>
    </p>
   </div>
   <div class='ocr_carea' id='block_1_27' title="bbox 1802 1179 3382 1264">
    <p class='ocr_par' dir='ltr' id='par_1_27' title="bbox 1802 1179 3382 1264">
     <span class='ocr_line' id='line_1_27' title="bbox 1802 1179 3382 1264; baseline 0.011 -33"><span class='ocrx_word' id='word_1_179' title='bbox 1802 1179 2116 1233; x_wconf 89' lang='lat' dir='ltr'><strong>chramnum</strong></span> <span class='ocrx_word' id='word_1_180' title='bbox 2149 1188 2311 1250; x_wconf 87' lang='lat' dir='ltr'><strong>atque</strong></span> <span class='ocrx_word' id='word_1_181' title='bbox 2337 1180 2402 1235; x_wconf 90' lang='lat' dir='ltr'><strong>ad</strong></span> <span class='ocrx_word' id='word_1_182' title='bbox 2432 1180 2827 1239; x_wconf 87' lang='lat' dir='ltr'><strong>Childebertum</strong></span> <span class='ocrx_word' id='word_1_183' title='bbox 2854 1186 3047 1245; x_wconf 79' lang='lat' dir='ltr'><strong>direxit</strong></span> <span class='ocrx_word' id='word_1_184' title='bbox 3078 1192 3221 1261; x_wconf 82' lang='lat' dir='ltr'><strong>pacis</strong></span> <span class='ocrx_word' id='word_1_185' title='bbox 3262 1210 3382 1264; x_wconf 86' lang='lat' dir='ltr'><strong>gra-</strong></span> 
     </span>
    </p>
   </div>
   <div class='ocr_carea' id='block_1_28' title="bbox 1805 1267 3385 1347">
    <p class='ocr_par' dir='ltr' id='par_1_28' title="bbox 1805 1267 3385 1347">
     <span class='ocr_line' id='line_1_28' title="bbox 1805 1267 3385 1347; baseline 0.013 -28"><span class='ocrx_word' id='word_1_186' title='bbox 1805 1268 1898 1331; x_wconf 86' lang='lat' dir='ltr'><strong>tia,</strong></span> <span class='ocrx_word' id='word_1_187' title='bbox 1930 1276 1990 1321; x_wconf 84' lang='lat' dir='ltr'><strong>ut</strong></span> <span class='ocrx_word' id='word_1_188' title='bbox 2018 1267 2242 1333; x_wconf 87' lang='lat' dir='ltr'><strong>scilicet,</strong></span> <span class='ocrx_word' id='word_1_189' title='bbox 2277 1270 2415 1325; x_wconf 90' lang='lat' dir='ltr'><strong>sicut</strong></span> <span class='ocrx_word' id='word_1_190' title='bbox 2442 1271 2492 1325; x_wconf 89' lang='lat' dir='ltr'><strong>in</strong></span> <span class='ocrx_word' id='word_1_191' title='bbox 2539 1272 2643 1328; x_wconf 88' lang='lat' dir='ltr'><strong>lide</strong></span> <span class='ocrx_word' id='word_1_192' title='bbox 2684 1290 2744 1329; x_wconf 85' lang='lat' dir='ltr'><strong>se</strong></span> <span class='ocrx_word' id='word_1_193' title='bbox 2772 1279 3047 1334; x_wconf 82' lang='lat' dir='ltr'><strong>asserebat</strong></span> <span class='ocrx_word' id='word_1_194' title='bbox 3078 1298 3262 1347; x_wconf 87' lang='lat' dir='ltr'><strong>unum,</strong></span> <span class='ocrx_word' id='word_1_195' title='bbox 3311 1287 3385 1340; x_wconf 81' lang='lat' dir='ltr'><strong>ita</strong></span> 
     </span>
    </p>
   </div>
   <div class='ocr_carea' id='block_1_29' title="bbox 1803 1357 3384 1430">
    <p class='ocr_par' dir='ltr' id='par_1_29' title="bbox 1803 1357 3384 1430">
     <span class='ocr_line' id='line_1_29' title="bbox 1803 1357 3384 1430; baseline 0.011 -18"><span class='ocrx_word' id='word_1_196' title='bbox 1803 1367 1858 1412; x_wconf 91' lang='lat' dir='ltr'><strong>et</strong></span> <span class='ocrx_word' id='word_1_197' title='bbox 1885 1357 2145 1413; x_wconf 89' lang='lat' dir='ltr'><strong>cbaritate</strong></span> <span class='ocrx_word' id='word_1_198' title='bbox 2167 1375 2226 1414; x_wconf 91' lang='lat' dir='ltr'><strong>se</strong></span> <span class='ocrx_word' id='word_1_199' title='bbox 2242 1372 2515 1430; x_wconf 82' lang='lat' dir='ltr'><strong>praestaret</strong></span> <span class='ocrx_word' id='word_1_200' title='bbox 2546 1365 2772 1421; x_wconf 89' lang='lat' dir='ltr'><strong>unitum.</strong></span> <span class='ocrx_word' id='word_1_201' title='bbox 2801 1366 2908 1424; x_wconf 85' lang='lat' dir='ltr'><strong>Sed</strong></span> <span class='ocrx_word' id='word_1_202' title='bbox 2933 1386 2961 1423; x_wconf 91' lang='lat' dir='ltr'><strong>a</strong></span> <span class='ocrx_word' id='word_1_203' title='bbox 2984 1371 3384 1430; x_wconf 85' lang='lat' dir='ltr'><strong>Guntchratuuo</strong></span> 
     </span>
    </p>
   </div>
   <div class='ocr_carea' id='block_1_30' title="bbox 1805 1452 3383 1528">
    <p class='ocr_par' dir='ltr' id='par_1_30' title="bbox 1805 1452 3383 1528">
     <span class='ocr_line' id='line_1_30' title="bbox 1805 1452 3383 1528; baseline 0.014 -26"><span class='ocrx_word' id='word_1_204' title='bbox 1805 1465 1928 1520; x_wconf 81' lang='lat' dir='ltr'><strong>rege</strong></span> <span class='ocrx_word' id='word_1_205' title='bbox 1988 1452 2184 1520; x_wconf 80' lang='lat' dir='ltr'><strong>repulsi</strong></span> <span class='ocrx_word' id='word_1_206' title='bbox 2238 1463 2384 1519; x_wconf 90' lang='lat' dir='ltr'><strong>sunt,</strong></span> <span class='ocrx_word' id='word_1_207' title='bbox 2439 1455 2650 1512; x_wconf 85' lang='lat' dir='ltr'><strong>dicente</strong></span> <span class='ocrx_word' id='word_1_208' title='bbox 2696 1477 2711 1512; x_wconf 86' lang='lat'><strong>;</strong></span> <span class='ocrx_word' id='word_1_209' title='bbox 2763 1461 2986 1528; x_wconf 84' lang='lat' dir='ltr'><strong>Qualem</strong></span> <span class='ocrx_word' id='word_1_210' title='bbox 3044 1467 3174 1521; x_wconf 91' lang='lat' dir='ltr'><strong>mihi</strong></span> <span class='ocrx_word' id='word_1_211' title='bbox 3224 1469 3383 1525; x_wconf 77' lang='lat' dir='ltr'><strong>[idem</strong></span> 
     </span>
    </p>
   </div>
   <div class='ocr_carea' id='block_1_31' title="bbox 1808 1544 3385 1621">
    <p class='ocr_par' dir='ltr' id='par_1_31' title="bbox 1808 1544 3385 1621">
     <span class='ocr_line' id='line_1_31' title="bbox 1808 1544 3385 1621; baseline 0.017 -30"><span class='ocrx_word' id='word_1_212' title='bbox 1808 1544 2117 1609; x_wconf 78' lang='lat' dir='ltr'><strong>promittere</strong></span> <span class='ocrx_word' id='word_1_213' title='bbox 2153 1556 2395 1612; x_wconf 87' lang='lat' dir='ltr'><strong>possunt,</strong></span> <span class='ocrx_word' id='word_1_214' title='bbox 2439 1559 2531 1602; x_wconf 90' lang='lat' dir='ltr'><strong>aut</strong></span> <span class='ocrx_word' id='word_1_215' title='bbox 2577 1553 3022 1621; x_wconf 79' lang='lat' dir='ltr'><strong>queiuadmodum</strong></span> <span class='ocrx_word' id='word_1_216' title='bbox 3050 1574 3079 1613; x_wconf 87' lang='lat' dir='ltr'><strong>a</strong></span> <span class='ocrx_word' id='word_1_217' title='bbox 3113 1576 3197 1617; x_wconf 88' lang='lat' dir='ltr'><strong>me</strong></span> <span class='ocrx_word' id='word_1_218' title='bbox 3238 1568 3385 1618; x_wconf 86' lang='lat' dir='ltr'><strong>credi</strong></span> 
     </span>
    </p>
   </div>
   <div class='ocr_carea' id='block_1_32' title="bbox 1808 1636 3388 1713">
    <p class='ocr_par' dir='ltr' id='par_1_32' title="bbox 1808 1636 3388 1713">
     <span class='ocr_line' id='line_1_32' title="bbox 1808 1636 3388 1713; baseline 0.016 -29"><span class='ocrx_word' id='word_1_219' title='bbox 1808 1636 2025 1700; x_wconf 85' lang='lat' dir='ltr'><strong>debent,</strong></span> <span class='ocrx_word' id='word_1_220' title='bbox 2056 1638 2144 1705; x_wconf 88' lang='lat' dir='ltr'><strong>qui</strong></span> <span class='ocrx_word' id='word_1_221' title='bbox 2177 1648 2391 1706; x_wconf 87' lang='lat' dir='ltr'><strong>neptem</strong></span> <span class='ocrx_word' id='word_1_222' title='bbox 2423 1654 2598 1695; x_wconf 85' lang='lat' dir='ltr'><strong>meam</strong></span> <span class='ocrx_word' id='word_1_223' title='bbox 2628 1642 2916 1713; x_wconf 90' lang='lat' dir='ltr'><strong>lngundem</strong></span> <span class='ocrx_word' id='word_1_224' title='bbox 2947 1651 2999 1703; x_wconf 91' lang='lat' dir='ltr'><strong>in</strong></span> <span class='ocrx_word' id='word_1_225' title='bbox 3026 1650 3388 1713; x_wconf 79' lang='lat' dir='ltr'><strong>captivitatem</strong></span> 
     </span>
    </p>
   </div>
   <div class='ocr_carea' id='block_1_33' title="bbox 162 1727 3388 1813">
    <p class='ocr_par' dir='ltr' id='par_1_33' title="bbox 162 1727 3388 1813">
     <span class='ocr_line' id='line_1_33' title="bbox 162 1727 3388 1813; baseline 0.004 -28"><span class='ocrx_word' id='word_1_226' title='bbox 162 1736 452 1802; x_wconf 62' lang='lat' dir='ltr'><strong>scripsimus.</strong></span> <span class='ocrx_word' id='word_1_227' title='bbox 498 1735 760 1790; x_wconf 85' lang='lat' dir='ltr'><strong>Similiter</strong></span> <span class='ocrx_word' id='word_1_228' title='bbox 790 1734 1184 1805; x_wconf 86' lang='lat' dir='ltr'><strong>responderunt</strong></span> <span class='ocrx_word' id='word_1_229' title='bbox 1215 1734 1455 1801; x_wconf 87' lang='lat' dir='ltr'><strong>episcopi</strong></span> <span class='ocrx_word' id='word_1_230' title='bbox 1506 1743 1703 1787; x_wconf 69' lang='lat' dir='ltr'><strong>nostra:</strong></span> <span class='ocrx_word' id='word_1_231' title='bbox 1742 1747 1781 1801; x_wconf 72' lang='grc' dir='ltr'><strong>ις</strong></span> <span class='ocrx_word' id='word_1_232' title='bbox 1815 1727 2164 1792; x_wconf 68' lang='grc' dir='ltr'><strong>ινθάίάετιιηῐν</strong></span> <span class='ocrx_word' id='word_1_233' title='bbox 2200 1738 2249 1783; x_wconf 60' lang='lat'><strong>‘31</strong></span> <span class='ocrx_word' id='word_1_234' title='bbox 2278 1744 2370 1798; x_wconf 66' lang='lat' dir='ltr'><strong>ller</strong></span> <span class='ocrx_word' id='word_1_235' title='bbox 2400 1745 2586 1787; x_wconf 73' lang='grc' dir='ltr'><strong>εοτυῐη</strong></span> <span class='ocrx_word' id='word_1_236' title='bbox 2618 1734 2856 1805; x_wconf 63' lang='lat' dir='ltr'><strong>inﬁmas.</strong></span> <span class='ocrx_word' id='word_1_237' title='bbox 2887 1752 2941 1794; x_wconf 87' lang='lat' dir='ltr'><strong>et</strong></span> <span class='ocrx_word' id='word_1_238' title='bbox 2969 1742 3047 1796; x_wconf 89' lang='lat' dir='ltr'><strong>vir</strong></span> <span class='ocrx_word' id='word_1_239' title='bbox 3075 1744 3191 1813; x_wconf 88' lang='lat' dir='ltr'><strong>ejus</strong></span> <span class='ocrx_word' id='word_1_240' title='bbox 3218 1745 3388 1801; x_wconf 88' lang='lat' dir='ltr'><strong>inter-</strong></span> 
     </span>
    </p>
   </div>
   <div class='ocr_carea' id='block_1_34' title="bbox 164 1829 1707 1901">
    <p class='ocr_par' dir='ltr' id='par_1_34' title="bbox 164 1829 1707 1901">
     <span class='ocr_line' id='line_1_34' title="bbox 164 1829 1707 1901; baseline 0.001 -22"><span class='ocrx_word' id='word_1_241' title='bbox 164 1829 397 1897; x_wconf 87' lang='lat' dir='ltr'><strong>religiouis</strong></span> <span class='ocrx_word' id='word_1_242' title='bbox 421 1845 477 1883; x_wconf 88' lang='lat' dir='ltr'><strong>ea</strong></span> <span class='ocrx_word' id='word_1_243' title='bbox 508 1831 579 1885; x_wconf 90' lang='lat' dir='ltr'><strong>de</strong></span> <span class='ocrx_word' id='word_1_244' title='bbox 608 1830 803 1901; x_wconf 87' lang='lat' dir='ltr'><strong>quibus</strong></span> <span class='ocrx_word' id='word_1_245' title='bbox 845 1830 1217 1886; x_wconf 69' lang='lat' dir='ltr'><strong>haereticorum</strong></span> <span class='ocrx_word' id='word_1_246' title='bbox 1249 1839 1450 1899; x_wconf 84' lang='lat' dir='ltr'><strong>partem</strong></span> <span class='ocrx_word' id='word_1_247' title='bbox 1477 1831 1707 1899; x_wconf 89' lang='lat' dir='ltr'><strong>plerum—</strong></span> 
     </span>
    </p>
   </div>
   <div class='ocr_carea' id='block_1_35' title="bbox 162 1920 1710 1991">
    <p class='ocr_par' dir='ltr' id='par_1_35' title="bbox 162 1920 1710 1991">
     <span class='ocr_line' id='line_1_35' title="bbox 162 1920 1710 1991; baseline 0.003 -20"><span class='ocrx_word' id='word_1_248' title='bbox 162 1934 246 1985; x_wconf 84' lang='lat' dir='ltr'><strong>que</strong></span> <span class='ocrx_word' id='word_1_249' title='bbox 271 1920 445 1974; x_wconf 85' lang='lat' dir='ltr'><strong>victam</strong></span> <span class='ocrx_word' id='word_1_250' title='bbox 476 1920 636 1976; x_wconf 76' lang='lat' dir='ltr'><strong>libris</strong></span> <span class='ocrx_word' id='word_1_251' title='bbox 683 1920 1053 1991; x_wconf 84' lang='lat' dir='ltr'><strong>superioribus</strong></span> <span class='ocrx_word' id='word_1_252' title='bbox 1096 1920 1583 1975; x_wconf 86' lang='lat' dir='ltr'><strong>demonstravimus</strong></span> <span class='ocrx_word' id='word_1_253' title='bbox 1609 1939 1626 1988; x_wconf 88' lang='lat'><strong>;</strong></span> <span class='ocrx_word' id='word_1_254' title='bbox 1655 1931 1710 1975; x_wconf 92' lang='lat' dir='ltr'><strong>et</strong></span> 
     </span>
    </p>
   </div>
   <div class='ocr_carea' id='block_1_36' title="bbox 164 2014 1710 2085">
    <p class='ocr_par' dir='ltr' id='par_1_36' title="bbox 164 2014 1710 2085">
     <span class='ocr_line' id='line_1_36' title="bbox 164 2014 1710 2085; baseline 0.001 -19"><span class='ocrx_word' id='word_1_255' title='bbox 164 2014 415 2079; x_wconf 67' lang='lat' dir='ltr'><strong>ptmsertitn</strong></span> <span class='ocrx_word' id='word_1_256' title='bbox 439 2030 563 2070; x_wconf 84' lang='lat' dir='ltr'><strong>cum</strong></span> <span class='ocrx_word' id='word_1_257' title='bbox 596 2030 691 2071; x_wconf 78' lang='lat' dir='ltr'><strong>rex</strong></span> <span class='ocrx_word' id='word_1_258' title='bbox 719 2014 923 2071; x_wconf 88' lang='lat' dir='ltr'><strong>diceret</strong></span> <span class='ocrx_word' id='word_1_259' title='bbox 956 2014 1098 2085; x_wconf 85' lang='lat' dir='ltr'><strong>quod</strong></span> <span class='ocrx_word' id='word_1_260' title='bbox 1132 2015 1334 2069; x_wconf 88' lang='lat' dir='ltr'><strong>nullum</strong></span> <span class='ocrx_word' id='word_1_261' title='bbox 1369 2015 1581 2085; x_wconf 88' lang='lat' dir='ltr'><strong>sigumn</strong></span> <span class='ocrx_word' id='word_1_262' title='bbox 1625 2029 1710 2067; x_wconf 88' lang='lat' dir='ltr'><strong>sa-</strong></span> 
     </span>
    </p>
   </div>
   <div class='ocr_carea' id='block_1_37' title="bbox 163 2100 1711 2175">
    <p class='ocr_par' dir='ltr' id='par_1_37' title="bbox 163 2100 1711 2175">
     <span class='ocr_line' id='line_1_37' title="bbox 163 2100 1711 2175; baseline 0.003 -21"><span class='ocrx_word' id='word_1_263' title='bbox 163 2100 314 2157; x_wconf 84' lang='lat' dir='ltr'><strong>nitatis</strong></span> <span class='ocrx_word' id='word_1_264' title='bbox 338 2120 490 2175; x_wconf 87' lang='lat' dir='ltr'><strong>super</strong></span> <span class='ocrx_word' id='word_1_265' title='bbox 518 2105 772 2160; x_wconf 88' lang='lat' dir='ltr'><strong>inlirmos</strong></span> <span class='ocrx_word' id='word_1_266' title='bbox 815 2105 884 2160; x_wconf 84' lang='lat' dir='ltr'><strong>ab</strong></span> <span class='ocrx_word' id='word_1_267' title='bbox 930 2107 1306 2161; x_wconf 78' lang='lat' dir='ltr'><strong>htcreticorum</strong></span> <span class='ocrx_word' id='word_1_268' title='bbox 1338 2109 1711 2160; x_wconf 89' lang='lat' dir='ltr'><strong>ostenderetur</strong></span> 
     </span>
    </p>
   </div>
   <div class='ocr_carea' id='block_1_38' title="bbox 162 2194 1712 2269">
    <p class='ocr_par' dir='ltr' id='par_1_38' title="bbox 162 2194 1712 2269">
     <span class='ocr_line' id='line_1_38' title="bbox 162 2194 1712 2269; baseline 0.001 -20"><span class='ocrx_word' id='word_1_269' title='bbox 162 2194 416 2265; x_wconf 67' lang='lat' dir='ltr'><strong>cpiscopis,</strong></span> <span class='ocrx_word' id='word_1_270' title='bbox 447 2213 508 2254; x_wconf 89' lang='lat' dir='ltr'><strong>ac</strong></span> <span class='ocrx_word' id='word_1_271' title='bbox 554 2199 607 2254; x_wconf 90' lang='lat' dir='ltr'><strong>in</strong></span> <span class='ocrx_word' id='word_1_272' title='bbox 648 2200 908 2255; x_wconf 89' lang='lat' dir='ltr'><strong>memoria</strong></span> <span class='ocrx_word' id='word_1_273' title='bbox 954 2199 1241 2269; x_wconf 87' lang='lat' dir='ltr'><strong>replicaret</strong></span> <span class='ocrx_word' id='word_1_274' title='bbox 1269 2201 1535 2269; x_wconf 86' lang='lat' dir='ltr'><strong>qualiter,</strong></span> <span class='ocrx_word' id='word_1_275' title='bbox 1576 2208 1712 2254; x_wconf 88' lang='lat' dir='ltr'><strong>tem-</strong></span> 
     </span>
    </p>
   </div>
   <div class='ocr_carea' id='block_1_39' title="bbox 164 2288 1710 2361">
    <p class='ocr_par' dir='ltr' id='par_1_39' title="bbox 164 2288 1710 2361">
     <span class='ocr_line' id='line_1_39' title="bbox 164 2288 1710 2361; baseline 0.003 -21"><span class='ocrx_word' id='word_1_276' title='bbox 164 2298 269 2351; x_wconf 81' lang='lat' dir='ltr'><strong>pore</strong></span> <span class='ocrx_word' id='word_1_277' title='bbox 290 2288 535 2356; x_wconf 82' lang='lat' dir='ltr'><strong>genitoris</strong></span> <span class='ocrx_word' id='word_1_278' title='bbox 558 2288 662 2353; x_wconf 83' lang='lat' dir='ltr'><strong>sui,</strong></span> <span class='ocrx_word' id='word_1_279' title='bbox 688 2292 969 2360; x_wconf 86' lang='lat' dir='ltr'><strong>episcopus</strong></span> <span class='ocrx_word' id='word_1_280' title='bbox 990 2291 1079 2360; x_wconf 85' lang='lat' dir='ltr'><strong>qui</strong></span> <span class='ocrx_word' id='word_1_281' title='bbox 1110 2306 1167 2345; x_wconf 76' lang='lat' dir='ltr'><strong>se</strong></span> <span class='ocrx_word' id='word_1_282' title='bbox 1184 2290 1420 2361; x_wconf 82' lang='lat' dir='ltr'><strong>jactahat</strong></span> <span class='ocrx_word' id='word_1_283' title='bbox 1438 2306 1531 2361; x_wconf 89' lang='lat' dir='ltr'><strong>per</strong></span> <span class='ocrx_word' id='word_1_284' title='bbox 1553 2290 1710 2344; x_wconf 80' lang='lat' dir='ltr'><strong>[idem</strong></span> 
     </span>
    </p>
   </div>
   <div class='ocr_carea' id='block_1_40' title="bbox 165 2382 1753 2449">
    <p class='ocr_par' dir='ltr' id='par_1_40' title="bbox 165 2382 1753 2449">
     <span class='ocr_line' id='line_1_40' title="bbox 165 2382 1753 2449; baseline 0.004 -20"><span class='ocrx_word' id='word_1_285' title='bbox 165 2391 250 2431; x_wconf 85' lang='lat' dir='ltr'><strong>non</strong></span> <span class='ocrx_word' id='word_1_286' title='bbox 291 2390 475 2437; x_wconf 85' lang='lat' dir='ltr'><strong>rectam</strong></span> <span class='ocrx_word' id='word_1_287' title='bbox 505 2382 671 2437; x_wconf 68' lang='grc' dir='ltr'><strong>αωοίε</strong></span> <span class='ocrx_word' id='word_1_288' title='bbox 716 2383 1001 2439; x_wconf 58' lang='lat' dir='ltr'><strong>restituere</strong></span> <span class='ocrx_word' id='word_1_289' title='bbox 1041 2384 1217 2437; x_wconf 92' lang='lat' dir='ltr'><strong>lumen</strong></span> <span class='ocrx_word' id='word_1_290' title='bbox 1239 2424 1253 2449; x_wconf 95' lang='lat'><strong>,</strong></span> <span class='ocrx_word' id='word_1_291' title='bbox 1289 2391 1430 2437; x_wconf 89' lang='lat' dir='ltr'><strong>tacto</strong></span> <span class='ocrx_word' id='word_1_292' title='bbox 1474 2397 1622 2438; x_wconf 70' lang='lat' dir='ltr'><strong>carco</strong></span> <span class='ocrx_word' id='word_1_293' title='bbox 1658 2392 1715 2437; x_wconf 91' lang='lat' dir='ltr'><strong>ct</strong></span> <span class='ocrx_word' id='word_1_294' title='bbox 1748 2412 1753 2416; x_wconf 64' lang='grc' dir='ltr'>ι</span> 
     </span>
    </p>
   </div>
   <div class='ocr_carea' id='block_1_41' title="bbox 164 2472 1714 2544">
    <p class='ocr_par' dir='ltr' id='par_1_41' title="bbox 164 2472 1714 2544">
     <span class='ocr_line' id='line_1_41' title="bbox 164 2472 1714 2544; baseline 0.001 -18"><span class='ocrx_word' id='word_1_295' title='bbox 164 2472 353 2527; x_wconf 58' lang='lat' dir='ltr'><strong>excitati</strong></span> <span class='ocrx_word' id='word_1_296' title='bbox 404 2485 678 2544; x_wconf 70' lang='lat' dir='ltr'><strong>perpetuas</strong></span> <span class='ocrx_word' id='word_1_297' title='bbox 726 2474 982 2529; x_wconf 91' lang='lat' dir='ltr'><strong>damnato</strong></span> <span class='ocrx_word' id='word_1_298' title='bbox 1038 2474 1374 2529; x_wconf 83' lang='lat' dir='ltr'><strong>discessisset</strong></span> <span class='ocrx_word' id='word_1_299' title='bbox 1427 2472 1714 2535; x_wconf 75' lang='lat' dir='ltr'><strong>confusus,</strong></span> 
     </span>
    </p>
   </div>
   <div class='ocr_carea' id='block_1_42' title="bbox 164 2561 1715 2634">
    <p class='ocr_par' dir='ltr' id='par_1_42' title="bbox 164 2561 1715 2634">
     <span class='ocr_line' id='line_1_42' title="bbox 164 2561 1715 2634; baseline 0.001 -21"><span class='ocrx_word' id='word_1_300' title='bbox 164 2563 278 2624; x_wconf 86' lang='lat' dir='ltr'><strong>quod</strong></span> <span class='ocrx_word' id='word_1_301' title='bbox 296 2578 383 2618; x_wconf 86' lang='lat' dir='ltr'><strong>nos</strong></span> <span class='ocrx_word' id='word_1_302' title='bbox 395 2564 448 2619; x_wconf 86' lang='lat' dir='ltr'><strong>in</strong></span> <span class='ocrx_word' id='word_1_303' title='bbox 474 2565 619 2620; x_wconf 87' lang='lat' dir='ltr'><strong>libro</strong></span> <span class='ocrx_word' id='word_1_304' title='bbox 640 2564 1014 2619; x_wconf 79' lang='lat' dir='ltr'><strong>Miraculorutu</strong></span> <span class='ocrx_word' id='word_1_305' title='bbox 1035 2564 1244 2634; x_wconf 80' lang='lat' dir='ltr'><strong>plenius</strong></span> <span class='ocrx_word' id='word_1_306' title='bbox 1261 2562 1649 2617; x_wconf 85' lang='lat' dir='ltr'><strong>declaravimus</strong></span> <span class='ocrx_word' id='word_1_307' title='bbox 1664 2561 1715 2624; x_wconf 76' lang='grc' dir='ltr'><strong>δ,</strong></span> 
     </span>
    </p>
   </div>
   <div class='ocr_carea' id='block_1_43' title="bbox 165 2651 1718 2721">
    <p class='ocr_par' dir='ltr' id='par_1_43' title="bbox 165 2651 1718 2721">
     <span class='ocr_line' id='line_1_43' title="bbox 165 2651 1718 2721; baseline 0.001 -17"><span class='ocrx_word' id='word_1_308' title='bbox 165 2652 339 2706; x_wconf 64' lang='lat' dir='ltr'><strong>vocavit</strong></span> <span class='ocrx_word' id='word_1_309' title='bbox 363 2653 425 2708; x_wconf 86' lang='lat' dir='ltr'><strong>ad</strong></span> <span class='ocrx_word' id='word_1_310' title='bbox 466 2669 527 2710; x_wconf 84' lang='lat' dir='ltr'><strong>se</strong></span> <span class='ocrx_word' id='word_1_311' title='bbox 572 2667 815 2708; x_wconf 87' lang='lat' dir='ltr'><strong>seorsum</strong></span> <span class='ocrx_word' id='word_1_312' title='bbox 860 2654 1169 2709; x_wconf 77' lang='lat' dir='ltr'><strong>sacerdotes</strong></span> <span class='ocrx_word' id='word_1_313' title='bbox 1202 2652 1314 2706; x_wconf 90' lang='lat' dir='ltr'><strong>Dei.</strong></span> <span class='ocrx_word' id='word_1_314' title='bbox 1348 2651 1556 2717; x_wconf 86' lang='lat' dir='ltr'><strong>Quibus</strong></span> <span class='ocrx_word' id='word_1_315' title='bbox 1597 2668 1718 2721; x_wconf 82' lang='lat' dir='ltr'><strong>per-</strong></span> 
     </span>
    </p>
   </div>
   <div class='ocr_carea' id='block_1_44' title="bbox 165 2742 1716 2816">
    <p class='ocr_par' dir='ltr' id='par_1_44' title="bbox 165 2742 1716 2816">
     <span class='ocr_line' id='line_1_44' title="bbox 165 2742 1716 2816; baseline 0 -21"><span class='ocrx_word' id='word_1_316' title='bbox 165 2746 399 2809; x_wconf 75' lang='lat' dir='ltr'><strong>scrutatis,</strong></span> <span class='ocrx_word' id='word_1_317' title='bbox 429 2743 685 2816; x_wconf 79' lang='lat' dir='ltr'><strong>Cognovit</strong></span> <span class='ocrx_word' id='word_1_318' title='bbox 709 2758 870 2799; x_wconf 88' lang='lat' dir='ltr'><strong>unum</strong></span> <span class='ocrx_word' id='word_1_319' title='bbox 902 2743 1071 2799; x_wconf 86' lang='lat' dir='ltr'><strong>Deum</strong></span> <span class='ocrx_word' id='word_1_320' title='bbox 1112 2743 1212 2796; x_wconf 80' lang='lat' dir='ltr'><strong>sub</strong></span> <span class='ocrx_word' id='word_1_321' title='bbox 1241 2742 1587 2797; x_wconf 82' lang='lat' dir='ltr'><strong>distinctione</strong></span> <span class='ocrx_word' id='word_1_322' title='bbox 1613 2742 1716 2797; x_wconf 89' lang='lat' dir='ltr'><strong>coli</strong></span> 
     </span>
    </p>
   </div>
   <div class='ocr_carea' id='block_1_45' title="bbox 166 2833 1720 2902">
    <p class='ocr_par' dir='ltr' id='par_1_45' title="bbox 166 2833 1720 2902">
     <span class='ocr_line' id='line_1_45' title="bbox 166 2833 1720 2902; baseline 0.001 -16"><span class='ocrx_word' id='word_1_323' title='bbox 166 2846 478 2898; x_wconf 83' lang='lat' dir='ltr'><strong>personarum</strong></span> <span class='ocrx_word' id='word_1_324' title='bbox 510 2836 696 2902; x_wconf 91' lang='lat' dir='ltr'><strong>trium,</strong></span> <span class='ocrx_word' id='word_1_325' title='bbox 743 2835 795 2891; x_wconf 88' lang='lat' dir='ltr'><strong>id</strong></span> <span class='ocrx_word' id='word_1_326' title='bbox 835 2845 921 2891; x_wconf 88' lang='lat' dir='ltr'><strong>est</strong></span> <span class='ocrx_word' id='word_1_327' title='bbox 956 2835 1133 2890; x_wconf 89' lang='lat' dir='ltr'><strong>Patris</strong></span> <span class='ocrx_word' id='word_1_328' title='bbox 1161 2843 1217 2889; x_wconf 92' lang='lat' dir='ltr'><strong>et</strong></span> <span class='ocrx_word' id='word_1_329' title='bbox 1264 2833 1381 2887; x_wconf 86' lang='lat' dir='ltr'><strong>Filii</strong></span> <span class='ocrx_word' id='word_1_330' title='bbox 1413 2844 1468 2889; x_wconf 90' lang='lat' dir='ltr'><strong>et</strong></span> <span class='ocrx_word' id='word_1_331' title='bbox 1490 2834 1720 2902; x_wconf 85' lang='lat' dir='ltr'><strong>Spiritus</strong></span> 
     </span>
    </p>
   </div>
   <div class='ocr_carea' id='block_1_46' title="bbox 165 2924 1718 2993">
    <p class='ocr_par' dir='ltr' id='par_1_46' title="bbox 165 2924 1718 2993">
     <span class='ocr_line' id='line_1_46' title="bbox 165 2924 1718 2993; baseline 0.002 -18"><span class='ocrx_word' id='word_1_332' title='bbox 165 2925 339 2991; x_wconf 68' lang='lat' dir='ltr'><strong>sancti;</strong></span> <span class='ocrx_word' id='word_1_333' title='bbox 372 2941 470 2982; x_wconf 80' lang='lat' dir='ltr'><strong>nec</strong></span> <span class='ocrx_word' id='word_1_334' title='bbox 514 2928 781 2981; x_wconf 87' lang='lat' dir='ltr'><strong>minorem</strong></span> <span class='ocrx_word' id='word_1_335' title='bbox 828 2926 1020 2980; x_wconf 84' lang='lat' dir='ltr'><strong>Filium</strong></span> <span class='ocrx_word' id='word_1_336' title='bbox 1052 2925 1211 2979; x_wconf 86' lang='lat' dir='ltr'><strong>Patre</strong></span> <span class='ocrx_word' id='word_1_337' title='bbox 1238 2924 1547 2993; x_wconf 89' lang='lat' dir='ltr'><strong>Spirituque</strong></span> <span class='ocrx_word' id='word_1_338' title='bbox 1590 2939 1718 2978; x_wconf 89' lang='lat' dir='ltr'><strong>san-</strong></span> 
     </span>
    </p>
   </div>
   <div class='ocr_carea' id='block_1_47' title="bbox 165 3016 1721 3088">
    <p class='ocr_par' dir='ltr' id='par_1_47' title="bbox 165 3016 1721 3088">
     <span class='ocr_line' id='line_1_47' title="bbox 165 3016 1721 3088; baseline 0.003 -23"><span class='ocrx_word' id='word_1_339' title='bbox 165 3023 255 3080; x_wconf 85' lang='lat' dir='ltr'><strong>rto,</strong></span> <span class='ocrx_word' id='word_1_340' title='bbox 280 3033 439 3087; x_wconf 84' lang='lat' dir='ltr'><strong>neque</strong></span> <span class='ocrx_word' id='word_1_341' title='bbox 468 3019 731 3088; x_wconf 80' lang='lat' dir='ltr'><strong>Spiritum</strong></span> <span class='ocrx_word' id='word_1_342' title='bbox 761 3030 1004 3072; x_wconf 87' lang='lat' dir='ltr'><strong>sanctum</strong></span> <span class='ocrx_word' id='word_1_343' title='bbox 1036 3018 1296 3071; x_wconf 90' lang='lat' dir='ltr'><strong>minorem</strong></span> <span class='ocrx_word' id='word_1_344' title='bbox 1334 3017 1489 3071; x_wconf 88' lang='lat' dir='ltr'><strong>Patre</strong></span> <span class='ocrx_word' id='word_1_345' title='bbox 1515 3017 1600 3071; x_wconf 89' lang='lat' dir='ltr'><strong>vel</strong></span> <span class='ocrx_word' id='word_1_346' title='bbox 1635 3016 1721 3070; x_wconf 78' lang='lat' dir='ltr'><strong>Fi-</strong></span> 
     </span>
    </p>
   </div>
   <div class='ocr_carea' id='block_1_48' title="bbox 1813 1820 3387 1894">
    <p class='ocr_par' dir='ltr' id='par_1_48' title="bbox 1813 1820 3387 1894">
     <span class='ocr_line' id='line_1_48' title="bbox 1813 1820 3387 1894; baseline 0.013 -23"><span class='ocrx_word' id='word_1_347' title='bbox 1813 1820 1982 1873; x_wconf 87' lang='lat' dir='ltr'><strong>l&#39;ectus</strong></span> <span class='ocrx_word' id='word_1_348' title='bbox 2027 1830 2130 1887; x_wconf 86' lang='lat' dir='ltr'><strong>est,</strong></span> <span class='ocrx_word' id='word_1_349' title='bbox 2179 1832 2233 1876; x_wconf 92' lang='lat' dir='ltr'><strong>et</strong></span> <span class='ocrx_word' id='word_1_350' title='bbox 2262 1822 2373 1892; x_wconf 90' lang='lat' dir='ltr'><strong>ipsa</strong></span> <span class='ocrx_word' id='word_1_351' title='bbox 2404 1823 2456 1876; x_wconf 90' lang='lat' dir='ltr'><strong>in</strong></span> <span class='ocrx_word' id='word_1_352' title='bbox 2484 1826 2912 1894; x_wconf 82' lang='lat' dir='ltr'><strong>peregrinatione</strong></span> <span class='ocrx_word' id='word_1_353' title='bbox 2959 1830 3244 1891; x_wconf 80' lang='lat' dir='ltr'><strong>defuncta?</strong></span> <span class='ocrx_word' id='word_1_354' title='bbox 3271 1837 3387 1891; x_wconf 82' lang='lat' dir='ltr'><strong>Non</strong></span> 
     </span>
    </p>
   </div>
   <div class='ocr_carea' id='block_1_49' title="bbox 1812 1913 3389 1986">
    <p class='ocr_par' dir='ltr' id='par_1_49' title="bbox 1812 1913 3389 1986">
     <span class='ocr_line' id='line_1_49' title="bbox 1812 1913 3389 1986; baseline 0.011 -22"><span class='ocrx_word' id='word_1_355' title='bbox 1812 1913 2011 1980; x_wconf 88' lang='lat' dir='ltr'><strong>recipio</strong></span> <span class='ocrx_word' id='word_1_356' title='bbox 2057 1928 2184 1982; x_wconf 87' lang='lat' dir='ltr'><strong>ergo</strong></span> <span class='ocrx_word' id='word_1_357' title='bbox 2215 1914 2531 1983; x_wconf 73' lang='lat' dir='ltr'><strong>legationem</strong></span> <span class='ocrx_word' id='word_1_358' title='bbox 2565 1916 2875 1986; x_wconf 76' lang='lat' dir='ltr'><strong>Richaretli,</strong></span> <span class='ocrx_word' id='word_1_359' title='bbox 2910 1921 3082 1977; x_wconf 78' lang='lat' dir='ltr'><strong>donec</strong></span> <span class='ocrx_word' id='word_1_360' title='bbox 3134 1941 3219 1981; x_wconf 91' lang='lat' dir='ltr'><strong>me</strong></span> <span class='ocrx_word' id='word_1_361' title='bbox 3252 1928 3389 1982; x_wconf 85' lang='lat' dir='ltr'><strong>Deus</strong></span> 
     </span>
    </p>
   </div>
   <div class='ocr_carea' id='block_1_50' title="bbox 1815 2003 3385 2082">
    <p class='ocr_par' dir='ltr' id='par_1_50' title="bbox 1815 2003 3385 2082">
     <span class='ocr_line' id='line_1_50' title="bbox 1815 2003 3385 2082; baseline 0.013 -29"><span class='ocrx_word' id='word_1_362' title='bbox 1815 2003 1995 2057; x_wconf 65' lang='lat' dir='ltr'><strong>lllt&#39;isCi</strong></span> <span class='ocrx_word' id='word_1_363' title='bbox 2041 2003 2224 2071; x_wconf 85' lang='lat' dir='ltr'><strong>jubeat</strong></span> <span class='ocrx_word' id='word_1_364' title='bbox 2248 2007 2313 2059; x_wconf 84' lang='lat' dir='ltr'><strong>de</strong></span> <span class='ocrx_word' id='word_1_365' title='bbox 2345 2006 2426 2060; x_wconf 89' lang='lat' dir='ltr'><strong>his</strong></span> <span class='ocrx_word' id='word_1_366' title='bbox 2455 2007 2704 2063; x_wconf 86' lang='lat' dir='ltr'><strong>inimicis.</strong></span> <span class='ocrx_word' id='word_1_367' title='bbox 2737 2010 2864 2066; x_wconf 75' lang='lat' dir='ltr'><strong>Haec</strong></span> <span class='ocrx_word' id='word_1_368' title='bbox 2893 2016 3048 2081; x_wconf 85' lang='lat' dir='ltr'><strong>legati</strong></span> <span class='ocrx_word' id='word_1_369' title='bbox 3077 2018 3385 2082; x_wconf 80' lang='lat' dir='ltr'><strong>audientes.</strong></span> 
     </span>
    </p>
   </div>
   <div class='ocr_carea' id='block_1_51' title="bbox 1812 2096 3391 2180">
    <p class='ocr_par' dir='ltr' id='par_1_51' title="bbox 1812 2096 3391 2180">
     <span class='ocr_line' id='line_1_51' title="bbox 1812 2096 3391 2180; baseline 0.014 -35"><span class='ocrx_word' id='word_1_370' title='bbox 1812 2096 1876 2147; x_wconf 87' lang='lat' dir='ltr'><strong>ad</strong></span> <span class='ocrx_word' id='word_1_371' title='bbox 1929 2096 2329 2151; x_wconf 72' lang='lat' dir='ltr'><strong>Chihfebcrtum</strong></span> <span class='ocrx_word' id='word_1_372' title='bbox 2384 2100 2809 2168; x_wconf 79' lang='lat' dir='ltr'><strong>proﬁciscuntur,</strong></span> <span class='ocrx_word' id='word_1_373' title='bbox 2856 2120 3015 2174; x_wconf 85' lang='lat' dir='ltr'><strong>aquo</strong></span> <span class='ocrx_word' id='word_1_374' title='bbox 3055 2117 3111 2163; x_wconf 90' lang='lat' dir='ltr'><strong>et</strong></span> <span class='ocrx_word' id='word_1_375' title='bbox 3163 2110 3217 2163; x_wconf 91' lang='lat' dir='ltr'><strong>iu</strong></span> <span class='ocrx_word' id='word_1_376' title='bbox 3259 2127 3391 2180; x_wconf 81' lang='lat' dir='ltr'><strong>pace</strong></span> 
     </span>
    </p>
   </div>
   <div class='ocr_carea' id='block_1_52' title="bbox 1816 2186 3392 2266">
    <p class='ocr_par' dir='ltr' id='par_1_52' title="bbox 1816 2186 3392 2266">
     <span class='ocr_line' id='line_1_52' title="bbox 1816 2186 3392 2266; baseline 0.011 -29"><span class='ocrx_word' id='word_1_377' title='bbox 1816 2186 2023 2254; x_wconf 80' lang='lat' dir='ltr'><strong>excepti</strong></span> <span class='ocrx_word' id='word_1_378' title='bbox 2054 2196 2199 2251; x_wconf 91' lang='lat' dir='ltr'><strong>sunt,</strong></span> <span class='ocrx_word' id='word_1_379' title='bbox 2232 2187 2507 2244; x_wconf 88' lang='lat' dir='ltr'><strong>dicentes:</strong></span> <span class='ocrx_word' id='word_1_380' title='bbox 2543 2190 2667 2246; x_wconf 85' lang='lat' dir='ltr'><strong>Vult</strong></span> <span class='ocrx_word' id='word_1_381' title='bbox 2691 2208 2751 2247; x_wconf 90' lang='lat' dir='ltr'><strong>se</strong></span> <span class='ocrx_word' id='word_1_382' title='bbox 2779 2195 3028 2252; x_wconf 89' lang='lat' dir='ltr'><strong>dominus</strong></span> <span class='ocrx_word' id='word_1_383' title='bbox 3060 2210 3263 2266; x_wconf 89' lang='lat' dir='ltr'><strong>noster,</strong></span> <span class='ocrx_word' id='word_1_384' title='bbox 3290 2201 3392 2255; x_wconf 80' lang='lat' dir='ltr'><strong>fra-</strong></span> 
     </span>
    </p>
   </div>
   <div class='ocr_carea' id='block_1_53' title="bbox 1818 2276 3393 2362">
    <p class='ocr_par' dir='ltr' id='par_1_53' title="bbox 1818 2276 3393 2362">
     <span class='ocr_line' id='line_1_53' title="bbox 1818 2276 3393 2362; baseline 0.013 -34"><span class='ocrx_word' id='word_1_385' title='bbox 1818 2285 1897 2328; x_wconf 60' lang='lat' dir='ltr'><strong>t-rr</strong></span> <span class='ocrx_word' id='word_1_386' title='bbox 1926 2285 2045 2331; x_wconf 89' lang='lat' dir='ltr'><strong>tuus</strong></span> <span class='ocrx_word' id='word_1_387' title='bbox 2074 2276 2424 2347; x_wconf 73' lang='lat' dir='ltr'><strong>lticharedus,</strong></span> <span class='ocrx_word' id='word_1_388' title='bbox 2454 2280 2524 2337; x_wconf 90' lang='lat' dir='ltr'><strong>de</strong></span> <span class='ocrx_word' id='word_1_389' title='bbox 2554 2281 2656 2338; x_wconf 90' lang='lat' dir='ltr'><strong>hoc</strong></span> <span class='ocrx_word' id='word_1_390' title='bbox 2684 2286 2908 2343; x_wconf 83' lang='lat' dir='ltr'><strong>crimine</strong></span> <span class='ocrx_word' id='word_1_391' title='bbox 2948 2304 3145 2345; x_wconf 78' lang='lat' dir='ltr'><strong>exuere</strong></span> <span class='ocrx_word' id='word_1_392' title='bbox 3173 2293 3315 2362; x_wconf 84' lang='lat' dir='ltr'><strong>quod</strong></span> <span class='ocrx_word' id='word_1_393' title='bbox 3343 2295 3393 2349; x_wconf 86' lang='lat' dir='ltr'><strong>ei</strong></span> 
     </span>
    </p>
   </div>
   <div class='ocr_carea' id='block_1_54' title="bbox 1819 2368 3397 2440">
    <p class='ocr_par' dir='ltr' id='par_1_54' title="bbox 1819 2368 3397 2440">
     <span class='ocr_line' id='line_1_54' title="bbox 1819 2368 3397 2440; baseline 0.014 -21"><span class='ocrx_word' id='word_1_394' title='bbox 1819 2368 2127 2433; x_wconf 79' lang='lat' dir='ltr'><strong>imponitur,</strong></span> <span class='ocrx_word' id='word_1_395' title='bbox 2163 2371 2314 2439; x_wconf 86' lang='lat' dir='ltr'><strong>quasi</strong></span> <span class='ocrx_word' id='word_1_396' title='bbox 2358 2372 2411 2426; x_wconf 88' lang='lat' dir='ltr'><strong>in</strong></span> <span class='ocrx_word' id='word_1_397' title='bbox 2460 2388 2682 2429; x_wconf 90' lang='lat' dir='ltr'><strong>mortem</strong></span> <span class='ocrx_word' id='word_1_398' title='bbox 2732 2379 2934 2433; x_wconf 71' lang='lat' dir='ltr'><strong>sororis</strong></span> <span class='ocrx_word' id='word_1_399' title='bbox 2974 2392 3165 2438; x_wconf 78' lang='lat' dir='ltr'><strong>vestra:</strong></span> <span class='ocrx_word' id='word_1_400' title='bbox 3206 2383 3397 2440; x_wconf 77' lang='lat' dir='ltr'><strong>fuisset</strong></span> 
     </span>
    </p>
   </div>
   <div class='ocr_carea' id='block_1_55' title="bbox 1817 2462 3398 2546">
    <p class='ocr_par' dir='ltr' id='par_1_55' title="bbox 1817 2462 3398 2546">
     <span class='ocr_line' id='line_1_55' title="bbox 1817 2462 3398 2546; baseline 0.011 -32"><span class='ocrx_word' id='word_1_401' title='bbox 1817 2462 2099 2528; x_wconf 89' lang='lat' dir='ltr'><strong>cooscius;</strong></span> <span class='ocrx_word' id='word_1_402' title='bbox 2131 2464 2198 2519; x_wconf 88' lang='lat' dir='ltr'><strong>de</strong></span> <span class='ocrx_word' id='word_1_403' title='bbox 2224 2479 2348 2534; x_wconf 90' lang='lat' dir='ltr'><strong>quo,</strong></span> <span class='ocrx_word' id='word_1_404' title='bbox 2383 2479 2739 2536; x_wconf 88' lang='lat' dir='ltr'><strong>sacramento,</strong></span> <span class='ocrx_word' id='word_1_405' title='bbox 2766 2471 2811 2525; x_wconf 92' lang='lat' dir='ltr'><strong>si</strong></span> <span class='ocrx_word' id='word_1_406' title='bbox 2839 2472 3022 2539; x_wconf 87' lang='lat' dir='ltr'><strong>vultis,</strong></span> <span class='ocrx_word' id='word_1_407' title='bbox 3054 2484 3145 2529; x_wconf 89' lang='lat' dir='ltr'><strong>aut</strong></span> <span class='ocrx_word' id='word_1_408' title='bbox 3164 2478 3398 2546; x_wconf 81' lang='lat' dir='ltr'><strong>qualibet</strong></span> 
     </span>
    </p>
   </div>
   <div class='ocr_carea' id='block_1_56' title="bbox 1819 2554 3399 2630">
    <p class='ocr_par' dir='ltr' id='par_1_56' title="bbox 1819 2554 3399 2630">
     <span class='ocr_line' id='line_1_56' title="bbox 1819 2554 3399 2630; baseline 0.012 -26"><span class='ocrx_word' id='word_1_409' title='bbox 1819 2554 1919 2606; x_wconf 83' lang='lat' dir='ltr'><strong>alia</strong></span> <span class='ocrx_word' id='word_1_410' title='bbox 1968 2554 2280 2611; x_wconf 78' lang='lat' dir='ltr'><strong>conditione</strong></span> <span class='ocrx_word' id='word_1_411' title='bbox 2326 2556 2551 2612; x_wconf 88' lang='lat' dir='ltr'><strong>idoneus</strong></span> <span class='ocrx_word' id='word_1_412' title='bbox 2590 2559 2743 2614; x_wconf 75' lang='lat' dir='ltr'><strong>reddi</strong></span> <span class='ocrx_word' id='word_1_413' title='bbox 2776 2571 2968 2630; x_wconf 84' lang='lat' dir='ltr'><strong>potest.</strong></span> <span class='ocrx_word' id='word_1_414' title='bbox 3023 2564 3222 2622; x_wconf 85' lang='lat' dir='ltr'><strong>Deinde</strong></span> <span class='ocrx_word' id='word_1_415' title='bbox 3258 2568 3399 2623; x_wconf 86' lang='lat' dir='ltr'><strong>datis</strong></span> 
     </span>
    </p>
   </div>
   <div class='ocr_carea' id='block_1_57' title="bbox 1819 2644 3398 2719">
    <p class='ocr_par' dir='ltr' id='par_1_57' title="bbox 1819 2644 3398 2719">
     <span class='ocr_line' id='line_1_57' title="bbox 1819 2644 3398 2719; baseline 0.011 -25"><span class='ocrx_word' id='word_1_416' title='bbox 1819 2644 2002 2712; x_wconf 66' lang='lat' dir='ltr'><strong>gratia:</strong></span> <span class='ocrx_word' id='word_1_417' title='bbox 2034 2656 2225 2700; x_wconf 71' lang='lat' dir='ltr'><strong>vesu&#39;aa</strong></span> <span class='ocrx_word' id='word_1_418' title='bbox 2253 2645 2439 2701; x_wconf 85' lang='lat' dir='ltr'><strong>decem</strong></span> <span class='ocrx_word' id='word_1_419' title='bbox 2471 2648 2707 2704; x_wconf 87' lang='lat' dir='ltr'><strong>millibus</strong></span> <span class='ocrx_word' id='word_1_420' title='bbox 2731 2651 3049 2719; x_wconf 87' lang='lat' dir='ltr'><strong>solidorum,</strong></span> <span class='ocrx_word' id='word_1_421' title='bbox 3081 2654 3398 2712; x_wconf 77' lang='lat' dir='ltr'><strong>clmritatem</strong></span> 
     </span>
    </p>
   </div>
   <div class='ocr_carea' id='block_1_58' title="bbox 1822 2737 3400 2806">
    <p class='ocr_par' dir='ltr' id='par_1_58' title="bbox 1822 2737 3400 2806">
     <span class='ocr_line' id='line_1_58' title="bbox 1822 2737 3400 2806; baseline 0.011 -17"><span class='ocrx_word' id='word_1_422' title='bbox 1822 2749 2049 2791; x_wconf 85' lang='lat' dir='ltr'><strong>vestram</strong></span> <span class='ocrx_word' id='word_1_423' title='bbox 2084 2737 2278 2793; x_wconf 86' lang='lat' dir='ltr'><strong>habere</strong></span> <span class='ocrx_word' id='word_1_424' title='bbox 2315 2740 2623 2805; x_wconf 87' lang='lat' dir='ltr'><strong>desiderat;</strong></span> <span class='ocrx_word' id='word_1_425' title='bbox 2655 2751 2709 2796; x_wconf 92' lang='lat' dir='ltr'><strong>et</strong></span> <span class='ocrx_word' id='word_1_426' title='bbox 2740 2753 2795 2797; x_wconf 92' lang='lat' dir='ltr'><strong>ut</strong></span> <span class='ocrx_word' id='word_1_427' title='bbox 2847 2744 2937 2799; x_wconf 92' lang='lat' dir='ltr'><strong>ille</strong></span> <span class='ocrx_word' id='word_1_428' title='bbox 2994 2757 3167 2802; x_wconf 88' lang='lat' dir='ltr'><strong>vestro</strong></span> <span class='ocrx_word' id='word_1_429' title='bbox 3220 2759 3400 2806; x_wconf 88' lang='lat' dir='ltr'><strong>utatur</strong></span> 
     </span>
    </p>
   </div>
   <div class='ocr_carea' id='block_1_59' title="bbox 1822 2827 3400 2906">
    <p class='ocr_par' dir='ltr' id='par_1_59' title="bbox 1822 2827 3400 2906">
     <span class='ocr_line' id='line_1_59' title="bbox 1822 2827 3400 2906; baseline 0.01 -28"><span class='ocrx_word' id='word_1_430' title='bbox 1822 2827 2029 2892; x_wconf 77' lang='lat' dir='ltr'><strong>solatio,</strong></span> <span class='ocrx_word' id='word_1_431' title='bbox 2059 2837 2113 2881; x_wconf 85' lang='lat' dir='ltr'><strong>et</strong></span> <span class='ocrx_word' id='word_1_432' title='bbox 2140 2842 2233 2882; x_wconf 91' lang='lat' dir='ltr'><strong>vos</strong></span> <span class='ocrx_word' id='word_1_433' title='bbox 2270 2830 2408 2895; x_wconf 86' lang='lat' dir='ltr'><strong>ejus,</strong></span> <span class='ocrx_word' id='word_1_434' title='bbox 2440 2831 2525 2884; x_wconf 90' lang='lat' dir='ltr'><strong>nhi</strong></span> <span class='ocrx_word' id='word_1_435' title='bbox 2552 2846 2772 2887; x_wconf 76' lang='lat' dir='ltr'><strong>necesse</strong></span> <span class='ocrx_word' id='word_1_436' title='bbox 2799 2832 2977 2900; x_wconf 84' lang='lat' dir='ltr'><strong>fuerit,</strong></span> <span class='ocrx_word' id='word_1_437' title='bbox 3012 2837 3286 2893; x_wconf 87' lang='lat' dir='ltr'><strong>beneliciis</strong></span> <span class='ocrx_word' id='word_1_438' title='bbox 3306 2858 3400 2906; x_wconf 85' lang='lat' dir='ltr'><strong>po-</strong></span> 
     </span>
    </p>
   </div>
   <div class='ocr_carea' id='block_1_60' title="bbox 1824 2917 3399 2994">
    <p class='ocr_par' dir='ltr' id='par_1_60' title="bbox 1824 2917 3399 2994">
     <span class='ocr_line' id='line_1_60' title="bbox 1824 2917 3399 2994; baseline 0.013 -25"><span class='ocrx_word' id='word_1_439' title='bbox 1824 2917 2046 2972; x_wconf 90' lang='lat' dir='ltr'><strong>tiamini.</strong></span> <span class='ocrx_word' id='word_1_440' title='bbox 2090 2919 2214 2974; x_wconf 76' lang='lat' dir='ltr'><strong>llzec</strong></span> <span class='ocrx_word' id='word_1_441' title='bbox 2259 2920 2361 2976; x_wconf 90' lang='lat' dir='ltr'><strong>illis</strong></span> <span class='ocrx_word' id='word_1_442' title='bbox 2407 2922 2736 2989; x_wconf 89' lang='lat' dir='ltr'><strong>dicentibus,</strong></span> <span class='ocrx_word' id='word_1_443' title='bbox 2776 2928 3133 2994; x_wconf 82' lang='lat' dir='ltr'><strong>promiserunt</strong></span> <span class='ocrx_word' id='word_1_444' title='bbox 3177 2932 3399 2988; x_wconf 82' lang='lat' dir='ltr'><strong>Childe-</strong></span> 
     </span>
    </p>
   </div>
   <div class='ocr_carea' id='block_1_61' title="bbox 1826 3009 3398 3082">
    <p class='ocr_par' dir='ltr' id='par_1_61' title="bbox 1826 3009 3398 3082">
     <span class='ocr_line' id='line_1_61' title="bbox 1826 3009 3398 3082; baseline 0.013 -23"><span class='ocrx_word' id='word_1_445' title='bbox 1826 3009 2005 3063; x_wconf 85' lang='lat' dir='ltr'><strong>hertus</strong></span> <span class='ocrx_word' id='word_1_446' title='bbox 2036 3025 2124 3063; x_wconf 82' lang='lat' dir='ltr'><strong>rex</strong></span> <span class='ocrx_word' id='word_1_447' title='bbox 2155 3020 2210 3065; x_wconf 92' lang='lat' dir='ltr'><strong>et</strong></span> <span class='ocrx_word' id='word_1_448' title='bbox 2255 3021 2424 3065; x_wconf 88' lang='lat' dir='ltr'><strong>mater</strong></span> <span class='ocrx_word' id='word_1_449' title='bbox 2452 3012 2572 3082; x_wconf 88' lang='lat' dir='ltr'><strong>ejus</strong></span> <span class='ocrx_word' id='word_1_450' title='bbox 2611 3030 2794 3082; x_wconf 89' lang='lat' dir='ltr'><strong>pacem</strong></span> <span class='ocrx_word' id='word_1_451' title='bbox 2834 3028 2889 3071; x_wconf 90' lang='lat' dir='ltr'><strong>et</strong></span> <span class='ocrx_word' id='word_1_452' title='bbox 2916 3018 3233 3076; x_wconf 87' lang='lat' dir='ltr'><strong>charitalem</strong></span> <span class='ocrx_word' id='word_1_453' title='bbox 3276 3040 3398 3079; x_wconf 87' lang='lat' dir='ltr'><strong>ctnu</strong></span> 
     </span>
    </p>
   </div>
   <div class='ocr_carea' id='block_1_62' title="bbox 167 3101 1714 3182">
    <p class='ocr_par' dir='ltr' id='par_1_62' title="bbox 167 3106 1714 3182">
     <span class='ocr_line' id='line_1_62' title="bbox 167 3106 1714 3182; baseline 0.005 -24"><span class='ocrx_word' id='word_1_454' title='bbox 167 3106 241 3173; x_wconf 92' lang='lat' dir='ltr'><strong>lio,</strong></span> <span class='ocrx_word' id='word_1_455' title='bbox 268 3112 350 3165; x_wconf 81' lang='lat' dir='ltr'><strong>sed</strong></span> <span class='ocrx_word' id='word_1_456' title='bbox 397 3113 447 3166; x_wconf 91' lang='lat' dir='ltr'><strong>in</strong></span> <span class='ocrx_word' id='word_1_457' title='bbox 482 3128 589 3167; x_wconf 84' lang='lat' dir='ltr'><strong>una</strong></span> <span class='ocrx_word' id='word_1_458' title='bbox 636 3112 946 3182; x_wconf 71' lang='lat' dir='ltr'><strong>reqnalitate</strong></span> <span class='ocrx_word' id='word_1_459' title='bbox 971 3122 1131 3181; x_wconf 88' lang='lat' dir='ltr'><strong>atque</strong></span> <span class='ocrx_word' id='word_1_460' title='bbox 1156 3110 1541 3181; x_wconf 84' lang='lat' dir='ltr'><strong>omnipotentia</strong></span> <span class='ocrx_word' id='word_1_461' title='bbox 1579 3111 1714 3167; x_wconf 84' lang='lat' dir='ltr'><strong>hanc</strong></span> 
     </span>
    </p>
   </div>
   <div class='ocr_carea' id='block_1_63' title="bbox 1821 3101 3402 3182">
    <p class='ocr_par' dir='ltr' id='par_1_63' title="bbox 1827 3101 3402 3178">
     <span class='ocr_line' id='line_1_63' title="bbox 1827 3101 3402 3178; baseline 0.011 -25"><span class='ocrx_word' id='word_1_462' title='bbox 1827 3101 1940 3169; x_wconf 87' lang='lat' dir='ltr'><strong>ipso</strong></span> <span class='ocrx_word' id='word_1_463' title='bbox 1985 3115 2045 3155; x_wconf 91' lang='lat' dir='ltr'><strong>se</strong></span> <span class='ocrx_word' id='word_1_464' title='bbox 2075 3102 2280 3170; x_wconf 87' lang='lat' dir='ltr'><strong>integre</strong></span> <span class='ocrx_word' id='word_1_465' title='bbox 2329 3103 2707 3160; x_wconf 72' lang='lat' dir='ltr'><strong>custodituros.</strong></span> <span class='ocrx_word' id='word_1_466' title='bbox 2755 3107 3109 3178; x_wconf 85' lang='lat' dir='ltr'><strong>Acceptisque</strong></span> <span class='ocrx_word' id='word_1_467' title='bbox 3152 3128 3214 3166; x_wconf 90' lang='lat' dir='ltr'><strong>ac</strong></span> <span class='ocrx_word' id='word_1_468' title='bbox 3262 3114 3402 3170; x_wconf 81' lang='lat' dir='ltr'><strong>datis</strong></span> 
     </span>
    </p>
   </div>
   <div class='ocr_carea' id='block_1_64' title="bbox 166 3197 1721 3274">
    <p class='ocr_par' dir='ltr' id='par_1_64' title="bbox 166 3197 1721 3274">
     <span class='ocr_line' id='line_1_64' title="bbox 166 3197 1721 3274; baseline 0.006 -23"><span class='ocrx_word' id='word_1_469' title='bbox 166 3197 440 3258; x_wconf 77' lang='lat' dir='ltr'><strong>Trinitatem</strong></span> <span class='ocrx_word' id='word_1_470' title='bbox 472 3220 663 3261; x_wconf 88' lang='lat' dir='ltr'><strong>verum</strong></span> <span class='ocrx_word' id='word_1_471' title='bbox 695 3204 864 3258; x_wconf 89' lang='lat' dir='ltr'><strong>Deum</strong></span> <span class='ocrx_word' id='word_1_472' title='bbox 895 3205 1068 3259; x_wconf 81' lang='lat' dir='ltr'><strong>lateri.</strong></span> <span class='ocrx_word' id='word_1_473' title='bbox 1102 3204 1253 3260; x_wconf 89' lang='lat' dir='ltr'><strong>Tunc</strong></span> <span class='ocrx_word' id='word_1_474' title='bbox 1298 3204 1597 3274; x_wconf 84' lang='lat' dir='ltr'><strong>intelligens</strong></span> <span class='ocrx_word' id='word_1_475' title='bbox 1629 3219 1721 3261; x_wconf 87' lang='lat' dir='ltr'><strong>ve-</strong></span> 
     </span>
    </p>
   </div>
   <div class='ocr_carea' id='block_1_65' title="bbox 166 3288 1719 3361">
    <p class='ocr_par' dir='ltr' id='par_1_65' title="bbox 166 3288 1719 3361">
     <span class='ocr_line' id='line_1_65' title="bbox 166 3288 1719 3361; baseline 0.006 -22"><span class='ocrx_word' id='word_1_476' title='bbox 166 3288 344 3344; x_wconf 87' lang='lat' dir='ltr'><strong>ritatem</strong></span> <span class='ocrx_word' id='word_1_477' title='bbox 390 3292 749 3356; x_wconf 80' lang='lat' dir='ltr'><strong>Richaredus,</strong></span> <span class='ocrx_word' id='word_1_478' title='bbox 802 3292 1095 3361; x_wconf 85' lang='lat' dir='ltr'><strong>postposita</strong></span> <span class='ocrx_word' id='word_1_479' title='bbox 1119 3294 1494 3358; x_wconf 86' lang='lat' dir='ltr'><strong>altercatione,</strong></span> <span class='ocrx_word' id='word_1_480' title='bbox 1541 3308 1599 3349; x_wconf 89' lang='lat' dir='ltr'><strong>se</strong></span> <span class='ocrx_word' id='word_1_481' title='bbox 1623 3309 1719 3349; x_wconf 86' lang='lat' dir='ltr'><strong>ca-</strong></span> 
     </span>
    </p>
   </div>
   <div class='ocr_carea' id='block_1_66' title="bbox 168 3380 1719 3454">
    <p class='ocr_par' dir='ltr' id='par_1_66' title="bbox 168 3380 1719 3454">
     <span class='ocr_line' id='line_1_66' title="bbox 168 3380 1719 3454; baseline 0.003 -20"><span class='ocrx_word' id='word_1_482' title='bbox 168 3380 347 3438; x_wconf 66' lang='lat' dir='ltr'><strong>tholicae</strong></span> <span class='ocrx_word' id='word_1_483' title='bbox 374 3384 473 3454; x_wconf 88' lang='lat' dir='ltr'><strong>legi</strong></span> <span class='ocrx_word' id='word_1_484' title='bbox 491 3384 756 3447; x_wconf 81' lang='lat' dir='ltr'><strong>subdidit,</strong></span> <span class='ocrx_word' id='word_1_485' title='bbox 769 3392 825 3438; x_wconf 89' lang='lat' dir='ltr'><strong>et</strong></span> <span class='ocrx_word' id='word_1_486' title='bbox 852 3395 1076 3453; x_wconf 88' lang='lat' dir='ltr'><strong>accepto</strong></span> <span class='ocrx_word' id='word_1_487' title='bbox 1102 3385 1378 3454; x_wconf 83' lang='lat' dir='ltr'><strong>signaculo</strong></span> <span class='ocrx_word' id='word_1_488' title='bbox 1408 3384 1579 3439; x_wconf 73' lang='lat' dir='ltr'><strong>beata:</strong></span> <span class='ocrx_word' id='word_1_489' title='bbox 1598 3399 1719 3440; x_wconf 80' lang='lat' dir='ltr'><strong>cru-</strong></span> 
     </span>
    </p>
   </div>
   <div class='ocr_carea' id='block_1_67' title="bbox 165 3470 1720 3538">
    <p class='ocr_par' dir='ltr' id='par_1_67' title="bbox 165 3470 1720 3538">
     <span class='ocr_line' id='line_1_67' title="bbox 165 3470 1720 3538; baseline 0.005 -16"><span class='ocrx_word' id='word_1_490' title='bbox 165 3470 229 3523; x_wconf 81' lang='lat' dir='ltr'><strong>cis</strong></span> <span class='ocrx_word' id='word_1_491' title='bbox 254 3489 361 3527; x_wconf 87' lang='lat' dir='ltr'><strong>cum</strong></span> <span class='ocrx_word' id='word_1_492' title='bbox 385 3471 697 3529; x_wconf 85' lang='lat' dir='ltr'><strong>chrismatis</strong></span> <span class='ocrx_word' id='word_1_493' title='bbox 725 3473 1006 3538; x_wconf 67' lang='lat' dir='ltr'><strong>unctione,</strong></span> <span class='ocrx_word' id='word_1_494' title='bbox 1035 3473 1263 3528; x_wconf 86' lang='lat' dir='ltr'><strong>credidit</strong></span> <span class='ocrx_word' id='word_1_495' title='bbox 1307 3472 1588 3528; x_wconf 89' lang='lat' dir='ltr'><strong>Dominum</strong></span> <span class='ocrx_word' id='word_1_496' title='bbox 1628 3474 1720 3529; x_wconf 81' lang='lat' dir='ltr'><strong>Je-</strong></span> 
     </span>
    </p>
   </div>
   <div class='ocr_carea' id='block_1_68' title="bbox 168 3562 1722 3632">
    <p class='ocr_par' dir='ltr' id='par_1_68' title="bbox 168 3562 1722 3632">
     <span class='ocr_line' id='line_1_68' title="bbox 168 3562 1722 3632; baseline 0.005 -21"><span class='ocrx_word' id='word_1_497' title='bbox 168 3573 264 3614; x_wconf 77' lang='lat' dir='ltr'><strong>sum</strong></span> <span class='ocrx_word' id='word_1_498' title='bbox 289 3563 551 3619; x_wconf 84' lang='lat' dir='ltr'><strong>Christum</strong></span> <span class='ocrx_word' id='word_1_499' title='bbox 576 3562 767 3617; x_wconf 85' lang='lat' dir='ltr'><strong>Filium</strong></span> <span class='ocrx_word' id='word_1_500' title='bbox 793 3562 886 3618; x_wconf 89' lang='lat' dir='ltr'><strong>Dei</strong></span> <span class='ocrx_word' id='word_1_501' title='bbox 911 3562 1173 3632; x_wconf 74' lang='lat' dir='ltr'><strong>mqualem</strong></span> <span class='ocrx_word' id='word_1_502' title='bbox 1205 3564 1349 3616; x_wconf 82' lang='lat' dir='ltr'><strong>Patri</strong></span> <span class='ocrx_word' id='word_1_503' title='bbox 1371 3577 1492 3617; x_wconf 88' lang='lat' dir='ltr'><strong>cum</strong></span> <span class='ocrx_word' id='word_1_504' title='bbox 1518 3563 1722 3631; x_wconf 84' lang='lat' dir='ltr'><strong>Spiritu</strong></span> 
     </span>
    </p>
   </div>
   <div class='ocr_carea' id='block_1_69' title="bbox 166 3656 1720 3728">
    <p class='ocr_par' dir='ltr' id='par_1_69' title="bbox 166 3656 1720 3728">
     <span class='ocr_line' id='line_1_69' title="bbox 166 3656 1720 3728; baseline 0.001 -21"><span class='ocrx_word' id='word_1_505' title='bbox 166 3666 342 3718; x_wconf 81' lang='lat' dir='ltr'><strong>sancto.</strong></span> <span class='ocrx_word' id='word_1_506' title='bbox 395 3666 711 3728; x_wconf 83' lang='lat' dir='ltr'><strong>regnantem</strong></span> <span class='ocrx_word' id='word_1_507' title='bbox 779 3656 833 3710; x_wconf 89' lang='lat' dir='ltr'><strong>in</strong></span> <span class='ocrx_word' id='word_1_508' title='bbox 894 3656 1089 3711; x_wconf 82' lang='lat' dir='ltr'><strong>saecula</strong></span> <span class='ocrx_word' id='word_1_509' title='bbox 1135 3656 1474 3710; x_wconf 70' lang='lat' dir='ltr'><strong>steculorum.</strong></span> <span class='ocrx_word' id='word_1_510' title='bbox 1526 3656 1720 3711; x_wconf 82' lang='lat' dir='ltr'><strong>Amen.</strong></span> 
     </span>
    </p>
   </div>
   <div class='ocr_carea' id='block_1_70' title="bbox 171 3745 1717 3816">
    <p class='ocr_par' dir='ltr' id='par_1_70' title="bbox 171 3745 1717 3816">
     <span class='ocr_line' id='line_1_70' title="bbox 171 3745 1717 3816; baseline -0.002 -15"><span class='ocrx_word' id='word_1_511' title='bbox 171 3746 341 3804; x_wconf 83' lang='lat' dir='ltr'><strong>Deinde</strong></span> <span class='ocrx_word' id='word_1_512' title='bbox 371 3749 591 3805; x_wconf 85' lang='lat' dir='ltr'><strong>nuntios</strong></span> <span class='ocrx_word' id='word_1_513' title='bbox 619 3748 781 3802; x_wconf 89' lang='lat' dir='ltr'><strong>mittit</strong></span> <span class='ocrx_word' id='word_1_514' title='bbox 822 3747 887 3800; x_wconf 88' lang='lat' dir='ltr'><strong>ad</strong></span> <span class='ocrx_word' id='word_1_515' title='bbox 923 3746 1254 3816; x_wconf 74' lang='lat' dir='ltr'><strong>provinciam</strong></span> <span class='ocrx_word' id='word_1_516' title='bbox 1301 3745 1717 3812; x_wconf 84' lang='lat' dir='ltr'><strong>Narbonensem,</strong></span> 
     </span>
    </p>
   </div>
   <div class='ocr_carea' id='block_1_71' title="bbox 168 3836 1726 3908">
    <p class='ocr_par' dir='ltr' id='par_1_71' title="bbox 168 3836 1726 3908">
     <span class='ocr_line' id='line_1_71' title="bbox 168 3836 1726 3908; baseline 0.001 -18"><span class='ocrx_word' id='word_1_517' title='bbox 168 3838 332 3904; x_wconf 77' lang='lat' dir='ltr'><strong>quibus</strong></span> <span class='ocrx_word' id='word_1_518' title='bbox 357 3839 700 3896; x_wconf 86' lang='lat' dir='ltr'><strong>narrantibus</strong></span> <span class='ocrx_word' id='word_1_519' title='bbox 727 3853 789 3893; x_wconf 89' lang='lat' dir='ltr'><strong>ea</strong></span> <span class='ocrx_word' id='word_1_520' title='bbox 817 3852 938 3908; x_wconf 70' lang='lat' dir='ltr'><strong>qua:</strong></span> <span class='ocrx_word' id='word_1_521' title='bbox 984 3836 1074 3891; x_wconf 92' lang='lat' dir='ltr'><strong>ille</strong></span> <span class='ocrx_word' id='word_1_522' title='bbox 1103 3848 1362 3906; x_wconf 84' lang='lat' dir='ltr'><strong>gesserat,</strong></span> <span class='ocrx_word' id='word_1_523' title='bbox 1408 3836 1571 3892; x_wconf 90' lang='lat' dir='ltr'><strong>simili</strong></span> <span class='ocrx_word' id='word_1_524' title='bbox 1603 3852 1726 3892; x_wconf 84' lang='lat' dir='ltr'><strong>cre-</strong></span> 
     </span>
    </p>
   </div>
   <div class='ocr_carea' id='block_1_72' title="bbox 170 3926 1724 4001">
    <p class='ocr_par' dir='ltr' id='par_1_72' title="bbox 170 3926 1724 4001">
     <span class='ocr_line' id='line_1_72' title="bbox 170 3926 1724 4001; baseline 0.002 -23"><span class='ocrx_word' id='word_1_525' title='bbox 170 3926 365 3985; x_wconf 87' lang='lat' dir='ltr'><strong>dulitate</strong></span> <span class='ocrx_word' id='word_1_526' title='bbox 390 3931 622 4001; x_wconf 85' lang='lat' dir='ltr'><strong>populus</strong></span> <span class='ocrx_word' id='word_1_527' title='bbox 650 3928 739 3983; x_wconf 90' lang='lat' dir='ltr'><strong>ille</strong></span> <span class='ocrx_word' id='word_1_528' title='bbox 759 3935 1168 3984; x_wconf 88' lang='lat' dir='ltr'><strong>conecteretur</strong></span> <span class='ocrx_word' id='word_1_529' title='bbox 1198 3937 1246 3980; x_wconf 79' lang='lat'><strong>°.</strong></span> <span class='ocrx_word' id='word_1_530' title='bbox 1283 3927 1410 3982; x_wconf 83' lang='lat' dir='ltr'><strong>Erat</strong></span> <span class='ocrx_word' id='word_1_531' title='bbox 1429 3927 1574 3983; x_wconf 90' lang='lat' dir='ltr'><strong>enim</strong></span> <span class='ocrx_word' id='word_1_532' title='bbox 1599 3936 1724 3982; x_wconf 85' lang='lat' dir='ltr'><strong>tunc</strong></span> 
     </span>
    </p>
   </div>
   <div class='ocr_carea' id='block_1_73' title="bbox 171 4022 1722 4092">
    <p class='ocr_par' dir='ltr' id='par_1_73' title="bbox 171 4022 1722 4092">
     <span class='ocr_line' id='line_1_73' title="bbox 171 4022 1722 4092; baseline 0.002 -20"><span class='ocrx_word' id='word_1_533' title='bbox 171 4024 399 4091; x_wconf 74' lang='lat' dir='ltr'><strong>teutporis</strong></span> <span class='ocrx_word' id='word_1_534' title='bbox 427 4024 644 4079; x_wconf 67' lang='lat' dir='ltr'><strong>Arianae</strong></span> <span class='ocrx_word' id='word_1_535' title='bbox 675 4031 837 4078; x_wconf 67' lang='lat' dir='ltr'><strong>sectae</strong></span> <span class='ocrx_word' id='word_1_536' title='bbox 866 4022 1146 4092; x_wconf 78' lang='lat' dir='ltr'><strong>cpisc0pus</strong></span> <span class='ocrx_word' id='word_1_537' title='bbox 1178 4022 1488 4086; x_wconf 81' lang='lat' dir='ltr'><strong>Athalocus,</strong></span> <span class='ocrx_word' id='word_1_538' title='bbox 1526 4022 1616 4092; x_wconf 93' lang='lat' dir='ltr'><strong>qui</strong></span> <span class='ocrx_word' id='word_1_539' title='bbox 1650 4022 1722 4076; x_wconf 90' lang='lat' dir='ltr'><strong>ita</strong></span> 
     </span>
    </p>
   </div>
   <div class='ocr_carea' id='block_1_74' title="bbox 174 4114 1723 4188">
    <p class='ocr_par' dir='ltr' id='par_1_74' title="bbox 174 4114 1723 4188">
     <span class='ocr_line' id='line_1_74' title="bbox 174 4114 1723 4188; baseline 0.003 -22"><span class='ocrx_word' id='word_1_540' title='bbox 174 4125 251 4176; x_wconf 84' lang='lat' dir='ltr'><strong>per</strong></span> <span class='ocrx_word' id='word_1_541' title='bbox 283 4116 435 4187; x_wconf 58' lang='grc' dir='ltr'><strong>ωε</strong></span> <span class='ocrx_word' id='word_1_542' title='bbox 485 4116 885 4188; x_wconf 87' lang='lat' dir='ltr'><strong>propositiones</strong></span> <span class='ocrx_word' id='word_1_543' title='bbox 932 4130 1095 4170; x_wconf 87' lang='lat' dir='ltr'><strong>vanas</strong></span> <span class='ocrx_word' id='word_1_544' title='bbox 1145 4130 1210 4171; x_wconf 86' lang='lat' dir='ltr'><strong>ac</strong></span> <span class='ocrx_word' id='word_1_545' title='bbox 1257 4114 1723 4183; x_wconf 86' lang='lat' dir='ltr'><strong>interpretationes</strong></span> 
     </span>
    </p>
   </div>
   <div class='ocr_carea' id='block_1_75' title="bbox 174 4202 1726 4277">
    <p class='ocr_par' dir='ltr' id='par_1_75' title="bbox 174 4202 1726 4277">
     <span class='ocr_line' id='line_1_75' title="bbox 174 4202 1726 4277; baseline 0.005 -23"><span class='ocrx_word' id='word_1_546' title='bbox 174 4202 311 4260; x_wconf 82' lang='lat' dir='ltr'><strong>lalsas</strong></span> <span class='ocrx_word' id='word_1_547' title='bbox 351 4208 777 4277; x_wconf 86' lang='lat' dir='ltr'><strong>Scripturarum,</strong></span> <span class='ocrx_word' id='word_1_548' title='bbox 811 4206 1082 4262; x_wconf 87' lang='lat' dir='ltr'><strong>Ecclesias</strong></span> <span class='ocrx_word' id='word_1_549' title='bbox 1122 4205 1216 4261; x_wconf 91' lang='lat' dir='ltr'><strong>Dei</strong></span> <span class='ocrx_word' id='word_1_550' title='bbox 1245 4206 1618 4272; x_wconf 90' lang='lat' dir='ltr'><strong>conturbabat,</strong></span> <span class='ocrx_word' id='word_1_551' title='bbox 1669 4217 1726 4262; x_wconf 91' lang='lat' dir='ltr'><strong>ut</strong></span> 
     </span>
    </p>
   </div>
   <div class='ocr_carea' id='block_1_76' title="bbox 176 4294 1723 4367">
    <p class='ocr_par' dir='ltr' id='par_1_76' title="bbox 176 4294 1723 4367">
     <span class='ocr_line' id='line_1_76' title="bbox 176 4294 1723 4367; baseline 0.001 -18"><span class='ocrx_word' id='word_1_552' title='bbox 176 4302 421 4357; x_wconf 77' lang='lat' dir='ltr'><strong>putaretur</strong></span> <span class='ocrx_word' id='word_1_553' title='bbox 449 4294 599 4367; x_wconf 91' lang='lat' dir='ltr'><strong>quod</strong></span> <span class='ocrx_word' id='word_1_554' title='bbox 625 4295 741 4365; x_wconf 91' lang='lat' dir='ltr'><strong>ipse</strong></span> <span class='ocrx_word' id='word_1_555' title='bbox 766 4305 909 4351; x_wconf 85' lang='lat' dir='ltr'><strong>esset</strong></span> <span class='ocrx_word' id='word_1_556' title='bbox 931 4296 1114 4363; x_wconf 78' lang='lat' dir='ltr'><strong>Arius,</strong></span> <span class='ocrx_word' id='word_1_557' title='bbox 1146 4310 1304 4367; x_wconf 89' lang='lat' dir='ltr'><strong>quem</strong></span> <span class='ocrx_word' id='word_1_558' title='bbox 1336 4295 1630 4367; x_wconf 87' lang='lat' dir='ltr'><strong>projecisse</strong></span> <span class='ocrx_word' id='word_1_559' title='bbox 1668 4298 1723 4351; x_wconf 88' lang='lat' dir='ltr'><strong>in</strong></span> 
     </span>
    </p>
   </div>
   <div class='ocr_carea' id='block_1_77' title="bbox 1827 3194 3401 3268">
    <p class='ocr_par' dir='ltr' id='par_1_77' title="bbox 1827 3194 3401 3268">
     <span class='ocr_line' id='line_1_77' title="bbox 1827 3194 3401 3268; baseline 0.008 -20"><span class='ocrx_word' id='word_1_560' title='bbox 1827 3194 2158 3259; x_wconf 86' lang='lat' dir='ltr'><strong>muneribus,</strong></span> <span class='ocrx_word' id='word_1_561' title='bbox 2182 3194 2344 3267; x_wconf 59' lang='lat'><strong>4.36</strong></span> <span class='ocrx_word' id='word_1_562' title='bbox 2362 3197 2681 3252; x_wconf 88' lang='lat' dir='ltr'><strong>addiderunt</strong></span> <span class='ocrx_word' id='word_1_563' title='bbox 2708 3198 2865 3268; x_wconf 86' lang='lat' dir='ltr'><strong>legati</strong></span> <span class='ocrx_word' id='word_1_564' title='bbox 2890 3216 2905 3255; x_wconf 88' lang='lat'><strong>:</strong></span> <span class='ocrx_word' id='word_1_565' title='bbox 2938 3201 3102 3256; x_wconf 87' lang='lat' dir='ltr'><strong>.lnssit</strong></span> <span class='ocrx_word' id='word_1_566' title='bbox 3124 3206 3281 3259; x_wconf 83' lang='lat' dir='ltr'><strong>etiam</strong></span> <span class='ocrx_word' id='word_1_567' title='bbox 3304 3207 3401 3261; x_wconf 89' lang='lat' dir='ltr'><strong>do-</strong></span> 
     </span>
    </p>
   </div>
   <div class='ocr_carea' id='block_1_78' title="bbox 1824 3288 3403 3358">
    <p class='ocr_par' dir='ltr' id='par_1_78' title="bbox 1824 3288 3403 3358">
     <span class='ocr_line' id='line_1_78' title="bbox 1824 3288 3403 3358; baseline 0.009 -20"><span class='ocrx_word' id='word_1_568' title='bbox 1824 3288 1998 3342; x_wconf 89' lang='lat' dir='ltr'><strong>minus</strong></span> <span class='ocrx_word' id='word_1_569' title='bbox 2047 3296 2230 3343; x_wconf 89' lang='lat' dir='ltr'><strong>noster</strong></span> <span class='ocrx_word' id='word_1_570' title='bbox 2277 3303 2477 3358; x_wconf 86' lang='lat' dir='ltr'><strong>ponere</strong></span> <span class='ocrx_word' id='word_1_571' title='bbox 2516 3290 2736 3344; x_wconf 90' lang='lat' dir='ltr'><strong>verbum</strong></span> <span class='ocrx_word' id='word_1_572' title='bbox 2782 3292 2833 3346; x_wconf 93' lang='lat' dir='ltr'><strong>in</strong></span> <span class='ocrx_word' id='word_1_573' title='bbox 2871 3293 3089 3349; x_wconf 89' lang='lat' dir='ltr'><strong>auribus</strong></span> <span class='ocrx_word' id='word_1_574' title='bbox 3118 3296 3308 3351; x_wconf 87' lang='lat' dir='ltr'><strong>vestris</strong></span> <span class='ocrx_word' id='word_1_575' title='bbox 3333 3298 3403 3353; x_wconf 87' lang='lat' dir='ltr'><strong>de</strong></span> 
     </span>
    </p>
   </div>
   <div class='ocr_carea' id='block_1_79' title="bbox 1825 3380 3403 3454">
    <p class='ocr_par' dir='ltr' id='par_1_79' title="bbox 1825 3380 3403 3454">
     <span class='ocr_line' id='line_1_79' title="bbox 1825 3380 3403 3454; baseline 0.01 -23"><span class='ocrx_word' id='word_1_576' title='bbox 1825 3380 1930 3433; x_wconf 89' lang='lat' dir='ltr'><strong>lilia</strong></span> <span class='ocrx_word' id='word_1_577' title='bbox 1960 3380 2072 3434; x_wconf 87' lang='lat' dir='ltr'><strong>sive</strong></span> <span class='ocrx_word' id='word_1_578' title='bbox 2100 3394 2286 3435; x_wconf 86' lang='lat' dir='ltr'><strong>sorore</strong></span> <span class='ocrx_word' id='word_1_579' title='bbox 2312 3391 2487 3435; x_wconf 85' lang='lat' dir='ltr'><strong>vestra</strong></span> <span class='ocrx_word' id='word_1_580' title='bbox 2514 3381 2874 3438; x_wconf 85' lang='lat' dir='ltr'><strong>Cblodosinda</strong></span> <span class='ocrx_word' id='word_1_581' title='bbox 2924 3383 2967 3454; x_wconf 75' lang='grc' dir='ltr'><strong>ί,</strong></span> <span class='ocrx_word' id='word_1_582' title='bbox 3000 3396 3056 3440; x_wconf 93' lang='lat' dir='ltr'><strong>ut</strong></span> <span class='ocrx_word' id='word_1_583' title='bbox 3083 3391 3129 3442; x_wconf 91' lang='lat' dir='ltr'><strong>ei</strong></span> <span class='ocrx_word' id='word_1_584' title='bbox 3158 3388 3403 3446; x_wconf 86' lang='lat' dir='ltr'><strong>tradatur</strong></span> 
     </span>
    </p>
   </div>
   <div class='ocr_carea' id='block_1_80' title="bbox 1822 3473 3402 3550">
    <p class='ocr_par' dir='ltr' id='par_1_80' title="bbox 1822 3473 3402 3550">
     <span class='ocr_line' id='line_1_80' title="bbox 1822 3473 3402 3550; baseline 0.008 -23"><span class='ocrx_word' id='word_1_585' title='bbox 1822 3473 1873 3527; x_wconf 91' lang='lat' dir='ltr'><strong>in</strong></span> <span class='ocrx_word' id='word_1_586' title='bbox 1929 3475 2352 3542; x_wconf 88' lang='lat' dir='ltr'><strong>matrimonium,</strong></span> <span class='ocrx_word' id='word_1_587' title='bbox 2401 3491 2509 3546; x_wconf 89' lang='lat' dir='ltr'><strong>quo</strong></span> <span class='ocrx_word' id='word_1_588' title='bbox 2554 3474 2768 3532; x_wconf 87' lang='lat' dir='ltr'><strong>facilius</strong></span> <span class='ocrx_word' id='word_1_589' title='bbox 2799 3493 2898 3547; x_wconf 82' lang='lat' dir='ltr'><strong>pax</strong></span> <span class='ocrx_word' id='word_1_590' title='bbox 2951 3495 3069 3550; x_wconf 73' lang='lat' dir='ltr'><strong>quas</strong></span> <span class='ocrx_word' id='word_1_591' title='bbox 3122 3482 3265 3539; x_wconf 87' lang='lat' dir='ltr'><strong>inter</strong></span> <span class='ocrx_word' id='word_1_592' title='bbox 3306 3500 3402 3540; x_wconf 87' lang='lat' dir='ltr'><strong>vos</strong></span> 
     </span>
    </p>
   </div>
   <div class='ocr_carea' id='block_1_81' title="bbox 1824 3564 3402 3632">
    <p class='ocr_par' dir='ltr' id='par_1_81' title="bbox 1824 3564 3402 3632">
     <span class='ocr_line' id='line_1_81' title="bbox 1824 3564 3402 3632; baseline 0.01 -16"><span class='ocrx_word' id='word_1_593' title='bbox 1824 3564 2169 3632; x_wconf 88' lang='lat' dir='ltr'><strong>promittitur,</strong></span> <span class='ocrx_word' id='word_1_594' title='bbox 2218 3565 2588 3621; x_wconf 71' lang='lat' dir='ltr'><strong>confirmetur.</strong></span> <span class='ocrx_word' id='word_1_595' title='bbox 2622 3567 2720 3631; x_wconf 80' lang='lat' dir='ltr'><strong>Qui</strong></span> <span class='ocrx_word' id='word_1_596' title='bbox 2763 3566 3014 3624; x_wconf 68' lang='lat' dir='ltr'><strong>dixerunt</strong></span> <span class='ocrx_word' id='word_1_597' title='bbox 3049 3588 3060 3622; x_wconf 85' lang='lat'><strong>:</strong></span> <span class='ocrx_word' id='word_1_598' title='bbox 3108 3571 3402 3630; x_wconf 74' lang='lat' dir='ltr'><strong>l’romissio</strong></span> 
     </span>
    </p>
   </div>
   <div class='ocr_carea' id='block_1_82' title="bbox 1822 3657 3400 3731">
    <p class='ocr_par' dir='ltr' id='par_1_82' title="bbox 1822 3657 3400 3731">
     <span class='ocr_line' id='line_1_82' title="bbox 1822 3657 3400 3731; baseline 0.006 -20"><span class='ocrx_word' id='word_1_599' title='bbox 1822 3670 2005 3712; x_wconf 89' lang='lat' dir='ltr'><strong>nostra</strong></span> <span class='ocrx_word' id='word_1_600' title='bbox 2034 3673 2099 3712; x_wconf 82' lang='lat' dir='ltr'><strong>ex</strong></span> <span class='ocrx_word' id='word_1_601' title='bbox 2132 3657 2232 3714; x_wconf 88' lang='lat' dir='ltr'><strong>hoc</strong></span> <span class='ocrx_word' id='word_1_602' title='bbox 2271 3658 2464 3714; x_wconf 87' lang='lat' dir='ltr'><strong>habilis</strong></span> <span class='ocrx_word' id='word_1_603' title='bbox 2484 3658 2717 3725; x_wconf 81' lang='lat' dir='ltr'><strong>dabitur,</strong></span> <span class='ocrx_word' id='word_1_604' title='bbox 2746 3660 2841 3715; x_wconf 86' lang='lat' dir='ltr'><strong>sed</strong></span> <span class='ocrx_word' id='word_1_605' title='bbox 2882 3661 2999 3716; x_wconf 90' lang='lat' dir='ltr'><strong>sine</strong></span> <span class='ocrx_word' id='word_1_606' title='bbox 3025 3666 3196 3731; x_wconf 87' lang='lat' dir='ltr'><strong>patrui</strong></span> <span class='ocrx_word' id='word_1_607' title='bbox 3228 3668 3400 3720; x_wconf 80' lang='lat' dir='ltr'><strong>nostri</strong></span> 
     </span>
    </p>
   </div>
   <div class='ocr_carea' id='block_1_83' title="bbox 1824 3747 3399 3820">
    <p class='ocr_par' dir='ltr' id='par_1_83' title="bbox 1824 3747 3399 3820">
     <span class='ocr_line' id='line_1_83' title="bbox 1824 3747 3399 3820; baseline 0.005 -17"><span class='ocrx_word' id='word_1_608' title='bbox 1824 3747 2205 3803; x_wconf 85' lang='lat' dir='ltr'><strong>Guntchramni</strong></span> <span class='ocrx_word' id='word_1_609' title='bbox 2249 3750 2389 3820; x_wconf 85' lang='lat' dir='ltr'><strong>regis</strong></span> <span class='ocrx_word' id='word_1_610' title='bbox 2430 3751 2660 3806; x_wconf 88' lang='lat' dir='ltr'><strong>consilio</strong></span> <span class='ocrx_word' id='word_1_611' title='bbox 2708 3751 2821 3806; x_wconf 62' lang='lat' dir='ltr'><strong>haec</strong></span> <span class='ocrx_word' id='word_1_612' title='bbox 2852 3754 3025 3808; x_wconf 77' lang='lat' dir='ltr'><strong>facere</strong></span> <span class='ocrx_word' id='word_1_613' title='bbox 3073 3770 3180 3810; x_wconf 88' lang='lat' dir='ltr'><strong>non</strong></span> <span class='ocrx_word' id='word_1_614' title='bbox 3230 3757 3399 3815; x_wconf 85' lang='lat' dir='ltr'><strong>aude-</strong></span> 
     </span>
    </p>
   </div>
   <div class='ocr_carea' id='block_1_84' title="bbox 1824 3840 3402 3914">
    <p class='ocr_par' dir='ltr' id='par_1_84' title="bbox 1824 3840 3402 3914">
     <span class='ocr_line' id='line_1_84' title="bbox 1824 3840 3402 3914; baseline 0.008 -22"><span class='ocrx_word' id='word_1_615' title='bbox 1824 3854 1942 3892; x_wconf 87' lang='lat' dir='ltr'><strong>mus</strong></span> <span class='ocrx_word' id='word_1_616' title='bbox 1967 3854 1983 3892; x_wconf 85' lang='lat'><strong>:</strong></span> <span class='ocrx_word' id='word_1_617' title='bbox 2015 3840 2333 3908; x_wconf 85' lang='lat' dir='ltr'><strong>promissum</strong></span> <span class='ocrx_word' id='word_1_618' title='bbox 2354 3842 2495 3895; x_wconf 86' lang='lat' dir='ltr'><strong>enim</strong></span> <span class='ocrx_word' id='word_1_619' title='bbox 2534 3841 2792 3896; x_wconf 85' lang='lat' dir='ltr'><strong>habemus</strong></span> <span class='ocrx_word' id='word_1_620' title='bbox 2820 3843 2887 3897; x_wconf 91' lang='lat' dir='ltr'><strong>de</strong></span> <span class='ocrx_word' id='word_1_621' title='bbox 2917 3843 3202 3914; x_wconf 88' lang='lat' dir='ltr'><strong>majoribus</strong></span> <span class='ocrx_word' id='word_1_622' title='bbox 3226 3847 3402 3905; x_wconf 80' lang='lat' dir='ltr'><strong>causis</strong></span> 
     </span>
    </p>
   </div>
   <div class='ocr_carea' id='block_1_85' title="bbox 1825 3929 3399 4002">
    <p class='ocr_par' dir='ltr' id='par_1_85' title="bbox 1825 3929 3399 4002">
     <span class='ocr_line' id='line_1_85' title="bbox 1825 3929 3399 4002; baseline 0.006 -19"><span class='ocrx_word' id='word_1_623' title='bbox 1825 3929 1956 3984; x_wconf 89' lang='lat' dir='ltr'><strong>nihil</strong></span> <span class='ocrx_word' id='word_1_624' title='bbox 2004 3931 2122 3985; x_wconf 90' lang='lat' dir='ltr'><strong>sine</strong></span> <span class='ocrx_word' id='word_1_625' title='bbox 2165 3930 2282 3998; x_wconf 89' lang='lat' dir='ltr'><strong>ejus</strong></span> <span class='ocrx_word' id='word_1_626' title='bbox 2307 3929 2536 3985; x_wconf 88' lang='lat' dir='ltr'><strong>consilio</strong></span> <span class='ocrx_word' id='word_1_627' title='bbox 2580 3945 2759 4000; x_wconf 88' lang='lat' dir='ltr'><strong>agere.</strong></span> <span class='ocrx_word' id='word_1_628' title='bbox 2801 3931 3037 4000; x_wconf 80' lang='lat' dir='ltr'><strong>Accepto</strong></span> <span class='ocrx_word' id='word_1_629' title='bbox 3077 3935 3253 4002; x_wconf 88' lang='lat' dir='ltr'><strong>itaque</strong></span> <span class='ocrx_word' id='word_1_630' title='bbox 3309 3952 3399 3993; x_wconf 90' lang='lat' dir='ltr'><strong>re-</strong></span> 
     </span>
    </p>
   </div>
   <div class='ocr_carea' id='block_1_86' title="bbox 1823 4026 2337 4093">
    <p class='ocr_par' dir='ltr' id='par_1_86' title="bbox 1823 4026 2337 4093">
     <span class='ocr_line' id='line_1_86' title="bbox 1823 4026 2337 4093; baseline -0.002 -14"><span class='ocrx_word' id='word_1_631' title='bbox 1823 4039 2021 4093; x_wconf 72' lang='lat' dir='ltr'><strong>sjionso</strong></span> <span class='ocrx_word' id='word_1_632' title='bbox 2051 4026 2337 4079; x_wconf 88' lang='lat' dir='ltr'><strong>redierunt.</strong></span> 
     </span>
    </p>
   </div>
   <div class='ocr_carea' id='block_1_87' title="bbox 1898 4116 3401 4188">
    <p class='ocr_par' dir='ltr' id='par_1_87' title="bbox 1898 4116 3401 4188">
     <span class='ocr_line' id='line_1_87' title="bbox 1898 4116 3401 4188; baseline 0.005 -16"><span class='ocrx_word' id='word_1_633' title='bbox 1898 4116 2063 4172; x_wconf 78' lang='lat' dir='ltr'><strong>XVII.</strong></span> <span class='ocrx_word' id='word_1_634' title='bbox 2112 4116 2191 4171; x_wconf 83' lang='lat' dir='ltr'><strong>Eo</strong></span> <span class='ocrx_word' id='word_1_635' title='bbox 2223 4125 2416 4170; x_wconf 76' lang='lat' dir='ltr'><strong>sauno</strong></span> <span class='ocrx_word' id='word_1_636' title='bbox 2464 4131 2629 4171; x_wconf 87' lang='lat' dir='ltr'><strong>verno</strong></span> <span class='ocrx_word' id='word_1_637' title='bbox 2686 4127 2922 4187; x_wconf 89' lang='lat' dir='ltr'><strong>tempore</strong></span> <span class='ocrx_word' id='word_1_638' title='bbox 2972 4119 3169 4188; x_wconf 74' lang='lat' dir='ltr'><strong>pluviae</strong></span> <span class='ocrx_word' id='word_1_639' title='bbox 3210 4122 3401 4179; x_wconf 69' lang='lat' dir='ltr'><strong>validas</strong></span> 
     </span>
    </p>
   </div>
   <div class='ocr_carea' id='block_1_88' title="bbox 1826 4204 3398 4275">
    <p class='ocr_par' dir='ltr' id='par_1_88' title="bbox 1826 4204 3398 4275">
     <span class='ocr_line' id='line_1_88' title="bbox 1826 4204 3398 4275; baseline 0.006 -16"><span class='ocrx_word' id='word_1_640' title='bbox 1826 4204 2057 4271; x_wconf 79' lang='lat' dir='ltr'><strong>fuerunt,</strong></span> <span class='ocrx_word' id='word_1_641' title='bbox 2086 4219 2139 4261; x_wconf 92' lang='lat' dir='ltr'><strong>et</strong></span> <span class='ocrx_word' id='word_1_642' title='bbox 2168 4221 2287 4260; x_wconf 85' lang='lat' dir='ltr'><strong>cum</strong></span> <span class='ocrx_word' id='word_1_643' title='bbox 2313 4204 2422 4275; x_wconf 88' lang='lat' dir='ltr'><strong>jam</strong></span> <span class='ocrx_word' id='word_1_644' title='bbox 2452 4208 2532 4260; x_wconf 90' lang='lat' dir='ltr'><strong>vel</strong></span> <span class='ocrx_word' id='word_1_645' title='bbox 2561 4209 2782 4263; x_wconf 90' lang='lat' dir='ltr'><strong>arbores</strong></span> <span class='ocrx_word' id='word_1_646' title='bbox 2807 4209 2887 4262; x_wconf 88' lang='lat' dir='ltr'><strong>vel</strong></span> <span class='ocrx_word' id='word_1_647' title='bbox 2919 4211 3088 4264; x_wconf 74' lang='lat' dir='ltr'><strong>viuere</strong></span> <span class='ocrx_word' id='word_1_648' title='bbox 3133 4210 3398 4269; x_wconf 83' lang='lat' dir='ltr'><strong>Ironduis-</strong></span> 
     </span>
    </p>
   </div>
   <div class='ocr_carea' id='block_1_89' title="bbox 1827 4299 3404 4376">
    <p class='ocr_par' dir='ltr' id='par_1_89' title="bbox 1827 4299 3404 4376">
     <span class='ocr_line' id='line_1_89' title="bbox 1827 4299 3404 4376; baseline 0.004 -20"><span class='ocrx_word' id='word_1_649' title='bbox 1827 4310 1969 4367; x_wconf 90' lang='lat' dir='ltr'><strong>sent,</strong></span> <span class='ocrx_word' id='word_1_650' title='bbox 1995 4299 2081 4355; x_wconf 80' lang='lat' dir='ltr'><strong>nix</strong></span> <span class='ocrx_word' id='word_1_651' title='bbox 2110 4299 2330 4355; x_wconf 88' lang='lat' dir='ltr'><strong>decidua</strong></span> <span class='ocrx_word' id='word_1_652' title='bbox 2352 4308 2540 4354; x_wconf 87' lang='lat' dir='ltr'><strong>cuncta</strong></span> <span class='ocrx_word' id='word_1_653' title='bbox 2566 4302 2795 4368; x_wconf 79' lang='lat' dir='ltr'><strong>Operuit.</strong></span> <span class='ocrx_word' id='word_1_654' title='bbox 2811 4300 3165 4373; x_wconf 72' lang='lat' dir='ltr'><strong>Subsoqticttti</strong></span> <span class='ocrx_word' id='word_1_655' title='bbox 3190 4322 3404 4376; x_wconf 83' lang='lat' dir='ltr'><strong>quoque</strong></span> 
     </span>
    </p>
   </div>
   <div class='ocr_carea' id='block_1_90' title="bbox 280 4474 3403 4545">
    <p class='ocr_par' dir='ltr' id='par_1_90' title="bbox 280 4474 3403 4545">
     <span class='ocr_line' id='line_1_90' title="bbox 280 4474 3403 4545; baseline 0.002 -17"><span class='ocrx_word' id='word_1_656' title='bbox 280 4474 397 4531; x_wconf 68' lang='lat' dir='ltr'><strong>Ilzcc</strong></span> <span class='ocrx_word' id='word_1_657' title='bbox 422 4476 522 4531; x_wconf 81' lang='lat' dir='ltr'><strong>fuit</strong></span> <span class='ocrx_word' id='word_1_658' title='bbox 547 4477 695 4530; x_wconf 88' lang='lat' dir='ltr'><strong>omni</strong></span> <span class='ocrx_word' id='word_1_659' title='bbox 726 4484 966 4545; x_wconf 83' lang='lat' dir='ltr'><strong>tempore</strong></span> <span class='ocrx_word' id='word_1_660' title='bbox 987 4475 1280 4531; x_wconf 87' lang='lat' dir='ltr'><strong>catholicos</strong></span> <span class='ocrx_word' id='word_1_661' title='bbox 1310 4475 1448 4530; x_wconf 70' lang='lat' dir='ltr'><strong>inter</strong></span> <span class='ocrx_word' id='word_1_662' title='bbox 1473 4484 1524 4529; x_wconf 82' lang='lat' dir='ltr'><strong>el</strong></span> <span class='ocrx_word' id='word_1_663' title='bbox 1553 4476 1723 4530; x_wconf 51' lang='lat' dir='ltr'><strong>hiBre.</strong></span> <span class='ocrx_word' id='word_1_664' title='bbox 1748 4475 1802 4535; x_wconf 85' lang='grc' dir='ltr'><strong>Ι)</strong></span> <span class='ocrx_word' id='word_1_665' title='bbox 1828 4484 1925 4543; x_wconf 82' lang='lat' dir='ltr'><strong>let,</strong></span> <span class='ocrx_word' id='word_1_666' title='bbox 1956 4490 2065 4534; x_wconf 88' lang='lat' dir='ltr'><strong>etc.</strong></span> <span class='ocrx_word' id='word_1_667' title='bbox 2114 4476 2303 4530; x_wconf 81' lang='lat' dir='ltr'><strong>&#39;I‘radit</strong></span> <span class='ocrx_word' id='word_1_668' title='bbox 2332 4475 2525 4545; x_wconf 81' lang='lat' dir='ltr'><strong>Paulos</strong></span> <span class='ocrx_word' id='word_1_669' title='bbox 2577 4476 2720 4531; x_wconf 88' lang='lat' dir='ltr'><strong>Diac.</strong></span> <span class='ocrx_word' id='word_1_670' title='bbox 2775 4477 3118 4533; x_wconf 62' lang='lat' dir='ltr'><strong>Etueriteusis</strong></span> <span class='ocrx_word' id='word_1_671' title='bbox 3168 4479 3218 4532; x_wconf 88' lang='lat' dir='ltr'><strong>in</strong></span> <span class='ocrx_word' id='word_1_672' title='bbox 3273 4480 3403 4534; x_wconf 71' lang='lat' dir='ltr'><strong>Vitis</strong></span> 
     </span>
    </p>
   </div>
   <div class='ocr_carea' id='block_1_91' title="bbox 180 4542 1711 4615">
    <p class='ocr_par' dir='ltr' id='par_1_91' title="bbox 180 4542 1711 4615">
     <span class='ocr_line' id='line_1_91' title="bbox 180 4542 1711 4615; baseline 0.003 -21"><span class='ocrx_word' id='word_1_673' title='bbox 180 4542 291 4615; x_wconf 79' lang='lat' dir='ltr'><strong>lices</strong></span> <span class='ocrx_word' id='word_1_674' title='bbox 308 4547 601 4610; x_wconf 88' lang='lat' dir='ltr'><strong>distinctio,</strong></span> <span class='ocrx_word' id='word_1_675' title='bbox 632 4554 690 4599; x_wconf 93' lang='lat' dir='ltr'><strong>ut</strong></span> <span class='ocrx_word' id='word_1_676' title='bbox 706 4542 855 4615; x_wconf 80' lang='lat' dir='ltr'><strong>primi</strong></span> <span class='ocrx_word' id='word_1_677' title='bbox 877 4547 1146 4600; x_wconf 73' lang='lat' dir='ltr'><strong>miraculis</strong></span> <span class='ocrx_word' id='word_1_678' title='bbox 1170 4544 1326 4598; x_wconf 83' lang='lat' dir='ltr'><strong>ﬁdem</strong></span> <span class='ocrx_word' id='word_1_679' title='bbox 1354 4559 1500 4598; x_wconf 88' lang='lat' dir='ltr'><strong>suam</strong></span> <span class='ocrx_word' id='word_1_680' title='bbox 1527 4561 1711 4614; x_wconf 86' lang='lat' dir='ltr'><strong>appro-</strong></span> 
     </span>
    </p>
   </div>
   <div class='ocr_carea' id='block_1_92' title="bbox 180 4611 1711 4684">
    <p class='ocr_par' dir='ltr' id='par_1_92' title="bbox 180 4611 1711 4684">
     <span class='ocr_line' id='line_1_92' title="bbox 180 4611 1711 4684; baseline 0.001 -18"><span class='ocrx_word' id='word_1_681' title='bbox 180 4611 361 4675; x_wconf 81' lang='lat' dir='ltr'><strong>barent,</strong></span> <span class='ocrx_word' id='word_1_682' title='bbox 383 4616 525 4684; x_wconf 83' lang='lat' dir='ltr'><strong>quod</strong></span> <span class='ocrx_word' id='word_1_683' title='bbox 567 4617 658 4670; x_wconf 86' lang='lat' dir='ltr'><strong>alii</strong></span> <span class='ocrx_word' id='word_1_684' title='bbox 691 4611 945 4683; x_wconf 67' lang='lat' dir='ltr'><strong>praestare</strong></span> <span class='ocrx_word' id='word_1_685' title='bbox 992 4631 1096 4668; x_wconf 91' lang='lat' dir='ltr'><strong>non</strong></span> <span class='ocrx_word' id='word_1_686' title='bbox 1129 4624 1392 4684; x_wconf 85' lang='lat' dir='ltr'><strong>poterant,</strong></span> <span class='ocrx_word' id='word_1_687' title='bbox 1426 4625 1482 4668; x_wconf 89' lang='lat' dir='ltr'><strong>ut</strong></span> <span class='ocrx_word' id='word_1_688' title='bbox 1501 4611 1573 4669; x_wconf 65' lang='grc' dir='ltr'><strong>εί</strong></span> <span class='ocrx_word' id='word_1_689' title='bbox 1600 4611 1711 4668; x_wconf 84' lang='lat' dir='ltr'><strong>Ire-</strong></span> 
     </span>
    </p>
   </div>
   <div class='ocr_carea' id='block_1_93' title="bbox 180 4685 1715 4755">
    <p class='ocr_par' dir='ltr' id='par_1_93' title="bbox 180 4685 1715 4755">
     <span class='ocr_line' id='line_1_93' title="bbox 180 4685 1715 4755; baseline 0.001 -17"><span class='ocrx_word' id='word_1_690' title='bbox 180 4696 298 4755; x_wconf 60' lang='lat' dir='ltr'><strong>n20,</strong></span> <span class='ocrx_word' id='word_1_691' title='bbox 326 4686 672 4750; x_wconf 88' lang='lat' dir='ltr'><strong>Tertulliauo,</strong></span> <span class='ocrx_word' id='word_1_692' title='bbox 701 4686 947 4750; x_wconf 76' lang='lat' dir='ltr'><strong>Eusebio,</strong></span> <span class='ocrx_word' id='word_1_693' title='bbox 974 4686 1258 4755; x_wconf 79' lang='lat' dir='ltr'><strong>Cypriane,</strong></span> <span class='ocrx_word' id='word_1_694' title='bbox 1286 4685 1509 4755; x_wconf 84' lang='lat' dir='ltr'><strong>altisque</strong></span> <span class='ocrx_word' id='word_1_695' title='bbox 1530 4686 1715 4739; x_wconf 78' lang='lat' dir='ltr'><strong>obser-</strong></span> 
     </span>
    </p>
   </div>
   <div class='ocr_carea' id='block_1_94' title="bbox 182 4753 1714 4825">
    <p class='ocr_par' dir='ltr' id='par_1_94' title="bbox 182 4753 1714 4825">
     <span class='ocr_line' id='line_1_94' title="bbox 182 4753 1714 4825; baseline 0.003 -24"><span class='ocrx_word' id='word_1_696' title='bbox 182 4753 396 4809; x_wconf 77' lang='lat' dir='ltr'><strong>vavimus</strong></span> <span class='ocrx_word' id='word_1_697' title='bbox 423 4758 474 4809; x_wconf 89' lang='lat' dir='ltr'><strong>in</strong></span> <span class='ocrx_word' id='word_1_698' title='bbox 506 4756 649 4812; x_wconf 83' lang='lat' dir='ltr'><strong>notis</strong></span> <span class='ocrx_word' id='word_1_699' title='bbox 694 4756 760 4809; x_wconf 85' lang='lat' dir='ltr'><strong>ad</strong></span> <span class='ocrx_word' id='word_1_700' title='bbox 794 4759 931 4825; x_wconf 17' lang='lat' dir='ltr'><strong>,Acta</strong></span> <span class='ocrx_word' id='word_1_701' title='bbox 973 4753 1265 4825; x_wconf 81' lang='lat' dir='ltr'><strong>martyrum</strong></span> <span class='ocrx_word' id='word_1_702' title='bbox 1294 4769 1412 4823; x_wconf 86' lang='lat' dir='ltr'><strong>pag.</strong></span> <span class='ocrx_word' id='word_1_703' title='bbox 1443 4753 1569 4817; x_wconf 78' lang='grc'><strong>151,</strong></span> <span class='ocrx_word' id='word_1_704' title='bbox 1610 4772 1714 4822; x_wconf 85' lang='lat' dir='ltr'><strong>quo</strong></span> 
     </span>
    </p>
   </div>
   <div class='ocr_carea' id='block_1_95' title="bbox 181 4824 1715 4893">
    <p class='ocr_par' dir='ltr' id='par_1_95' title="bbox 181 4824 1715 4893">
     <span class='ocr_line' id='line_1_95' title="bbox 181 4824 1715 4893; baseline 0.004 -20"><span class='ocrx_word' id='word_1_705' title='bbox 181 4836 466 4893; x_wconf 75' lang='lat' dir='ltr'><strong>argumento</strong></span> <span class='ocrx_word' id='word_1_706' title='bbox 497 4827 743 4881; x_wconf 89' lang='lat' dir='ltr'><strong>utebatur</strong></span> <span class='ocrx_word' id='word_1_707' title='bbox 790 4824 1023 4878; x_wconf 83' lang='lat' dir='ltr'><strong>Nicetius</strong></span> <span class='ocrx_word' id='word_1_708' title='bbox 1049 4824 1383 4879; x_wconf 88' lang='lat' dir='ltr'><strong>Trevirensis</strong></span> <span class='ocrx_word' id='word_1_709' title='bbox 1409 4825 1460 4878; x_wconf 90' lang='lat' dir='ltr'><strong>in</strong></span> <span class='ocrx_word' id='word_1_710' title='bbox 1489 4825 1715 4893; x_wconf 88' lang='lat' dir='ltr'><strong>epistola</strong></span> 
     </span>
    </p>
   </div>
   <div class='ocr_carea' id='block_1_96' title="bbox 182 4891 1216 4949">
    <p class='ocr_par' dir='ltr' id='par_1_96' title="bbox 182 4891 1216 4949">
     <span class='ocr_line' id='line_1_96' title="bbox 182 4891 1216 4949; baseline 0.008 -9"><span class='ocrx_word' id='word_1_711' title='bbox 182 4891 237 4941; x_wconf 86' lang='lat' dir='ltr'><strong>ad</strong></span> <span class='ocrx_word' id='word_1_712' title='bbox 262 4893 724 4949; x_wconf 70' lang='lat' dir='ltr'><strong>tlhlodoswindam</strong></span> <span class='ocrx_word' id='word_1_713' title='bbox 757 4905 938 4948; x_wconf 73' lang='lat' dir='ltr'><strong>contra</strong></span> <span class='ocrx_word' id='word_1_714' title='bbox 970 4893 1216 4948; x_wconf 77' lang='lat' dir='ltr'><strong>Arianos.</strong></span> 
     </span>
    </p>
   </div>
   <div class='ocr_carea' id='block_1_97' title="bbox 243 4958 1718 5031">
    <p class='ocr_par' dir='ltr' id='par_1_97' title="bbox 243 4958 1718 5031">
     <span class='ocr_line' id='line_1_97' title="bbox 243 4958 1718 5031; baseline 0.001 -16"><span class='ocrx_word' id='word_1_715' title='bbox 243 4958 266 5031; x_wconf 59' lang='lat' dir='ltr'><strong>lt</strong></span> <span class='ocrx_word' id='word_1_716' title='bbox 305 4961 556 5020; x_wconf 88' lang='lat' dir='ltr'><strong>Videlicet</strong></span> <span class='ocrx_word' id='word_1_717' title='bbox 597 4968 646 5017; x_wconf 91' lang='lat' dir='ltr'><strong>iu</strong></span> <span class='ocrx_word' id='word_1_718' title='bbox 694 4965 827 5019; x_wconf 87' lang='lat' dir='ltr'><strong>libro</strong></span> <span class='ocrx_word' id='word_1_719' title='bbox 861 4963 928 5016; x_wconf 79' lang='lat' dir='ltr'><strong>de</strong></span> <span class='ocrx_word' id='word_1_720' title='bbox 970 4962 1149 5017; x_wconf 89' lang='lat' dir='ltr'><strong>Gloria</strong></span> <span class='ocrx_word' id='word_1_721' title='bbox 1190 4962 1430 5017; x_wconf 74' lang='lat' dir='ltr'><strong>Conless.</strong></span> <span class='ocrx_word' id='word_1_722' title='bbox 1479 4978 1599 5031; x_wconf 91' lang='lat' dir='ltr'><strong>cap.</strong></span> <span class='ocrx_word' id='word_1_723' title='bbox 1632 4962 1718 5017; x_wconf 76' lang='lat' dir='ltr'><strong>l3.</strong></span> 
     </span>
    </p>
   </div>
   <div class='ocr_carea' id='block_1_98' title="bbox 186 5025 1721 5103">
    <p class='ocr_par' dir='ltr' id='par_1_98' title="bbox 186 5025 1721 5103">
     <span class='ocr_line' id='line_1_98' title="bbox 186 5025 1721 5103; baseline 0.005 -22"><span class='ocrx_word' id='word_1_724' title='bbox 186 5025 299 5103; x_wconf 76' lang='lat' dir='ltr'><strong>l_lid_c</strong></span> <span class='ocrx_word' id='word_1_725' title='bbox 322 5045 373 5088; x_wconf 89' lang='lat' dir='ltr'><strong>et</strong></span> <span class='ocrx_word' id='word_1_726' title='bbox 396 5050 557 5103; x_wconf 80' lang='lat' dir='ltr'><strong>supra</strong></span> <span class='ocrx_word' id='word_1_727' title='bbox 587 5034 676 5087; x_wconf 88' lang='lat' dir='ltr'><strong>lih.</strong></span> <span class='ocrx_word' id='word_1_728' title='bbox 709 5049 769 5099; x_wconf 88' lang='lat' dir='ltr'><strong>ll,</strong></span> <span class='ocrx_word' id='word_1_729' title='bbox 797 5048 917 5101; x_wconf 89' lang='lat' dir='ltr'><strong>cap.</strong></span> <span class='ocrx_word' id='word_1_730' title='bbox 948 5033 1001 5088; x_wconf 77' lang='grc'><strong>5.</strong></span> <span class='ocrx_word' id='word_1_731' title='bbox 1034 5032 1109 5087; x_wconf 86' lang='lat' dir='ltr'><strong>De</strong></span> <span class='ocrx_word' id='word_1_732' title='bbox 1148 5032 1249 5087; x_wconf 88' lang='lat' dir='ltr'><strong>hoc</strong></span> <span class='ocrx_word' id='word_1_733' title='bbox 1278 5025 1721 5103; x_wconf 52' lang='lat' dir='ltr'><strong>colloquio&#39;loau.</strong></span> 
     </span>
    </p>
   </div>
   <div class='ocr_carea' id='block_1_99' title="bbox 187 5095 731 5158">
    <p class='ocr_par' dir='ltr' id='par_1_99' title="bbox 187 5095 731 5158">
     <span class='ocr_line' id='line_1_99' title="bbox 187 5095 731 5158; baseline 0.017 -10"><span class='ocrx_word' id='word_1_734' title='bbox 187 5095 356 5153; x_wconf 70' lang='lat' dir='ltr'><strong>Brclar.</strong></span> <span class='ocrx_word' id='word_1_735' title='bbox 378 5105 441 5157; x_wconf 90' lang='lat' dir='ltr'><strong>ad</strong></span> <span class='ocrx_word' id='word_1_736' title='bbox 463 5095 560 5158; x_wconf 65' lang='lat' dir='ltr'><strong>an.</strong></span> <span class='ocrx_word' id='word_1_737' title='bbox 607 5104 731 5157; x_wconf 85' lang='lat'><strong>588.</strong></span> 
     </span>
    </p>
   </div>
   <div class='ocr_carea' id='block_1_100' title="bbox 250 5171 1519 5238">
    <p class='ocr_par' dir='ltr' id='par_1_100' title="bbox 250 5171 1519 5238">
     <span class='ocr_line' id='line_1_100' title="bbox 250 5171 1519 5238; baseline -0.001 -13"><span class='ocrx_word' id='word_1_738' title='bbox 250 5180 268 5238; x_wconf 69' lang='grc' dir='ltr'>ῗ</span> <span class='ocrx_word' id='word_1_739' title='bbox 304 5171 450 5227; x_wconf 77' lang='lat' dir='ltr'><strong>Colb.</strong></span> <span class='ocrx_word' id='word_1_740' title='bbox 476 5190 556 5237; x_wconf 91' lang='lat' dir='ltr'><strong>a.,</strong></span> <span class='ocrx_word' id='word_1_741' title='bbox 589 5172 689 5238; x_wconf 78' lang='lat' dir='ltr'><strong>Qui</strong></span> <span class='ocrx_word' id='word_1_742' title='bbox 717 5182 980 5224; x_wconf 83' lang='lat' dir='ltr'><strong>narrantes</strong></span> <span class='ocrx_word' id='word_1_743' title='bbox 1003 5189 1152 5227; x_wconf 82' lang='lat' dir='ltr'><strong>ea....</strong></span> <span class='ocrx_word' id='word_1_744' title='bbox 1180 5173 1519 5225; x_wconf 83' lang='lat' dir='ltr'><strong>connectitur.</strong></span> 
     </span>
    </p>
   </div>
   <div class='ocr_carea' id='block_1_101' title="bbox 245 5234 1730 5297">
    <p class='ocr_par' dir='ltr' id='par_1_101' title="bbox 245 5234 1730 5297">
     <span class='ocr_line' id='line_1_101' title="bbox 245 5234 1730 5297; baseline -0.003 0"><span class='ocrx_word' id='word_1_745' title='bbox 245 5234 269 5274; x_wconf 74' lang='grc'><em>⁴</em></span> <span class='ocrx_word' id='word_1_746' title='bbox 307 5234 778 5297; x_wconf 66' lang='grc' dir='ltr'><strong>ὶὶυίὶηυεἘὶιεθῦὶἱ</strong></span> <span class='ocrx_word' id='word_1_747' title='bbox 818 5242 966 5296; x_wconf 70' lang='lat' dir='ltr'><strong>librl&#39;s</strong></span> <span class='ocrx_word' id='word_1_748' title='bbox 1012 5242 1252 5295; x_wconf 76' lang='lat' dir='ltr'><strong>Historia:</strong></span> <span class='ocrx_word' id='word_1_749' title='bbox 1275 5242 1571 5296; x_wconf 89' lang='lat' dir='ltr'><strong>ecclesiast.</strong></span> <span class='ocrx_word' id='word_1_750' title='bbox 1596 5242 1730 5295; x_wconf 87' lang='lat' dir='ltr'><strong>duos</strong></span> 
     </span>
    </p>
   </div>
   <div class='ocr_carea' id='block_1_102' title="bbox 189 5306 1731 5380">
    <p class='ocr_par' dir='ltr' id='par_1_102' title="bbox 189 5306 1731 5380">
     <span class='ocr_line' id='line_1_102' title="bbox 189 5306 1731 5380; baseline 0.005 -23"><span class='ocrx_word' id='word_1_751' title='bbox 189 5306 379 5380; x_wconf 54' lang='lat' dir='ltr'><strong>adjecit,</strong></span> <span class='ocrx_word' id='word_1_752' title='bbox 422 5313 516 5367; x_wconf 83' lang='lat' dir='ltr'><strong>sed</strong></span> <span class='ocrx_word' id='word_1_753' title='bbox 540 5327 663 5366; x_wconf 83' lang='lat' dir='ltr'><strong>cum</strong></span> <span class='ocrx_word' id='word_1_754' title='bbox 710 5311 994 5370; x_wconf 69' lang='lat' dir='ltr'><strong>Gregorius</strong></span> <span class='ocrx_word' id='word_1_755' title='bbox 1034 5312 1227 5380; x_wconf 84' lang='lat' dir='ltr'><strong>aliique</strong></span> <span class='ocrx_word' id='word_1_756' title='bbox 1258 5311 1461 5365; x_wconf 88' lang='lat' dir='ltr'><strong>similes</strong></span> <span class='ocrx_word' id='word_1_757' title='bbox 1484 5320 1731 5365; x_wconf 87' lang='lat' dir='ltr'><strong>auctores</strong></span> 
     </span>
    </p>
   </div>
   <div class='ocr_carea' id='block_1_103' title="bbox 190 5374 1728 5448">
    <p class='ocr_par' dir='ltr' id='par_1_103' title="bbox 190 5374 1728 5448">
     <span class='ocr_line' id='line_1_103' title="bbox 190 5374 1728 5448; baseline 0.003 -20"><span class='ocrx_word' id='word_1_758' title='bbox 190 5374 384 5448; x_wconf 51' lang='lat' dir='ltr'><strong>Eusebii</strong></span> <span class='ocrx_word' id='word_1_759' title='bbox 427 5382 713 5437; x_wconf 83' lang='lat' dir='ltr'><strong>Historiam</strong></span> <span class='ocrx_word' id='word_1_760' title='bbox 761 5382 976 5436; x_wconf 88' lang='lat' dir='ltr'><strong>aliunde</strong></span> <span class='ocrx_word' id='word_1_761' title='bbox 1007 5398 1109 5435; x_wconf 89' lang='lat' dir='ltr'><strong>non</strong></span> <span class='ocrx_word' id='word_1_762' title='bbox 1144 5374 1417 5435; x_wconf 51' lang='lat' dir='ltr'><strong>&#39;noverant</strong></span> <span class='ocrx_word' id='word_1_763' title='bbox 1459 5395 1615 5448; x_wconf 81' lang='lat' dir='ltr'><strong>quam</strong></span> <span class='ocrx_word' id='word_1_764' title='bbox 1659 5395 1728 5432; x_wconf 84' lang='lat' dir='ltr'><strong>ex</strong></span> 
     </span>
    </p>
   </div>
   <div class='ocr_carea' id='block_1_104' title="bbox 192 5442 1731 5519">
    <p class='ocr_par' dir='ltr' id='par_1_104' title="bbox 192 5442 1731 5519">
     <span class='ocr_line' id='line_1_104' title="bbox 192 5442 1731 5519; baseline 0.003 -22"><span class='ocrx_word' id='word_1_765' title='bbox 192 5442 345 5519; x_wconf 76' lang='lat' dir='ltr'><strong>llulloi</strong></span> <span class='ocrx_word' id='word_1_766' title='bbox 369 5452 635 5515; x_wconf 90' lang='lat' dir='ltr'><strong>versione,</strong></span> <span class='ocrx_word' id='word_1_767' title='bbox 663 5460 832 5506; x_wconf 74' lang='lat' dir='ltr'><strong>totum</strong></span> <span class='ocrx_word' id='word_1_768' title='bbox 858 5452 973 5519; x_wconf 88' lang='lat' dir='ltr'><strong>ejus</strong></span> <span class='ocrx_word' id='word_1_769' title='bbox 994 5468 1130 5518; x_wconf 91' lang='lat' dir='ltr'><strong>opus</strong></span> <span class='ocrx_word' id='word_1_770' title='bbox 1151 5451 1251 5506; x_wconf 92' lang='lat' dir='ltr'><strong>sub</strong></span> <span class='ocrx_word' id='word_1_771' title='bbox 1274 5442 1491 5504; x_wconf 80' lang='lat' dir='ltr'><strong>Eusebii</strong></span> <span class='ocrx_word' id='word_1_772' title='bbox 1515 5452 1731 5503; x_wconf 83' lang='lat' dir='ltr'><strong>neruine</strong></span> 
     </span>
    </p>
   </div>
   <div class='ocr_carea' id='block_1_105' title="bbox 190 5512 1729 5641">
    <p class='ocr_par' dir='ltr' id='par_1_105' title="bbox 190 5512 1729 5641">
     <span class='ocr_line' id='line_1_105' title="bbox 190 5512 1729 5641; baseline 0.004 -74"><span class='ocrx_word' id='word_1_773' title='bbox 190 5512 473 5641; x_wconf 50' lang='lat' dir='ltr'><strong>Ldlldaibfnl.</strong></span> <span class='ocrx_word' id='word_1_774' title='bbox 505 5512 632 5575; x_wconf 77' lang='lat' dir='ltr'><strong>Arii</strong></span> <span class='ocrx_word' id='word_1_775' title='bbox 653 5530 828 5577; x_wconf 88' lang='lat' dir='ltr'><strong>autem</strong></span> <span class='ocrx_word' id='word_1_776' title='bbox 876 5512 1121 5577; x_wconf 72' lang='lat' dir='ltr'><strong>interitus</strong></span> <span class='ocrx_word' id='word_1_777' title='bbox 1161 5519 1487 5577; x_wconf 88' lang='lat' dir='ltr'><strong>describitur</strong></span> <span class='ocrx_word' id='word_1_778' title='bbox 1534 5520 1630 5575; x_wconf 89' lang='lat' dir='ltr'><strong>lib.</strong></span> <span class='ocrx_word' id='word_1_779' title='bbox 1678 5536 1729 5585; x_wconf 72' lang='grc' dir='ltr'><strong>κ,</strong></span> 
     </span>
     <span class='ocr_line' id='line_1_106' title="bbox 250 5602 401 5641; baseline 0 0"><span class='ocrx_word' id='word_1_780' title='bbox 250 5602 278 5641; x_wconf 87' lang='grc' dir='ltr'>υ</span> <span class='ocrx_word' id='word_1_781' title='bbox 386 5628 401 5641; x_wconf 91' lang='grc'><strong>.</strong></span> 
     </span>
    </p>
   </div>
   <div class='ocr_carea' id='block_1_106' title="bbox 191 5598 401 5653">
    <p class='ocr_par' dir='ltr' id='par_1_106' title="bbox 191 5598 401 5653">
     <span class='ocr_line' id='line_1_107' title="bbox 191 5598 401 5653; baseline 0.024 -16"><span class='ocrx_word' id='word_1_782' title='bbox 191 5598 278 5653; x_wconf 80' lang='lat' dir='ltr'><strong>cap</strong></span> <span class='ocrx_word' id='word_1_783' title='bbox 319 5598 401 5643; x_wconf 70' lang='grc' dir='ltr'><strong>υ.</strong></span> 
     </span>
    </p>
   </div>
   <div class='ocr_carea' id='block_1_107' title="bbox 254 5656 1741 5732">
    <p class='ocr_par' dir='ltr' id='par_1_107' title="bbox 254 5656 1741 5732">
     <span class='ocr_line' id='line_1_108' title="bbox 254 5656 1741 5732; baseline 0.003 -23"><span class='ocrx_word' id='word_1_784' title='bbox 254 5664 277 5692; x_wconf 77' lang='grc'><strong><em>⁸</em></strong></span> <span class='ocrx_word' id='word_1_785' title='bbox 293 5656 496 5728; x_wconf 79' lang='lat' dir='ltr'><strong>Regm.,</strong></span> <span class='ocrx_word' id='word_1_786' title='bbox 523 5659 629 5715; x_wconf 74' lang='lat' dir='ltr'><strong>Sed</strong></span> <span class='ocrx_word' id='word_1_787' title='bbox 649 5676 760 5715; x_wconf 78' lang='lat' dir='ltr'><strong>cum</strong></span> <span class='ocrx_word' id='word_1_788' title='bbox 787 5660 865 5716; x_wconf 77' lang='lat' dir='ltr'><strong>hic</strong></span> <span class='ocrx_word' id='word_1_789' title='bbox 882 5659 1099 5732; x_wconf 77' lang='lat' dir='ltr'><strong>populus</strong></span> <span class='ocrx_word' id='word_1_790' title='bbox 1113 5670 1299 5716; x_wconf 80' lang='lat' dir='ltr'><strong>sectam</strong></span> <span class='ocrx_word' id='word_1_791' title='bbox 1317 5660 1456 5715; x_wconf 80' lang='lat' dir='ltr'><strong>illius</strong></span> <span class='ocrx_word' id='word_1_792' title='bbox 1472 5659 1611 5725; x_wconf 76' lang='lat' dir='ltr'><strong>arqui</strong></span> <span class='ocrx_word' id='word_1_793' title='bbox 1628 5661 1741 5714; x_wconf 81' lang='lat' dir='ltr'><strong>nol-</strong></span> 
     </span>
    </p>
   </div>
   <div class='ocr_carea' id='block_1_108' title="bbox 1816 4544 3400 4616">
    <p class='ocr_par' dir='ltr' id='par_1_108' title="bbox 1816 4544 3400 4616">
     <span class='ocr_line' id='line_1_109' title="bbox 1816 4544 3400 4616; baseline -0.001 -10"><span class='ocrx_word' id='word_1_794' title='bbox 1816 4553 1917 4608; x_wconf 86' lang='lat' dir='ltr'><strong>PP.</strong></span> <span class='ocrx_word' id='word_1_795' title='bbox 1952 4550 2194 4611; x_wconf 85' lang='lat' dir='ltr'><strong>Emerit.,</strong></span> <span class='ocrx_word' id='word_1_796' title='bbox 2217 4562 2333 4612; x_wconf 75' lang='lat' dir='ltr'><strong>cap.</strong></span> <span class='ocrx_word' id='word_1_797' title='bbox 2365 4544 2782 4616; x_wconf 79' lang='lat' dir='ltr'><strong>I9,Athalocum</strong></span> <span class='ocrx_word' id='word_1_798' title='bbox 2807 4550 2971 4616; x_wconf 83' lang='lat' dir='ltr'><strong>episc.</strong></span> <span class='ocrx_word' id='word_1_799' title='bbox 2998 4552 3253 4604; x_wconf 89' lang='lat' dir='ltr'><strong>Arianqu</strong></span> <span class='ocrx_word' id='word_1_800' title='bbox 3278 4566 3400 4605; x_wconf 84' lang='lat' dir='ltr'><strong>Cum</strong></span> 
     </span>
    </p>
   </div>
   <div class='ocr_carea' id='block_1_109' title="bbox 1818 4615 3402 4686">
    <p class='ocr_par' dir='ltr' id='par_1_109' title="bbox 1818 4615 3402 4686">
     <span class='ocr_line' id='line_1_110' title="bbox 1818 4615 3402 4686; baseline -0.001 -11"><span class='ocrx_word' id='word_1_801' title='bbox 1818 4621 1884 4675; x_wconf 72' lang='grc'><strong>12</strong></span> <span class='ocrx_word' id='word_1_802' title='bbox 1909 4620 2196 4675; x_wconf 84' lang='lat' dir='ltr'><strong>comitibus</strong></span> <span class='ocrx_word' id='word_1_803' title='bbox 2234 4616 2373 4686; x_wconf 84' lang='lat' dir='ltr'><strong>apud</strong></span> <span class='ocrx_word' id='word_1_804' title='bbox 2427 4615 2727 4671; x_wconf 81' lang='lat' dir='ltr'><strong>Nar‘lmuatn</strong></span> <span class='ocrx_word' id='word_1_805' title='bbox 2781 4615 3098 4674; x_wconf 76' lang='lat' dir='ltr'><strong>Seditionem</strong></span> <span class='ocrx_word' id='word_1_806' title='bbox 3138 4621 3402 4674; x_wconf 80' lang='lat' dir='ltr'><strong>adversus</strong></span> 
     </span>
    </p>
   </div>
   <div class='ocr_carea' id='block_1_110' title="bbox 1819 4686 3400 4758">
    <p class='ocr_par' dir='ltr' id='par_1_110' title="bbox 1819 4686 3400 4758">
     <span class='ocr_line' id='line_1_111' title="bbox 1819 4686 3400 4758; baseline 0.001 -14"><span class='ocrx_word' id='word_1_807' title='bbox 1819 4690 2176 4745; x_wconf 81' lang='lat' dir='ltr'><strong>Reccaredum</strong></span> <span class='ocrx_word' id='word_1_808' title='bbox 2221 4686 2595 4758; x_wconf 84' lang='lat' dir='ltr'><strong>commovisse,</strong></span> <span class='ocrx_word' id='word_1_809' title='bbox 2629 4701 2920 4758; x_wconf 89' lang='lat' dir='ltr'><strong>eorumque</strong></span> <span class='ocrx_word' id='word_1_810' title='bbox 2965 4702 3189 4744; x_wconf 67' lang='lat' dir='ltr'><strong>COIlaIIIs‘</strong></span> <span class='ocrx_word' id='word_1_811' title='bbox 3236 4692 3400 4745; x_wconf 84' lang='lat' dir='ltr'><strong>luisse</strong></span> 
     </span>
    </p>
   </div>
   <div class='ocr_carea' id='block_1_111' title="bbox 1819 4756 3401 4826">
    <p class='ocr_par' dir='ltr' id='par_1_111' title="bbox 1819 4756 3401 4826">
     <span class='ocr_line' id='line_1_112' title="bbox 1819 4756 3401 4826; baseline -0.001 -12"><span class='ocrx_word' id='word_1_812' title='bbox 1819 4762 2022 4823; x_wconf 90' lang='lat' dir='ltr'><strong>irritos,</strong></span> <span class='ocrx_word' id='word_1_813' title='bbox 2049 4771 2349 4826; x_wconf 87' lang='lat' dir='ltr'><strong>quanquam</strong></span> <span class='ocrx_word' id='word_1_814' title='bbox 2396 4756 2446 4810; x_wconf 87' lang='lat' dir='ltr'><strong>in</strong></span> <span class='ocrx_word' id='word_1_815' title='bbox 2487 4758 2568 4809; x_wconf 79' lang='lat' dir='ltr'><strong>sui</strong></span> <span class='ocrx_word' id='word_1_816' title='bbox 2612 4756 2906 4811; x_wconf 81' lang='lat' dir='ltr'><strong>subsidium</strong></span> <span class='ocrx_word' id='word_1_817' title='bbox 2958 4759 3192 4815; x_wconf 85' lang='lat' dir='ltr'><strong>Francos</strong></span> <span class='ocrx_word' id='word_1_818' title='bbox 3234 4761 3401 4812; x_wconf 87' lang='lat' dir='ltr'><strong>advo-</strong></span> 
     </span>
    </p>
   </div>
   <div class='ocr_carea' id='block_1_112' title="bbox 1819 4826 3403 4884">
    <p class='ocr_par' dir='ltr' id='par_1_112' title="bbox 1819 4826 3403 4884">
     <span class='ocr_line' id='line_1_113' title="bbox 1819 4826 3403 4884; baseline -0.001 0"><span class='ocrx_word' id='word_1_819' title='bbox 1819 4838 2051 4884; x_wconf 85' lang='lat' dir='ltr'><strong>cassent.</strong></span> <span class='ocrx_word' id='word_1_820' title='bbox 2081 4828 2239 4883; x_wconf 82' lang='lat' dir='ltr'><strong>Joan.</strong></span> <span class='ocrx_word' id='word_1_821' title='bbox 2274 4826 2465 4879; x_wconf 88' lang='lat' dir='ltr'><strong>Biclar.</strong></span> <span class='ocrx_word' id='word_1_822' title='bbox 2493 4841 2632 4879; x_wconf 88' lang='lat' dir='ltr'><strong>anno</strong></span> <span class='ocrx_word' id='word_1_823' title='bbox 2666 4827 2686 4878; x_wconf 82' lang='lat' dir='ltr'><strong>I</strong></span> <span class='ocrx_word' id='word_1_824' title='bbox 2727 4827 3014 4882; x_wconf 65' lang='lat' dir='ltr'><strong>Iieccaredi</strong></span> <span class='ocrx_word' id='word_1_825' title='bbox 3046 4829 3287 4882; x_wconf 90' lang='lat' dir='ltr'><strong>meminit</strong></span> <span class='ocrx_word' id='word_1_826' title='bbox 3319 4829 3403 4882; x_wconf 86' lang='lat' dir='ltr'><strong>vi-</strong></span> 
     </span>
    </p>
   </div>
   <div class='ocr_carea' id='block_1_113' title="bbox 1822 4894 3403 4963">
    <p class='ocr_par' dir='ltr' id='par_1_113' title="bbox 1822 4894 3403 4963">
     <span class='ocr_line' id='line_1_114' title="bbox 1822 4894 3403 4963; baseline -0.002 -10"><span class='ocrx_word' id='word_1_827' title='bbox 1822 4898 2005 4953; x_wconf 70' lang='lat' dir='ltr'><strong>ctorias</strong></span> <span class='ocrx_word' id='word_1_828' title='bbox 2035 4897 2294 4950; x_wconf 84' lang='lat' dir='ltr'><strong>adversus</strong></span> <span class='ocrx_word' id='word_1_829' title='bbox 2324 4894 2557 4950; x_wconf 86' lang='lat' dir='ltr'><strong>Francos</strong></span> <span class='ocrx_word' id='word_1_830' title='bbox 2585 4898 2652 4949; x_wconf 86' lang='lat' dir='ltr'><strong>ah</strong></span> <span class='ocrx_word' id='word_1_831' title='bbox 2680 4898 2843 4957; x_wconf 80' lang='lat' dir='ltr'><strong>ipsius</strong></span> <span class='ocrx_word' id='word_1_832' title='bbox 2869 4898 3094 4953; x_wconf 84' lang='lat' dir='ltr'><strong>ducibus</strong></span> <span class='ocrx_word' id='word_1_833' title='bbox 3120 4898 3324 4963; x_wconf 69' lang='lat' dir='ltr'><strong>relatae,</strong></span> <span class='ocrx_word' id='word_1_834' title='bbox 3352 4900 3403 4951; x_wconf 92' lang='lat' dir='ltr'><strong>in</strong></span> 
     </span>
    </p>
   </div>
   <div class='ocr_carea' id='block_1_114' title="bbox 1824 4964 3402 5039">
    <p class='ocr_par' dir='ltr' id='par_1_114' title="bbox 1824 4964 3402 5039">
     <span class='ocr_line' id='line_1_115' title="bbox 1824 4964 3402 5039; baseline 0.001 -20"><span class='ocrx_word' id='word_1_835' title='bbox 1824 4985 1924 5039; x_wconf 85' lang='lat' dir='ltr'><strong>qua</strong></span> <span class='ocrx_word' id='word_1_836' title='bbox 1952 4966 2277 5039; x_wconf 79' lang='lat' dir='ltr'><strong>Desiderium</strong></span> <span class='ocrx_word' id='word_1_837' title='bbox 2308 4965 2503 5039; x_wconf 65' lang='lat' dir='ltr'><strong>ducent</strong></span> <span class='ocrx_word' id='word_1_838' title='bbox 2527 4968 2840 5039; x_wconf 73' lang='lat' dir='ltr'><strong>cuntmttltis</strong></span> <span class='ocrx_word' id='word_1_839' title='bbox 2871 4964 3090 5039; x_wconf 71' lang='lat' dir='ltr'><strong>Francis</strong></span> <span class='ocrx_word' id='word_1_840' title='bbox 3129 4967 3402 5039; x_wconf 81' lang='lat' dir='ltr'><strong>interiisse</strong></span> 
     </span>
    </p>
   </div>
   <div class='ocr_carea' id='block_1_115' title="bbox 1828 5034 3398 5102">
    <p class='ocr_par' dir='ltr' id='par_1_115' title="bbox 1828 5034 3398 5102">
     <span class='ocr_line' id='line_1_116' title="bbox 1828 5034 3398 5102; baseline -0.002 -11"><span class='ocrx_word' id='word_1_841' title='bbox 1828 5034 2107 5091; x_wconf 82' lang='lat' dir='ltr'><strong>memorat.</strong></span> <span class='ocrx_word' id='word_1_842' title='bbox 2136 5036 2250 5088; x_wconf 82' lang='lat' dir='ltr'><strong>Alia</strong></span> <span class='ocrx_word' id='word_1_843' title='bbox 2271 5044 2373 5095; x_wconf 91' lang='lat' dir='ltr'><strong>est,</strong></span> <span class='ocrx_word' id='word_1_844' title='bbox 2409 5036 2459 5088; x_wconf 91' lang='lat' dir='ltr'><strong>ni</strong></span> <span class='ocrx_word' id='word_1_845' title='bbox 2484 5034 2660 5097; x_wconf 88' lang='lat' dir='ltr'><strong>Iallor,</strong></span> <span class='ocrx_word' id='word_1_846' title='bbox 2684 5035 2978 5101; x_wconf 85' lang='lat' dir='ltr'><strong>eoojuratio</strong></span> <span class='ocrx_word' id='word_1_847' title='bbox 3007 5035 3208 5091; x_wconf 75' lang='lat' dir='ltr'><strong>Sunna:</strong></span> <span class='ocrx_word' id='word_1_848' title='bbox 3228 5037 3398 5102; x_wconf 87' lang='lat' dir='ltr'><strong>episc.</strong></span> 
     </span>
    </p>
   </div>
   <div class='ocr_carea' id='block_1_116' title="bbox 1828 5103 3403 5174">
    <p class='ocr_par' dir='ltr' id='par_1_116' title="bbox 1828 5103 3403 5174">
     <span class='ocr_line' id='line_1_117' title="bbox 1828 5103 3403 5174; baseline -0.002 -10"><span class='ocrx_word' id='word_1_849' title='bbox 1828 5107 2011 5164; x_wconf 73' lang='lat' dir='ltr'><strong>Ariani</strong></span> <span class='ocrx_word' id='word_1_850' title='bbox 2034 5119 2082 5161; x_wconf 88' lang='lat' dir='ltr'><strong>et</strong></span> <span class='ocrx_word' id='word_1_851' title='bbox 2106 5106 2333 5158; x_wconf 89' lang='lat' dir='ltr'><strong>aliorum</strong></span> <span class='ocrx_word' id='word_1_852' title='bbox 2355 5103 2613 5158; x_wconf 84' lang='lat' dir='ltr'><strong>adversus</strong></span> <span class='ocrx_word' id='word_1_853' title='bbox 2644 5104 3024 5174; x_wconf 83' lang='lat' dir='ltr'><strong>lleccaredum,</strong></span> <span class='ocrx_word' id='word_1_854' title='bbox 3056 5121 3214 5174; x_wconf 84' lang='lat' dir='ltr'><strong>quam</strong></span> <span class='ocrx_word' id='word_1_855' title='bbox 3258 5104 3403 5161; x_wconf 88' lang='lat' dir='ltr'><strong>idem</strong></span> 
     </span>
    </p>
   </div>
   <div class='ocr_carea' id='block_1_117' title="bbox 1833 5173 3405 5239">
    <p class='ocr_par' dir='ltr' id='par_1_117' title="bbox 1833 5173 3405 5239">
     <span class='ocr_line' id='line_1_118' title="bbox 1833 5173 3405 5239; baseline 0.001 -9"><span class='ocrx_word' id='word_1_856' title='bbox 1833 5179 2021 5230; x_wconf 75' lang='lat' dir='ltr'><strong>Biclat‘.</strong></span> <span class='ocrx_word' id='word_1_857' title='bbox 2055 5178 2119 5229; x_wconf 88' lang='lat' dir='ltr'><strong>ad</strong></span> <span class='ocrx_word' id='word_1_858' title='bbox 2142 5190 2233 5228; x_wconf 88' lang='lat' dir='ltr'><strong>an.</strong></span> <span class='ocrx_word' id='word_1_859' title='bbox 2259 5185 2569 5239; x_wconf 89' lang='lat' dir='ltr'><strong>sequentem</strong></span> <span class='ocrx_word' id='word_1_860' title='bbox 2603 5175 2784 5227; x_wconf 77' lang='lat' dir='ltr'><strong>refert.</strong></span> <span class='ocrx_word' id='word_1_861' title='bbox 2818 5173 2945 5226; x_wconf 88' lang='lat' dir='ltr'><strong>Item</strong></span> <span class='ocrx_word' id='word_1_862' title='bbox 2969 5189 3110 5228; x_wconf 89' lang='lat' dir='ltr'><strong>anno</strong></span> <span class='ocrx_word' id='word_1_863' title='bbox 3137 5175 3405 5232; x_wconf 81' lang='lat' dir='ltr'><strong>Reccare-</strong></span> 
     </span>
    </p>
   </div>
   <div class='ocr_carea' id='block_1_118' title="bbox 1832 5242 3409 5311">
    <p class='ocr_par' dir='ltr' id='par_1_118' title="bbox 1832 5242 3409 5311">
     <span class='ocr_line' id='line_1_119' title="bbox 1832 5242 3409 5311; baseline 0 -11"><span class='ocrx_word' id='word_1_864' title='bbox 1832 5246 1886 5300; x_wconf 89' lang='lat' dir='ltr'><strong>di</strong></span> <span class='ocrx_word' id='word_1_865' title='bbox 1910 5247 2065 5300; x_wconf 90' lang='lat' dir='ltr'><strong>tertio</strong></span> <span class='ocrx_word' id='word_1_866' title='bbox 2093 5242 2412 5309; x_wconf 80' lang='lat' dir='ltr'><strong>deprehensi</strong></span> <span class='ocrx_word' id='word_1_867' title='bbox 2444 5251 2568 5296; x_wconf 85' lang='lat' dir='ltr'><strong>sunt</strong></span> <span class='ocrx_word' id='word_1_868' title='bbox 2623 5242 2796 5296; x_wconf 84' lang='lat' dir='ltr'><strong>Uldila</strong></span> <span class='ocrx_word' id='word_1_869' title='bbox 2820 5243 3102 5311; x_wconf 86' lang='lat' dir='ltr'><strong>episcopos</strong></span> <span class='ocrx_word' id='word_1_870' title='bbox 3128 5260 3249 5299; x_wconf 87' lang='lat' dir='ltr'><strong>cum</strong></span> <span class='ocrx_word' id='word_1_871' title='bbox 3301 5245 3409 5300; x_wconf 82' lang='lat' dir='ltr'><strong>Go-</strong></span> 
     </span>
    </p>
   </div>
   <div class='ocr_carea' id='block_1_119' title="bbox 1834 5311 3407 5382">
    <p class='ocr_par' dir='ltr' id='par_1_119' title="bbox 1834 5311 3407 5382">
     <span class='ocr_line' id='line_1_120' title="bbox 1834 5311 3407 5382; baseline -0.001 -12"><span class='ocrx_word' id='word_1_872' title='bbox 1834 5316 2028 5378; x_wconf 76' lang='lat' dir='ltr'><strong>suiata,</strong></span> <span class='ocrx_word' id='word_1_873' title='bbox 2061 5317 2148 5382; x_wconf 86' lang='lat' dir='ltr'><strong>qui</strong></span> <span class='ocrx_word' id='word_1_874' title='bbox 2170 5313 2342 5367; x_wconf 87' lang='lat' dir='ltr'><strong>eidem</strong></span> <span class='ocrx_word' id='word_1_875' title='bbox 2375 5313 2482 5381; x_wconf 88' lang='lat' dir='ltr'><strong>regi</strong></span> <span class='ocrx_word' id='word_1_876' title='bbox 2540 5311 2761 5366; x_wconf 88' lang='lat' dir='ltr'><strong>insidias</strong></span> <span class='ocrx_word' id='word_1_877' title='bbox 2791 5314 3102 5379; x_wconf 88' lang='lat' dir='ltr'><strong>tendebant,</strong></span> <span class='ocrx_word' id='word_1_878' title='bbox 3164 5325 3221 5369; x_wconf 89' lang='lat' dir='ltr'><strong>nt</strong></span> <span class='ocrx_word' id='word_1_879' title='bbox 3268 5316 3407 5370; x_wconf 78' lang='lat' dir='ltr'><strong>dixi-</strong></span> 
     </span>
    </p>
   </div>
   <div class='ocr_carea' id='block_1_120' title="bbox 1838 5383 3319 5450">
    <p class='ocr_par' dir='ltr' id='par_1_120' title="bbox 1838 5383 3319 5450">
     <span class='ocr_line' id='line_1_121' title="bbox 1838 5383 3319 5450; baseline -0.007 -10"><span class='ocrx_word' id='word_1_880' title='bbox 1838 5404 1953 5440; x_wconf 88' lang='lat' dir='ltr'><strong>mus</strong></span> <span class='ocrx_word' id='word_1_881' title='bbox 1982 5388 2044 5437; x_wconf 82' lang='lat' dir='ltr'><strong>ad</strong></span> <span class='ocrx_word' id='word_1_882' title='bbox 2067 5402 2186 5449; x_wconf 76' lang='lat' dir='ltr'><strong>cap.</strong></span> <span class='ocrx_word' id='word_1_883' title='bbox 2223 5387 2241 5436; x_wconf 80' lang='lat' dir='ltr'><strong>l</strong></span> <span class='ocrx_word' id='word_1_884' title='bbox 2279 5383 2430 5450; x_wconf 82' lang='lat' dir='ltr'><strong>hujus</strong></span> <span class='ocrx_word' id='word_1_885' title='bbox 2457 5384 2596 5435; x_wconf 85' lang='lat' dir='ltr'><strong>libri.</strong></span> <span class='ocrx_word' id='word_1_886' title='bbox 3314 5440 3319 5443; x_wconf 97' lang='lat'><em>_</em></span> 
     </span>
    </p>
   </div>
   <div class='ocr_carea' id='block_1_121' title="bbox 1915 5450 3403 5522">
    <p class='ocr_par' dir='ltr' id='par_1_121' title="bbox 1915 5450 3403 5522">
     <span class='ocr_line' id='line_1_122' title="bbox 1915 5450 3403 5522; baseline 0.002 -15"><span class='ocrx_word' id='word_1_887' title='bbox 1915 5456 1930 5493; x_wconf 67' lang='grc' dir='ltr'>ί</span> <span class='ocrx_word' id='word_1_888' title='bbox 1968 5456 2100 5507; x_wconf 78' lang='lat' dir='ltr'><strong>Infra</strong></span> <span class='ocrx_word' id='word_1_889' title='bbox 2130 5469 2246 5522; x_wconf 85' lang='lat' dir='ltr'><strong>cap.</strong></span> <span class='ocrx_word' id='word_1_890' title='bbox 2264 5454 2332 5506; x_wconf 64' lang='lat'><strong>“2.0</strong></span> <span class='ocrx_word' id='word_1_891' title='bbox 2354 5453 2547 5506; x_wconf 86' lang='lat' dir='ltr'><strong>dicitur</strong></span> <span class='ocrx_word' id='word_1_892' title='bbox 2572 5450 2974 5508; x_wconf 75' lang='lat' dir='ltr'><strong>Chlodosuinda.</strong></span> <span class='ocrx_word' id='word_1_893' title='bbox 3006 5455 3133 5513; x_wconf 82' lang='lat' dir='ltr'><strong>Vide</strong></span> <span class='ocrx_word' id='word_1_894' title='bbox 3169 5466 3318 5509; x_wconf 62' lang='lat' dir='ltr'><strong>notas</strong></span> <span class='ocrx_word' id='word_1_895' title='bbox 3348 5457 3403 5510; x_wconf 77' lang='lat' dir='ltr'><strong>in</strong></span> 
     </span>
    </p>
   </div>
   <div class='ocr_carea' id='block_1_122' title="bbox 1837 5526 2069 5593">
    <p class='ocr_par' dir='ltr' id='par_1_122' title="bbox 1837 5526 2069 5593">
     <span class='ocr_line' id='line_1_123' title="bbox 1837 5526 2069 5593; baseline -0.022 -10"><span class='ocrx_word' id='word_1_896' title='bbox 1837 5543 1953 5593; x_wconf 77' lang='lat' dir='ltr'><strong>Cap.</strong></span> <span class='ocrx_word' id='word_1_897' title='bbox 1979 5526 2069 5578; x_wconf 66' lang='lat'><strong>27}.</strong></span> 
     </span>
    </p>
   </div>
   <div class='ocr_carea' id='block_1_123' title="bbox 1911 5594 3031 5666">
    <p class='ocr_par' dir='ltr' id='par_1_123' title="bbox 1911 5594 3031 5666">
     <span class='ocr_line' id='line_1_124' title="bbox 1911 5594 3031 5666; baseline 0.004 -21"><span class='ocrx_word' id='word_1_898' title='bbox 1911 5606 1936 5645; x_wconf 73' lang='grc' dir='ltr'>ε</span> <span class='ocrx_word' id='word_1_899' title='bbox 1976 5598 2145 5666; x_wconf 78' lang='lat' dir='ltr'><strong>Caput</strong></span> <span class='ocrx_word' id='word_1_900' title='bbox 2174 5594 2310 5650; x_wconf 87' lang='lat' dir='ltr'><strong>istud</strong></span> <span class='ocrx_word' id='word_1_901' title='bbox 2341 5609 2460 5649; x_wconf 92' lang='lat' dir='ltr'><strong>cum</strong></span> <span class='ocrx_word' id='word_1_902' title='bbox 2488 5608 2601 5665; x_wconf 84' lang='lat' dir='ltr'><strong>seq.</strong></span> <span class='ocrx_word' id='word_1_903' title='bbox 2631 5594 2780 5651; x_wconf 88' lang='lat' dir='ltr'><strong>deest</strong></span> <span class='ocrx_word' id='word_1_904' title='bbox 2811 5597 2860 5650; x_wconf 90' lang='lat' dir='ltr'><strong>in</strong></span> <span class='ocrx_word' id='word_1_905' title='bbox 2881 5594 3031 5651; x_wconf 86' lang='lat' dir='ltr'><strong>Colb.</strong></span> 
     </span>
    </p>
   </div>
  </div>
