3942 6190
499 300 605 352 195

1523 300 1577 352 S.
1625 296 1951 352 GREGORII
1998 295 2303 352 EPISCOPI
2344 297 2773 355 TURONENSIS

3667 306 3761 359 4111)

494 421 635 486 gelu,
689 429 792 473 tam
845 420 1089 485 palmites
1133 424 1405 478 vinearum
1458 442 1615 495 quam
1659 424 1845 494 reliqui
1878 423 2077 477 ostensi
2114 426 2153 480 Λ
2182 437 2273 477 ens
2299 424 2544 489 superius
2573 423 2803 477 dixin“);
2833 420 2964 489 (Lib.
3000 438 3101 489 vii,
3130 439 3242 489 cap.
3271 424 3363 489 47)
3396 427 3755 494 terminatum,

498 513 697 565 tinctus
730 511 928 566 incensi
948 523 1089 567 sunt.
1114 513 1421 584 Τειηιιιειιιιο
1444 518 1587 586 rigor
1612 515 1775 569 fuisse
1805 516 1948 568 visus
1968 524 2075 579 est,

494 613 553 655 ut
581 603 739 655 etiam
774 604 1090 658 hirundines
1119 616 1172 665 et
1200 606 1376 671 alites,
1409 622 1528 676 quae
1549 607 1617 661 de
1644 606 1880 660 externis
1906 607 2080 676 regio—

495 692 653 750 nibus
702 702 980 758 venerant,
1038 695 1088 748 vi
1144 685 1340 763 algoris
1398 696 1891 765 exStinguerentur.
1941 694 2076 748 llltid

493 786 654 838 etiam
680 786 992 839 admirabile
1022 787 1298 857 fuit,quod
1319 789 1403 839 iilii
1435 801 1702 855 nunquam
1727 787 1847 856 gelu
1876 786 2075 849 nocuit,

491 886 621 929 tunc
662 875 841 928 omnia
888 876 1123 943 abstulit,
1157 887 1209 932 et
1252 892 1318 931 eo
1345 876 1432 931 ubi
1482 884 1835 931 consueverat
1884 873 2078 929 lazdere

494 983 601 1020 non
632 968 877 1020 accessit.

566 1055 743 1110 XVIII.
781 1057 1016 1111 liritaiiiti
1049 1066 1073 1094 ⁸
1130 1072 1341 1127 quoque
1394 1058 1660 1113 irruentes
1700 1059 1751 1112 in
1792 1057 2079 1111 terminum

495 1147 881 1213 Namnetictim,
915 1148 1125 1219 praedas
1152 1160 1408 1219 egerunt,
1437 1151 1790 1219 pervadentes
1819 1150 2002 1215 villas,
2028 1162 2078 1204 et

484 1241 731 1310 'captivps
764 1241 1108 1296 abducentes.
1139 1243 1291 1308 Quod
1336 1257 1457 1296 cum
1512 1242 1917 1297 Guntchramno
1970 1241 2081 1311 regi

496 1333 758 1402 perlatum
790 1332 1542 1403 l'uissct,jussitcommovvri
1584 1336 1903 1398 exercitum,
1955 1334 2081 1387 diri-

494 1438 624 1491 gens
654 1423 777 1478 illuc
805 1424 1044 1477 nuntium
1075 1427 1161 1493 qui
1201 1424 1279 1479 eis
1320 1427 1652 1495 quucretur,
1688 1435 1745 1481 ut
1789 1441 2083 1495 compone-

496 1524 616 1569 rent
644 1524 833 1570 cuncta
864 1531 984 1586 quae
1016 1518 1154 1572 male
1184 1528 1484 1587 gesserant,
1512 1527 1606 1572 aut
1649 1510 1793 1574 certé
1836 1520 2085 1574 noverint

494 1623 552 1661 se
580 1608 757 1677 gladio
780 1624 999 1665 casuros
1027 1611 1093 1664 ab
1122 1612 1359 1666 (πιθα-11η
1400 1612 1537 1681 ejus.
1574 1615 1642 1666 At
1692 1613 1765 1666 illi
1799 1613 2047 1666 timentes
2067 1654 2080 1678 ,

496 1698 811 1762 promittunt
836 1714 895 1754 se
917 1701 1096 1755 omnia
1122 1716 1241 1771 quae
1266 1702 1405 1755 male
1432 1711 1733 1772 geSserant,
1764 1702 2077 1759 emendare.

2183 530 2233 567 in
2265 515 2555 585 redivivam
2580 530 2733 567 riirsu
2760 536 2786 561 ιι
2818 513 3077 568 insaniam
3109 516 3295 582 surgit.
3317 516 3449 570 Nam
3480 519 3756 584 Sic'savins,

2181 618 2303 658 cum
2354 615 2473 674 post
2520 603 2945 657 interfectionem
2994 615 3274 673 parentum
3322 606 3755 664 Chramnisindif

2183 710 2426 762 magnam
2456 710 2577 748 cum
2614 709 2681 747 eo
2718 694 3009 749 amicitiam
3056 698 3376 763 patravisset
3412 708 3468 751 et
3499 701 3547 754 in
3574 710 3758 755 tantum

2182 802 2241 840 se
2272 786 2539 839 charitate
2586 794 2766 839 mutua
2808 786 3125 853 diligerent,
3158 797 3212 842 iit
3262 789 3578 861 pii-rumque
3619 795 3759 847 simul

2182 877 2357 931 cibum
2390 889 2643 944 caperent
2684 893 2746 932 ac
2792 880 2844 932 in
2877 893 2983 933 uno
3032 882 3231 948 pariter
3276 892 3448 937 suate
3495 886 3760 940 recumbu-

2186 978 2334 1028 rent,
2384 967 2613 1036 quadam
2669 967 2759 1022 die
2806 982 3015 1022 caenam
3067 970 3169 1023 sub
3218 984 3485 1027 nocturno
3537 985 3766 1044 tempore

2187 1068 2453 1126 prteparat
2478 1056 2946 1122 Cliramnisiiidus,
2976 1060 3204 1115 invitatis
3231 1062 3530 1117 Sicliarium
3563 1066 3629 1119 ad
3651 1083 3766 1135 cpu-

2184 1150 2293 1203 lum
2322 1165 2476 1204 suum
2506 1165 2519 1201 :
2552 1164 2657 1217 quo
2689 1152 2961 1214 veniente,
2994 1153 3230 1208 resident
3270 1156 3468 1221 pariter
3495 1158 3562 1209 ad
3594 1160 3765 1212 convi-

2189 1239 2346 1294 vium.
2381 1238 2622 1307 Cumque
2669 1239 2968 1305 Sicharius,
3017 1243 3322 1309 crapulatus
3354 1259 3381 1297 a
3429 1245 3572 1311 vino,
3607 1247 3765 1301 multa

2180 1331 2408 1399 jactaret
2461 1330 2513 1382 iii
2566 1330 3075 1399 Clirainnisiudiim,
3126 1333 3189 1385 ad
3246 1343 3545 1390 extremum
3613 1337 3768 1409 438

2184 1419 2381 1474 dixisse
2428 1419 2631 1474 fertur:
2665 1419 2877 1489 Magnas
2910 1422 3040 1475 mihi
3072 1422 3237 1477 debes
3274 1424 3478 1481 ieferre
3505 1439 3709 1495 grates,
3740 1446 3770 1481 ο

2185 1512 2497 1566 dulcissime
2520 1511 2705 1578 frater,
2728 1526 2792 1567 eo
2814 1513 2954 1582 quod
2976 1512 3336 1570 interfecerim
3361 1532 3421 1585 pa
3432 1530 3612 1573 rentes
3635 1531 3766 1584 tuos,

2186 1607 2255 1662 de
2278 1607 2473 1676 quibus
2497 1618 2717 1674 accepta
2747 1606 3137 1675 compositione
3170 1622 3358 1662 aurum
3388 1623 3767 1681 argentumque

2186 1696 2624 1767 superabundant
2653 1697 2703 1750 in
2731 1696 2893 1751 domo
2921 1707 3008 1751 tua
3030 1736 3044 1761 ,
3075 1706 3132 1750 et
3162 1697 3337 1752 nudus
3368 1716 3510 1753 nunc
3539 1716 3691 1757 esses
3720 1713 3769 1756 et

501 1789 593 1842 ills
620 1790 838 1857 auditis,
881 1806 969 1846 rex
1000 1792 1183 1861 dirigit
1212 1792 1341 1847 illuc
1386 1793 1725 1861 legationem,
1771 1793 1822 1847 id
1853 1805 1935 1848 est
1977 1793 2081 1848 Na-
2112 1791 2160 1850 B
2186 1805 2369 1861 egens,
2402 1791 2504 1845 nisi
2538 1791 2652 1845 haec
2695 1798 2747 1844 te
2775 1804 2934 1843 causa
2967 1789 3239 1857 paululum
3283 1792 3611 1847 roborasset.
3652 1794 3766 1847 ηερε

495 1882 715 1935 uiatiuui
764 1882 1253 1938 Aurelianensemb
1304 1893 1360 1939 et
1399 1883 1842 1939 Bertchramnum
1898 1884 2077 1940 Ceno-

494 1987 843 2029 uiannensem
883 1975 1212 2043 episc0ptiin,
1246 1989 1367 2029 cum
1391 1976 1674 2030 comitibus
1715 1985 1770 2030 et
1798 1975 1916 2030 aliis
1950 1977 2078 2029 viris

494 2064 809 2131 magnificis.
844 2065 1143 2120 Adfuerunt
1171 2067 1332 2120 etiam
1370 2076 1425 2121 et
1450 2068 1516 2121 dc
1566 2082 1729 2137 regno
1769 2065 2067 2120 Chlotliarii

491 2154 777 2224 tiliitpcrici
804 2158 941 2225 regis
965 2157 1083 2222 lilii,
1102 2156 1199 2211 viii
1231 2156 1494 2227 magnifici
1534 2175 1547 2208 τ
1571 2157 1660 2226 qui
1684 2166 1873 2212 euntes
1892 2158 1943 2211 in
1971 2166 2077 2211 ter-

491 2250 688 2303 minum
741 2249 1107 2305 Namneticum
1133 2250 1292 2304 locuti
1321 2261 1445 2305 sunt
1470 2264 1590 2304 cum
1617 2250 1886 2304 Warocho
1910 2266 1964 2305 ei
1989 2250 2077 2304 Vi-

488 2338 720 2394 dimaclo
747 2351 769 2377 ε
803 2340 981 2393 omnia
1023 2355 1141 2409 qua:
1184 2356 1277 2394 rex
1304 2351 1653 2410 praeceperat.
1705 2342 1773 2396 At
1799 2341 1957 2412 437
2003 2342 2075 2396 illi

490 2428 779 2482 dixerunt:
808 2427 1018 2484 Scimus
1048 2436 1105 2482 et
1148 2442 1246 2483 nos
1276 2428 1521 2484 civitates
1552 2430 1684 2484 istas
1712 2431 2075 2486 Clilothaclia-

489 2522 552 2574 rii
599 2521 745 2591 regis
788 2520 910 2575 filiis
960 2518 1252 2585 redhiberi,
1302 2530 1356 2575 et
1392 2533 1490 2573 nos
1541 2520 1671 2590 ipsis
1707 2521 1908 2577 debere
1956 2538 2075 2578 esse

488 2614 794 2684 subjectos:
844 2624 1020 2673 tamen
1062 2632 1185 2688 quae
1233 2628 1418 2673 contra
1462 2619 1725 2674 rationem
1781 2622 2070 2691 gessimus,

489 2717 676 2762 cuncta
706 2723 1027 2778 componere
1057 2725 1160 2763 non
1191 2725 1487 2766 moramur.
1537 2711 1600 2765 Et
1627 2712 1768 2766 datis
1796 2713 2078 2781 fidejnsso-

487 2798 633 2853 ribus
688 2808 849 2868 atque
907 2799 1227 2867 subscriptis
1280 2801 1659 2867 cautionibus,
1715 2803 2075 2871 promiserunt

488 2906 549 2945 se
589 2892 794 2963 singula
832 2891 992 2946 millia
1047 2892 1341 2948 solidorum
1402 2894 1810 2949 Guutcliramno
1862 2902 1968 2965 regi
2021 2907 2074 2950 ct

487 2982 877 3038 Clilutliarioin
928 2984 1372 3052 compositionem
1422 2984 1643 3039 daturos
1693 2985 2067 3054 promittentes

487 3091 753 3145 nunquam
779 3075 1061 3129 terminum
1086 3076 1357 3137 civitatum
1387 3076 1593 3131 illarum
1618 3076 1752 3132 ultra
1774 3091 1835 3132 se
1859 3092 2073 3148 aggres-

2183 1883 2272 1936 ille
2317 1880 2562 1945 audiens,
2595 1895 2778 1934 amaro
2824 1881 3060 1950 suscepit
3100 1881 3285 1936 animo
3325 1883 3465 1936 dicta
3510 1883 3761 1950 Sicliarii,

2180 1974 2417 2042 dixitque
2442 1974 2491 2026 in
2522 1972 2685 2027 corde
2707 1988 2805 2026 suo
2831 1992 2842 2025 :
2872 1971 2983 2027 Nisi
3011 1972 3240 2028 ulciscar
3267 1974 3538 2029 interitum
3570 1991 3770 2045 paren-

2184 2073 2295 2117 tum
2338 2078 2611 2128 meoruin,
2643 2061 2888 2118 amittere
2920 2078 3113 2119 nomen
3150 2065 3246 2119 viri
3279 2064 3469 2131 debeo,
3502 2074 3557 2121 et
3586 2068 3770 2122 inutier

2180 2156 2391 2210 infirma
2424 2157 2622 2208 vocari.
2657 2154 2723 2209 Et
2752 2155 2932 2209 statim
2964 2155 3243 2211 exstinctis
3276 2156 3651 2227 luminaribus,
3680 2174 3769 2213 ca-

2181 2256 2270 2313 put
2301 2244 2530 2300 Sicharii
2562 2246 2669 2299 sica
2697 2244 2915 2309 dividit,
2960 2246 3049 2315 qui
3082 2246 3354 2314 parvulam
3387 2247 3440 2302 in
3492 2249 3609 2316 ipso
3646 2250 3765 2304 vitm

2181 2337 2410 2390 termino
2459 2351 2645 2391 vocem
2692 2338 2979 2401 einitteiis,
3031 2336 3225 2392 cecidit
3272 2348 3327 2391 et
3374 2350 3619 2394 mortuus
3665 2352 3765 2394 est.

2181 2427 2337 2481 Pueri
2371 2443 2498 2482 vero
2528 2429 2614 2497 qni
2650 2442 2771 2481 cum
2803 2442 2869 2482 eo
2899 2441 3157 2483 venerant
3188 2428 3517 2484 dilabuntur.
3548 2432 3767 2485 Clirani-

2178 2520 2424 2573 nisindus
2468 2520 2774 2573 exanimum
2824 2533 3051 2588 corpus,
3104 2519 3361 2573 nudatum
3413 2522 3762 2586 vestimentis,

2177 2608 2431 2677 appendit
2461 2610 2512 2661 in
2543 2609 2686 2676 sepis
2731 2608 2931 2675 stipite.
2961 2608 3306 2677 asceiisisque
3344 2610 3613 2679 equitibus
3651 2612 3765 2680 ejus

2176 2699 2242 2750 ad
2293 2712 2471 2767 regem
2521 2699 2724 2767 pergit,
2760 2698 3140 2769 ingressusque
3180 2700 3462 2755 ecclesiam
3493 2702 3558 2755 ad
3606 2702 3763 2771 pedes

2179 2791 2530 2860 prosternitur
2573 2790 2734 2860 regis,
2782 2791 3015 2845 dicens:
3049 2791 3223 2846 Vitam
3272 2801 3414 2860 peto,
3459 2808 3493 2847 o
3534 2796 3765 2863 gloriose

2176 2900 2298 2948 rex,
2336 2899 2401 2939 eo
2449 2884 2587 2952 quod
2632 2883 2919 2938 occiderim
2973 2883 3216 2937 homines
3267 2883 3393 2953 qui,
3451 2888 3763 2953 parentibus

2176 2976 2311 3031 meis
2340 2975 2477 3029 clam
2520 2974 2829 3040 interfectis,
2865 2988 2950 3029 res
2993 2988 3183 3028 omnes
3211 2973 3567 3043 diripuerunt.
3602 2975 3761 3028 Cum-

2176 3083 2278 3136 que
2320 3066 2577 3136 expositis
2617 3080 2710 3134 per
2738 3065 2981 3119 ordinem
3022 3065 3218 3126 causis,
3254 3072 3310 3119 et
3339 3065 3522 3132 regina
3572 3066 3763 3120 Bruni-

488 3183 661 3223 suros.
725 3170 819 3223 His
859 3171 928 3224 ita
958 3173 1293 3241 cenipositis,
1328 3173 1560 3245 regressi
1592 3183 1717 3229 sunt
1764 3176 1978 3244 reliqui,
2021 3183 2074 3230 et

2180 3158 2372 3212 childis
2415 3156 2650 3226 graviter
2692 3156 3023 3224 accepisset,
3053 3170 3118 3209 eo
3163 3155 3302 3223 quod
3349 3157 3399 3209 in
3443 3155 3562 3224 ejus
3602 3158 3766 3211 verbo

489 3270 840 3315 narraverunt
869 3263 975 3331 tegi
1004 3278 1123 3331 qua:
1151 3273 1447 3332 gesserant.
1496 3266 1771 3320 Namatius
1797 3280 1926 3320 vero
1955 3267 2071 3336 epi-

491 3364 712 3419 scopus,
738 3350 863 3404 dum
906 3352 1139 3421 receptis
1181 3352 1321 3407 villis
1350 3353 1485 3409 infra
1518 3356 1807 3409 terminum
1838 3355 2071 3412 Naninc-

488 3443 608 3495 tica:
632 3442 799 3506 urbis,
826 3458 959 3512 quas
987 3444 1110 3497 olim
1144 3454 1392 3513 parentes
1422 3445 1539 3516 ejus
1570 3447 1938 3515 perdiderant,
1970 3448 2072 3503 ibi-

488 3533 608 3588 dem
641 3547 961 3598 moraretur,
996 3536 1198 3605 pusulae
1230 3536 1383 3592 mala:
1410 3538 1458 3592 ei
1483 3545 1590 3592 tres
1618 3539 1865 3593 oriuntur
1895 3539 1947 3594 in
1978 3556 2070 3595 ca-

489 3623 616 3691 pite.
649 3624 725 3678 Ex
759 3623 859 3679 hoc
884 3624 1036 3680 valde
1056 3625 1338 3684 confectus
1362 3628 1687 3693 tzedio,dum
1711 3631 1778 3685 ad
1805 3630 2073 3687 civitatem

488 3730 637 3769 suam
668 3716 865 3770 reverti
892 3726 1134 3786 cuperet,
1186 3718 1322 3773 infra
1363 3720 1768 3792 Andegavensis
1812 3723 2072 3779 territorii

494 3804 800 3873 terminum,
829 3808 1071 3876 Spiritum
1103 3810 1392 3865 exhalavit.
1425 3812 1814 3882 Corpusculum
1844 3813 1963 3883 ejus
2003 3814 2068 3868 ad

489 3898 676 3953 urbem
731 3912 887 3954 suam
941 3900 1200 3968 delatum,
1252 3902 1304 3957 in
1355 3902 1619 3959 basilicad
1653 3907 1824 3961 sancti
1876 3907 2072 3962 Amani

487 3989 813 4044 confessoris
834 3990 1100 4059 sepultum
1132 3991 1288 4046 estin
1316 3992 1473 4063 cujus
1505 3993 1817 4049 cathedram
1862 3997 2076 4051 Austri-

493 4093 615 4144 nus,
650 4079 889 4135 Pastoris
927 4091 949 4118 ο
981 4082 1250 4151 quondam
1300 4083 1459 4149 filius,
1509 4087 1849 4156 subrogatur.
1881 4086 2074 4143 Waro-

489 4168 625 4225 chus
653 4184 803 4236 vero,
834 4170 1030 4226 oblitus
1061 4175 1380 4229 sacramenti
1412 4184 1463 4229 et
1497 4179 1765 4231 cantionis
1805 4192 1939 4243 suae,
1962 4193 2076 4234 om.

492 4262 578 4316 nia
619 4265 920 4333 pOSIpusuit
957 4280 1075 4336 qua:
1105 4268 1373 4336 promisit.
1402 4268 1599 4324 Vincas
1643 4269 2076 4328 Namneticorum

491 4354 733 4421 abstulit,
763 4364 819 4410 et
858 4356 1181 4412 vindemiam
1214 4358 1509 4429 colligens,
1548 4359 1727 4413 vinum
1776 4362 1827 4414 in
1862 4360 2077 4417 Veneti-

491 4460 612 4499 cum
635 4448 931 4501 transtulit.
962 4450 1027 4502 Et
1056 4465 1120 4504 ex
1158 4452 1258 4504 hoc
1286 4452 1481 4505 iterum
1512 4466 1607 4505 rex
1641 4450 2076 4507 Guntchramntis

2178 3250 2253 3323 [id
2275 3259 2347 3304 est
2387 3250 2491 3303 tide
2516 3246 2665 3318 data]
2692 3247 2968 3303 Sicliarius
2986 3247 3183 3315 positus
3215 3246 3388 3301 taliter
3418 3245 3575 3301 fuerit
3604 3252 3768 3302 inter-

2179 3345 2245 3399 fe:
2266 3352 2373 3405 tns,
2427 3341 2674 3397 frendere
2730 3341 2781 3395 in
2826 3354 2947 3395 eum
2974 3341 3157 3408 coepit.
3190 3340 3257 3395 At
3286 3341 3374 3396 ille
3395 3355 3516 3394 cum
3547 3343 3768 3398 vidisset

2175 3450 2295 3489 eam
2320 3433 2597 3489 adversam
2641 3434 2773 3501 sibi,
2823 3433 3181 3503 Vosagensem
3231 3434 3492 3489 territorii
3545 3436 3765 3490 Biturici

2178 3541 2366 3597 pagum
2392 3535 2418 3574 8
2448 3525 2687 3596 expetiit,
2730 3528 2779 3580 in
2819 3540 2926 3596 quo
2963 3526 3078 3594 ejus
3125 3534 3372 3595 parentes
3391 3528 3765 3598 dcgebant,eo

2175 3618 2318 3685 quod
2348 3620 2400 3673 in
2431 3632 2595 3689 regno
2625 3616 3013 3674 Guntchramni
3039 3619 3181 3688 regis
3210 3619 3414 3674 invisus
3460 3622 3767 3680 haberetur.

2177 3708 2485 3779 Tranquilla
2514 3723 2727 3778 quoque
2770 3709 2966 3778 conjux
3010 3709 3275 3777 Sicliarii,
3320 3712 3520 3766 relictis
3565 3712 3690 3768 filiis
3716 3723 3771 3768 et

2177 3799 2334 3855 rebus
2365 3801 2463 3853 viri
2507 3800 2588 3854 sui
2631 3798 2684 3853 in
2731 3799 3025 3866 Turonico,
3060 3800 3176 3856 sive
3216 3801 3268 3855 in
3300 3802 3535 3870 Pictavo,
3567 3803 3635 3857 ad
3666 3818 3763 3873 pa.

2178 3899 2355 3945 rentes
2404 3905 2529 3944 suos
2575 3888 2929 3959 Illauriupesll
2961 3891 3135 3946 vicum
3184 3893 3443 3962 expetiit,
3490 3895 3669 3965 ibique
3716 3906 3771 3952 et

2179 3980 2523 4034 matrimonio
2572 3980 2821 4049 c0pulata
2877 3988 2979 4037 est.
3032 3982 3177 4036 Obiit
3247 3992 3426 4037 autem
3487 3984 3767 4039 Sicharius

2177 4070 2325 4141 quasi
2356 4083 2617 4125 annorum
2643 4071 2999 4143 quadraginta
3029 4080 3075 4126 ι.
3106 4071 3227 4127 Fuit
3249 4083 3429 4129 autem
3456 4073 3509 4129 in
3533 4079 3641 4129 vlta
3671 4091 3767 4130 soa

2179 4160 2334 4227 levis,
2360 4160 2625 4226 ebriosus,
2658 4160 2945 4227 homicida,
2974 4163 3063 4233 qui
3111 4165 3376 4220 nonnullis
3412 4181 3508 4235 per
3536 4166 3771 4222 ebrieta-

2179 4262 2283 4307 tem
2311 4252 2558 4322 injuriam
2604 4253 2800 4307 intulit.
2831 4252 3271 4311 Chramnisindus
3301 4272 3438 4311 vero
3473 4258 3668 4313 iterum
3700 4260 3768 4315 ad

2178 4357 2356 4412 regem
2377 4343 2536 4410 abiit,
2561 4342 2964 4415 judicatuniqtie
2983 4353 3069 4401 est
3087 4345 3133 4400 ei
3159 4354 3217 4400 ut
3238 4347 3583 4403 convinceret
3603 4364 3767 4419 super

2180 4450 2238 4489 se
2263 4450 2383 4489 eum
2413 4435 2782 4492 interfecisse:
2814 4438 2953 4507 quod
2988 4439 3058 4492 ita
3091 4438 3238 4494 fecit.
3267 4440 3372 4496 Sed
3396 4442 3679 4510 quoniam,
3710 4454 3771 4498 ut

492 4538 648 4594 valile
674 4539 878 4606 furens,
918 4542 1214 4597 exercitum
1248 4542 1575 4599 commoveri
1599 4543 1778 4613 jussit,
1812 4545 1903 4599 sed
1927 4547 2078 4616 quie—
2105 4498 2160 4558 Β
2184 4527 2437 4592 diximus,
2467 4529 2649 4597 "Bina
2697 4528 3054 4585 BruniChildiS
3099 4533 3151 4586 ίη
3182 4533 3345 4587 verb"
3376 4548 3475 4587 δυο
3517 4546 3772 4602 Power“

494 4646 586 4683 νιι.

548 4638 710 4774 ιΧΙΧ.
753 4719 956 4775 Bellum
985 4736 1112 4778 vero
1153 4722 1282 4778 illud
1326 4724 1470 4795 quod
1502 4725 1641 4780 inter
1668 4724 1816 4782 cives
1844 4726 2073 4782 Turoni-

565 4888 592 4948 fl
634 4876 744 4948 iloc
771 4886 936 4948 caput
956 4886 1011 4930 et
1036 4877 1143 4948 duo
1170 4892 1323 4948 seqq.
1354 4880 1547 4935 desunt
1570 4882 1623 4937 in
1653 4882 1771 4938 Vat.

562 4946 593 4986 ι)
634 4943 870 5001 Interfuit
898 4943 1062 5002 Cone.
1097 4943 1301 5003 Matich
1326 4965 1366 5013 i,
1398 4964 1484 5004 an.
1512 4951 1637 5016 581,
1668 4962 1722 5007 et
1751 4968 1809 5016 ii,
1831 4968 1918 5008 an.
1945 4952 2068 5009 585.

566 5028 590 5057 ε
632 5016 844 5087 Regm.,
899 5016 1207 5074 Indimacle.
1236 5020 1389 5075 Colb.
1422 5036 1523 5087 m.,
1594 5022 1890 5079 Vidimacle.
1938 5025 2071 5079 Cod.

496 5089 619 5141 Bec.
652 5089 940 5145 Vidinacle.

564 5155 591 5195 ἀ
621 5159 805 5231 Exstat
827 5161 1087 5229 hodieque
1111 5159 1485 5216 canonicorum
1516 5162 1740 5230 collegio
1770 5163 2070 5231 nobilitata,

497 5227 564 5301 de
590 5229 742 5301 cujus
769 5227 1082 5301 antiquitate
1110 5239 1164 5283 et
1204 5231 1567 5300 prrerogativis
1597 5227 1765 5288 νξοι.
1808 5227 2074 5289 Hubertus

494 5299 735 5369 ejusdem
757 5299 949 5356 eccles.
974 5310 1160 5355 cantor
1187 5299 1467 5355 tractatum
1494 5303 1815 5369 singularem
1845 5303 2035 5357 edidit.

568 5374 603 5441 "
628 5366 819 5441 Pastor
836 5374 994 5425 etiam
1022 5372 1341 5426 Aunacharii
1370 5372 1536 5439 episc.
1560 5366 2072 5441 Antissiodorensis,

494 5447 548 5488 et
577 5436 929 5509 Austregildis
960 5442 1146 5496 matris
1175 5446 1340 5495 sancti
1389 5436 1521 5506 Lupi
1570 5445 1734 5509 episc.
1767 5436 2076 5509 Senonum,

502 5514 654 5573 pater
684 5506 809 5569 fuit,
840 5519 897 5563 ut
926 5525 991 5564 ex
1016 5511 1253 5579 ejusdem
1285 5509 1418 5575 Lupi
1448 5512 1562 5567 Vita
1589 5506 1863 5570 discimus.

571 5574 590 5614 ί
628 5574 764 5633 Alii.
794 5577 1134 5633 Chramisindi
1152 5620 1168 5633 .
1192 5589 1244 5633 et
1272 5581 1351 5633 sic
1382 5578 1537 5633 iufra.

872 5596 1131 5633 ramtsmat
1152 5620 1168 5634 .
1192 5596 1244 5634 et
1272 5596 1351 5634 SIC
1383 5596 1537 5634 Illll'a.

565 5615 1748 5721 s_i125?i'JiZ};§X.i{_'iZiFii$¥i°'pagum.
1786 5653 1942 5708 Colb.
1974 5669 2076 5719 m.,

495 5718 731 5774 territorii
762 5718 929 5773 Bituri
956 5718 1162 5788 pagum.
1192 5719 1451 5788 Vosagum
1476 5718 1759 5777 hunc—esse
1783 5722 1954 5778 locum
1982 5727 2074 5793 qui

2184 4631 2522 4699 Sicharium,
2552 4632 2671 4687 ideo
2696 4648 2780 4689 res
2809 4632 2964 4703 hujus
2988 4632 3265 4690 confiscari
3294 4635 3575 4705 praecepit;
3604 4635 3771 4708 539

2182 4724 2275 4779 sed
2305 4724 2357 4778 in
2387 4736 2658 4794 pOSteium
2690 4740 2721 4779 a
2754 4725 3006 4781 Flaviano
3034 4727 3333 4782 domestico
3373 4726 3597 4783 reddita:
3623 4740 3768 4784 sunt.

2180 4882 2381 4936 Gallice
2408 4880 2599 4953 Besage
2619 4882 2811 4953 dieitur
2834 4889 2986 4953 putat
3008 4881 3277 4953 Mamilius
3302 4882 3440 4953 apud
3464 4880 3770 4953 Valesium;

2177 4962 2351 5005 exstat
2402 4952 2453 5005 in
2504 4952 2694 5005 finibus
2736 4952 3051 5009 Biturigum.
3102 4952 3157 5008 Si
3202 4952 3407 5007 sincera
3454 4954 3524 5007 sit
3568 4952 3774 5009 codicis

2182 5022 2644 5091 Regiomontensis
2674 5021 2862 5087 lectio,
2889 4993 3079 5088 Vosagi
3110 5026 3324 5077 nomine
3352 5022 3544 5089 poterit
3576 5023 3662 5077 hic
3687 5025 3774 5080 in-

2183 5093 2345 5160 telligi
2369 5091 2499 5145 silva
2531 5092 2719 5158 Vosagi
2748 5092 3025 5144 notissima
3054 5093 3192 5145 inter
3212 5094 3469 5146 Alsatiam
3494 5101 3549 5146 et
3573 5093 3775 5150 Letha-

2183 5163 2441 5231 ringiam,
2483 5163 2642 5231 vulgo
2671 5163 2723 5215 la
2758 5160 2942 5232 Vosge,
2973 5163 3123 5232 cujus
3162 5164 3348 5215 saltem
3382 5162 3611 5216 maxima
3647 5179 3778 5231 pars

2184 5232 2251 5285 ad
2273 5230 2598 5287 Childeherti
2633 5246 2852 5301 regnum
2870 5230 3202 5301 pertinebat.
3226 5233 3328 5285 Sed
3351 5247 3413 5284 ex
3435 5246 3778 5301 consequen-

2186 5304 2328 5356 tibus
2367 5301 2544 5382 colligi
2577 5290 2736 5372 posse
2765 5290 3099 5357 videtur'liic
3136 5302 3203 5356 de
3243 5302 3560 5356 Bituricensi
3593 5290 3779 5377 aliquo

2188 5386 2618 5515 ῳὲυεέῗιβθευς
2665 5440 3041 5515 M_auripensis,
3066 5440 3231 5515 _vulgo
3260 5439 3646 5515 le‘flitrepoix,
3685 5446 3777 5515 qui

2184 5512 2324 5585 inter
2351 5510 2949 5585 Sequaiiam1leaunain
2981 5519 3036 5585 et
3064 5510 3286 5585 Lupam,
3309 5512 3357 5585 te
3380 5510 3566 5585 [.oi'itg,
3590 5510 3739 5584 jaeéi
3759 5558 3774 5580 ,

2182 5582 2321 5637 haud
2364 5581 2549 5653 procul
2596 5596 2627 5653 a
2658 5582 2875 5636 Parisiis
2921 5581 3196 5650 incipiens,
3229 5582 3320 5636 sed
3363 5584 3429 5636 ad
3459 5581 3657 5653 quem,
3698 5588 3773 5641 uti

2181 5653 2420 5723 videtur.
2434 5652 2584 5705 vicus
2614 5652 2698 5723 hic
2730 5662 3058 5723 memoratus
3082 5666 3186 5707 non
3214 5660 3388 5723 potest
3410 5652 3685 5711 revocari.

2260 5722 2274 5758 ί
2310 5720 2461 5776 Colb.
2489 5737 2559 5776 m.
2586 5730 2639 5777 ct
2668 5721 2882 5791 Regm.,
2906 5722 3105 5791 viginti.
