3942 6190
540 223 640 278 490

1524 223 1582 278 S.
1625 223 1948 280 GREGOBII
1993 224 2292 280 EPISCOPl
2334 225 2766 285 TURONENSIS

3705 237 3804 291 ξῦν

539 357 661 403 rex,
694 345 751 393 ut
786 340 852 406 si,
881 349 936 394 ut
973 339 1130 394 habet
1176 339 1409 395 humana
1454 340 1732 410 fragilitas,
1762 343 1904 410 quod
1932 341 2108 395 divina
2144 343 2190 400 Λ
2215 340 2618 397 Guntchramno
2651 353 2767 413 post
2811 345 3092 400 transitum
3140 345 3324 402 domn!
3355 344 3517 420 £53
3545 349 3805 406 Chlutha-

541 432 705 499 pietas
732 447 834 485 non
869 433 1160 501 permittat,
1189 447 1288 487 nec
1320 432 1408 487 ille
1436 432 1620 488 videre
1659 433 1950 496 desiderat,
1980 449 2107 486 con-

539 523 716 592 tigerit
753 523 1004 577 domuum
1045 522 1468 588 Childebertum,
1496 540 1560 579 eo
1589 527 1876 592 superstite
1903 526 1969 580 de
2012 527 2109 579 hac

537 611 652 666 lure
696 613 940 680 migrare,
976 612 1110 668 ﬁlios
1140 628 1265 667 suos
1289 615 1724 669 Theodobertum
1766 627 1821 670 et
1859 616 2109 671 Theodo-

537 704 704 756 ricnm
736 719 911 770 reges,
937 703 1022 757 vel
1045 703 1088 758 si
1110 704 1283 759 adhuc
1309 705 1444 759 alios
1474 705 1572 774 ipsi
1606 707 1744 759 Deus
1768 705 1898 760 dare
1924 708 2106 761 Vttltte-

536 795 599 844 iit
619 835 632 853 ,
667 803 723 846 ut
763 797 880 860 pius
921 803 1071 863 pater
1095 797 1194 850 sub
1224 809 1317 850 sua
1350 795 1570 850 tuitione
1598 806 1652 852 et
1680 796 1991 852 defensione
2020 813 2104 853 re-

535 883 724 951 cipiat,
755 883 822 937 ita
858 895 909 936 ιιι
943 900 1163 958 regnum
1195 887 1359 954 patris
1388 901 1572 941 eorum
1615 887 1717 942 sub
1752 888 1895 941 omni
1921 889 2104 942 solidi-

534 984 639 1027 tate
687 975 1020 1042 possideant;
1050 988 1103 1031 et
1149 978 1459 1045 genitricem
1509 979 1688 1031 domui
1737 977 2096 1045 Childebcrti,

529 1067 779 1119 dotnnam
805 1068 1194 1125 Brunichildem
1221 1069 1458 1139 reginam
1478 1111 1493 1134 ,
1519 1069 1601 1124 vel
1632 1071 1792 1123 ﬁliam
1814 1072 1928 1138 ejus
1952 1069 2103 1124 Chlo-

528 1157 878 1226 dosuindam,
937 1177 1239 1232 germanam
1297 1162 1481 1214 dotnni
1543 1160 1868 1216 Cltildeberti
1929 1165 2096 1231 regis,

527 1251 755 1319 quandin
786 1251 921 1305 infra
954 1256 1222 1321 regionem
1276 1253 1600 1308 Francorum
1649 1255 1839 1316 fuerit,
1871 1255 1953 1310 vel
1984 1255 2098 1324 ejus

527 1342 761 1408 reginam
794 1341 1094 1397 Failenham
1128 1352 1180 1407 α,
1208 1351 1456 1410 tanquam
1501 1358 1741 1399 sororem
1787 1345 2013 1412 bonam,
2045 1354 2099 1398 et

528 1430 661 1484 tilias
713 1432 764 1484 in
805 1446 900 1485 sua
947 1434 1172 1488 tuitione
1200 1445 1253 1488 et
1297 1434 1634 1500 defensione,
1662 1436 1886 1504 Spiritali
1929 1435 2098 1490 dilec-

527 1517 689 1579 tione,
723 1520 970 1588 recipiat,
998 1530 1048 1574 et
1079 1524 1176 1573 sub
1203 1523 1346 1576 omni
1379 1525 1581 1578 honore
1603 1534 1656 1578 et
1686 1524 1945 1593 dignitate
1975 1541 2094 1581 cum

523 1609 773 1662 omnibus
814 1610 974 1667 rebus
1004 1626 1185 1665 earum
1208 1654 1222 1675 ,
1253 1627 1375 1666 cum
1402 1613 1728 1680 civitatibus,
1757 1616 1921 1684 agris,
1952 1618 2094 1672 redi-

2217 431 2384 484 eharii
2415 443 2751 486 sacramenta
2782 434 3026 503 primitus
3059 436 3436 504 prmbuerunt;
3461 451 3513 493 et
3541 443 3586 496 si
3621 451 3802 508 postea

2213 523 2601 577 convincuntur
2648 523 2702 578 in
2742 534 2895 594 parte
2936 525 3038 578 alia
3086 527 3396 596 tradidisse,
3428 529 3496 584 de
3537 530 3671 584 locis
3715 534 3804 588 ubi

2214 625 2556 668 comitianere
2587 614 2852 680 videntur,
2881 616 3132 671 convenit
3163 627 3220 670 ut
3246 617 3478 673 debeant
3509 625 3799 675 removeri.

2211 702 2466 758 Similiter
2495 716 2547 757 et
2577 705 2666 772 qui
2715 713 2836 772 post
2873 706 3152 760 transitum
3179 707 3364 762 domui
3393 709 3799 764 Cblothacharii

2208 794 2592 850 convincuntur
2617 795 2816 851 domno
2852 795 3120 866 Sigiberto
3161 810 3494 854 sacramenta
3549 803 3801 870 primitus

2209 884 2524 951 praebuisse,
2572 894 2626 941 et
2678 900 2737 941 sc
2786 885 2841 939 in
2887 885 3052 939 aliam
3104 896 3308 954 partem
3365 891 3792 956 transtulerunt,

2207 974 2364 1027 modo
2393 975 2553 1029 simili
2604 985 3000 1030 removeantur.
3034 976 3290 1031 Similiter
3334 979 3595 1047 quidquid
3642 994 3796 1035 unle-

2204 1064 2294 1116 fati
2327 1079 2478 1133 reges
2509 1065 2752 1120 ecclesiis
2790 1074 2881 1120 aut
2923 1066 3166 1120 ﬁdelibus
3210 1066 3320 1122 suis
3371 1070 3718 1124 contulerunt
3750 1081 3796 1138 ο,

2202 1171 2291 1211 aut
2333 1160 2506 1214 adhuc
2552 1162 2796 1217 conferre
2835 1178 2957 1218 cum
3001 1163 3240 1231 justitia,
3282 1164 3392 1218 Deo
3440 1163 3796 1231 pmpitiante,

2205 1250 2497 1316 voluerint,
2547 1253 2813 1324 stabiliter
2858 1263 3240 1319 conservetur;
3283 1261 3340 1308 et
3379 1253 3643 1322 quidquid
3676 1255 3796 1305 uui-

2199 1342 2390 1410 cuique
2440 1343 2672 1397 ﬁdelium
2728 1344 2778 1398 in
2808 1344 3081 1412 utriusque
3111 1359 3274 1413 regno
3307 1359 3399 1412 per
3423 1342 3593 1411 legem
3626 1354 3683 1397 ct
3707 1343 3795 1410 ju-

2199 1432 2395 1486 stitiam
2440 1431 2775 1499 redhibetur,
2808 1433 3008 1488 nullum
3031 1434 3080 1488 ei
3125 1433 3486 1501 praejudicium
3527 1443 3795 1499 pariatur,

2197 1522 2292 1577 sed
2323 1523 2480 1576 liceat
2510 1537 2596 1577 res
2629 1524 2837 1578 debitas
2866 1524 3142 1593 possidere
3165 1533 3324 1593 atque
3353 1524 3616 1589 recipere.
3649 1523 3717 1575 Et
3747 1524 3794 1576 si

2195 1613 2395 1683 aliquid
2427 1615 2724 1684 cuicunque
2739 1631 2844 1685 per
2869 1617 3175 1684 interregna
3197 1617 3315 1670 sine
3337 1615 3494 1683 culpa
3515 1614 3790 1667 sublatum

525 1699 664 1752 t'bus
694 1701 771 1754 vel
800 1700 1007 1757 cunctis
1051 1703 1235 1769 titulis,
1265 1714 1316 1759 et
1348 1705 1492 1758 ontui
1535 1720 1761 1776 corpore
1806 1706 2091 1774 facultatis,
2129 1719 2169 1777 Β
2197 1712 2306 1770 est,
2333 1704 2596 1760 audientis
2631 1706 2814 1760 habita
2858 1715 3209 1760 restaurator.
3237 1693 3300 1760 Et
3329 1704 3397 1759 de
3419 1719 3484 1759 eo
3515 1705 3658 1772 quod
3696 1720 3795 1773 per

522 1796 626 1842 tam
649 1789 809 1862 442
832 1792 971 1861 quod
996 1793 1241 1862 praesenti
1267 1794 1509 1849 videntur
1533 1806 1772 1866 tempore
1799 1800 2094 1867 possidere,

523 1897 678 1948 quam
712 1884 851 1950 quod
898 1883 1093 1951 adhuc,
1129 1885 1339 1940 Christo
1369 1887 1616 1954 praesule,
1646 1887 1787 1954 juste
1829 1891 2100 1958 potuerint

522 1985 884 2043 augmentare,
904 1976 1002 2030 sub
1020 1976 1163 2030 omni
1188 1980 1471 2033 securitate
1489 1990 1540 2032 et
1556 1979 1734 2046 quiete
1754 1980 2062 2047 possideant
2083 1998 2094 2032 :

523 2064 658 2119 utsi
699 2065 823 2132 quid
855 2064 922 2119 de
963 2067 1102 2135 agris
1148 2066 1438 2132 ﬁscalibus,
1483 2067 1563 2122 vel
1610 2069 1907 2138 speciebus,
1940 2080 2099 2140 atque

523 2156 786 2222 prtesidio,
820 2170 915 2224 pro
958 2159 1162 2210 arbitrii
1201 2159 1280 2212 sui
1316 2160 1588 2214 voluntate
1629 2161 1824 2226 facere,
1857 2169 1948 2214 aut
1987 2163 2097 2216 cui-

521 2261 675 2313 quam
703 2247 947 2302 conferre
974 2250 1268 2316 voluerint,
1304 2249 1406 2302 ﬁxa
1434 2251 1722 2304 stabilitate
1752 2251 1806 2304 in
1839 2261 2095 2320 perpetuo

520 2350 883 2404 conservetur,
933 2355 1028 2394 nec
1071 2356 1103 2392 a
1147 2341 1545 2412 quibuscunque
1593 2343 1838 2397 voluntas
1883 2345 2093 2398 illarum

525 2432 638 2488 ullo.
680 2444 916 2500 tempore
958 2434 1308 2487 convellatur.
1353 2434 1427 2489 De
1470 2433 1771 2489 civitatibus
1803 2450 1952 2504 vero,
1994 2437 2094 2489 hoc

522 2532 605 2578 est
632 2523 945 2593 Burdegala,
991 2523 1296 2590 Lemoviea,
1326 2524 1590 2586 Cadurco.
1639 2525 1885 2581 Benarno
1913 2537 1966 2581 et
1995 2527 2093 2582 Be-

521 2628 706 2683 gorra,
737 2630 870 2684 quas
901 2614 1298 2671 Gailesuindam
1326 2615 1353 2655 ὶ)
1385 2631 1691 2687 germanam
1721 2618 1929 2673 domum
1962 2620 2091 2673 Bru-

523 2705 789 2769 nichildis,
826 2716 928 2759 tam
961 2708 1015 2759 in
1060 2707 1186 2761 dote
1228 2722 1386 2777 quam
1413 2707 1466 2761 in
1511 2709 1881 2778 morganegiba
1913 2720 1958 2776 ε,
1992 2710 2092 2766 hoc

521 2808 637 2862 est,
665 2799 956 2853 matutinali
985 2799 1148 2867 dono,
1175 2800 1230 2853 in
1259 2800 1533 2854 Franciam
1562 2801 1859 2856 venientem
1885 2813 2089 2858 certum

518 2897 598 2943 est
623 2890 941 2956 acquisisse.
965 2889 1107 2957 Quas
1133 2890 1290 2944 etiam
1319 2905 1412 2956 per
1433 2891 1691 2958 judicium
1719 2891 2089 2960 gloriosissimi

516 2979 693 3033 domni
728 2980 1112 3035 Guntchramni
1149 2983 1290 3050 regis
1319 2983 1401 3037 vel
1440 2980 1761 3036 Francorum
1783 3021 1800 3047 ,
1831 2985 2090 3051 supersti-

2204 1795 2590 1850 tnuuiﬁcentias
2619 1796 3031 1864 przecedentium
3064 1811 3253 1865 regum
3300 1795 3666 1864 unusquisque
3701 1811 3793 1848 us-

2200 1900 2303 1953 que
2327 1885 2393 1940 ad
2424 1887 2704 1941 transitum
2742 1887 2987 1956 gloriosa:
3018 1885 3289 1940 memoriae
3314 1885 3490 1940 domui
3522 1884 3791 1938 Cltlotha-

2197 1978 2366 2033 charii
2398 1980 2541 2048 regis
2587 1978 2856 2044 possedit,
2900 1994 3021 2032 cum
3062 1976 3348 2032 securitate
3388 1975 3698 2044 possideat,
3733 1984 3792 2028 et

2197 2071 2334 2138 quod
2363 2071 2555 2124 exinde
2587 2069 2828 2124 ﬁdelibus
2859 2069 3100 2138 personis
3130 2067 3364 2122 ablatum
3395 2075 3508 2131 est,
3539 2066 3609 2120 de
3642 2080 3791 2133 prae-

2196 2164 2333 2217 senti
2377 2161 2616 2228 recipiat.
2650 2162 2713 2215 Et
2753 2160 2874 2229 quia
2906 2160 3044 2214 inter
3085 2157 3334 2228 prafatos
3377 2171 3528 2226 reges
3560 2172 3694 2224 pura
3725 2165 3786 2212 et

2196 2255 2420 2323 simplex
2450 2265 2530 2308 est
2572 2253 2622 2307 in
2671 2253 2764 2309 Dei
2813 2253 3030 2308 nomine
3070 2251 3353 2306 concordia
3386 2251 3620 2319 illigata,
3650 2267 3790 2304 con-

2197 2345 2339 2398 venit
2378 2352 2435 2398 ut
2467 2345 2521 2397 in
2565 2353 2785 2413 utroque
2828 2359 2997 2413 regno
3039 2343 3313 2413 utriusque
3360 2341 3630 2404 ﬁdelibus,
3665 2353 3780 2396 tam

2197 2451 2291 2504 pro
2316 2437 2494 2490 causis
2520 2434 2740 2502 publicis
2765 2449 2920 2504 quam
2953 2434 3194 2504 privatis,
3216 2434 3516 2504 quicunque
3543 2435 3786 2490 voluerit

2195 2528 2491 2590 ambulare,
2527 2527 2771 2595 pervium
2802 2527 2964 2581 nullis
2992 2526 3318 2596 temporibus
3345 2525 3658 2595 denegetur.
3698 2528 3784 2580 Si-

2195 2619 2390 2674 militer
2415 2619 2698 2682 convenit,
2727 2626 2785 2671 ut
2811 2618 2992 2672 nullus
3014 2617 3235 2672 alterius
3263 2616 3444 2672 leudes
3476 2630 3575 2670 nec
3620 2618 3782 2671 solli-

2195 2709 2355 2774 citet,
2385 2723 2482 2762 nec
2521 2708 2792 2762 venientes
2836 2706 3084 2775 excipiat.
3116 2705 3266 2774 Quod
3309 2706 3355 2760 si
3401 2706 3622 2759 forsitan
3680 2722 3783 2775 pro

2194 2800 2368 2869 aliqua
2412 2799 2704 2854 amissione
2750 2809 2950 2868 partem
3003 2802 3223 2854 alteram
3274 2798 3564 2854 crediderit
3602 2815 3782 2869 expe-

2195 2891 2433 2954 tendam,
2463 2889 2609 2959 juxta
2641 2891 2941 2959 qualitatem
2973 2890 3142 2958 culpa:
3188 2890 3423 2944 excusati
3465 2890 3782 2946 reddantur.

2196 2981 2303 3034 Hoc
2329 2980 2487 3034 etiam
2521 2980 2641 3032 huic
2668 2980 2787 3034 addi
2822 2982 3014 3048 placuit
3053 2978 3316 3048 pactioni,
3353 2987 3409 3033 ut
3438 2981 3481 3032 si
3511 2995 3616 3046 qua
3651 2995 3782 3046 pars

515 3070 656 3124 tibus
683 3071 985 3138 Chilperico
1013 3083 1067 3127 et
1093 3072 1356 3140 Sigiberto
1391 3073 1624 3142 regibus,
1653 3074 1848 3127 domna
1889 3075 2082 3128 Bruni-
2114 3095 2158 3156 ρ
2195 3072 2473 3141 praasentia
2498 3081 2694 3124 statuta
2724 3075 2822 3125 sub
2846 3085 3162 3138 quacunque
3191 3070 3505 3135 calliditate,
3529 3079 3782 3137 tempore

513 3160 701 3214 cbildis
741 3163 976 3216 noscitur
1022 3163 1335 3231 acquisisse,
1373 3165 1441 3218 ita
1479 3164 1758 3231 convenit,
1793 3164 2001 3219 scilicet
2032 3175 2088 3218 ut

511 3251 808 3307 Cadurcum
836 3256 1103 3308 civitatem
1128 3295 1141 3318 ,
1173 3269 1293 3309 cum
1325 3255 1568 3310 terminis
1591 3265 1643 3310 et
1667 3266 1865 3310 cuncto
1895 3257 2088 3326 populo

510 3358 608 3399 suo
636 3347 827 3400 douma
861 3347 1212 3402 Brunichildis
1241 3349 1306 3402 de
1349 3351 1595 3417 presenti
1629 3352 1680 3403 in
1721 3364 1816 3404 sua
1848 3353 2087 3421 proprie-

514 3447 622 3493 tate
668 3440 942 3507 percipiat.
975 3438 1224 3508 Reliquas
1252 3457 1380 3496 vero
1405 3443 1669 3508 civitates,
1703 3458 1767 3495 ex
1809 3443 1905 3496 hac
1951 3458 2083 3497 con-

511 3528 710 3584 ditione
754 3530 996 3598 superius
1037 3532 1354 3597 nominatas,
1388 3531 1614 3586 domnus
1655 3532 2085 3588 Guntchramnus

515 3619 637 3673 Ilum
678 3620 874 3675 advivit
919 3621 1223 3690 possideat,
1260 3623 1327 3676 ita
1371 3632 1427 3676 ut
1466 3624 1784 3692 quandoque
1817 3633 1935 3691 post
1965 3625 2084 3695 ejus

508 3713 782 3766 transitum
814 3712 864 3766 in
897 3713 1312 3768 dominationem
1340 3713 1554 3767 domnae
1605 3714 1956 3769 Brunichildis
1986 3719 2081 3771 he-

511 3802 802 3872 redumque
822 3819 1034 3858 suorum
1059 3820 1178 3860 cum
1209 3807 1352 3858 omni
1385 3805 1672 3874 soliditate,
1697 3806 1803 3861 Deo
1830 3807 2080 3876 propitio,

507 3903 876 3960 revertantur;
925 3909 1025 3949 nec
1068 3897 1352 3964 superstite
1399 3895 1594 3949 domno
1645 3894 2079 3960 Guntchramuo,

506 3999 678 4053 neque
704 4001 734 4039 a
761 3985 950 4039 domna
987 3987 1343 4051 Brunichilde,
1376 4001 1547 4056 neque
1589 4002 1619 4040 a
1664 3987 1771 4041 ﬁlio
1809 4003 1908 4041 suo
1938 3988 2082 4042 Clti'-

506 4076 730 4129 deberto
779 4091 924 4144 rege,
979 4076 1206 4144 filiisque
1256 4079 1385 4142 suis,
1417 4078 1655 4146 quolibet
1706 4078 1949 4145 ingenio,
1997 4079 2078 4131 vel

505 4179 744 4236 tempore
769 4177 1096 4237 repetantur.
1124 4168 1294 4222 Simili
1329 4169 1486 4222 modo
1511 4169 1792 4231 convenit,
1828 4178 1882 4220 ut
1911 4166 2080 4222 Silva-

505 4260 674 4312 uectis
703 4259 929 4312 domnus
960 4259 1330 4313 Childebertus
1368 4260 1420 4312 in
1451 4259 1752 4327 integritate
1782 4266 1992 4323 teneat;
2024 4269 2080 4312 et

501 4360 753 4419 quantum
806 4353 957 4404 tertia
1003 4351 1185 4405 domui
1229 4351 1613 4405 Guntcltramni
1663 4348 1856 4402 exinde
1900 4348 2075 4402 debita

2191 3178 2502 3231 quocunque
2536 3163 2950 3228 transcenderit,
2981 3162 3158 3216 omnia
3204 3161 3492 3224 beneﬁcia,
3525 3170 3632 3216 tam
3687 3178 3778 3217 re-

2192 3255 2450 3324 promissa
2491 3271 2651 3323 quam
2679 3256 2732 3308 in
2766 3256 3014 3323 praesenti
3044 3256 3266 3322 collata,
3315 3257 3554 3322 amittat,
3587 3266 3643 3310 et
3699 3258 3779 3313 illi

2191 3347 2426 3413 proficiat
2453 3346 2542 3411 qui
2573 3346 2944 3400 inviolabiliter
2978 3347 3153 3400 omnia
3184 3347 3557 3414 suprascripta
3587 3362 3778 3402 serva-

2189 3439 2351 3501 verit,
2380 3436 2544 3508 444.
2571 3447 2623 3491 et
2651 3440 2717 3491 sit
2749 3437 2814 3491 de
2845 3447 3300 3492 sacramentorum
3342 3437 3664 3507 obligatione
3714 3442 3770 3498 in

2187 3530 2433 3584 omnibus
2474 3529 2741 3584 absoluta.
2775 3530 2868 3584 His
2898 3530 3074 3599 itaque
3116 3529 3364 3585 omnibus
3392 3530 3653 3600 deﬁnitis,
3680 3533 3774 3602 ju-

2185 3631 2307 3674 rant
2349 3633 2526 3692 partes
2573 3637 2666 3689 per
2698 3621 2791 3677 Dei
2821 3623 3200 3691 omnipotentis
3230 3637 3421 3678 nomen
3452 3633 3507 3679 et
3550 3626 3770 3693 insepa-

2185 3712 2407 3767 rabilem
2438 3711 2777 3777 Trinitatem,
2809 3713 2890 3767 vel
2922 3713 3099 3768 divina
3127 3715 3305 3768 omnia
3333 3729 3398 3769 ac
3427 3718 3772 3774 tremendum

2184 3802 2327 3855 diem
2355 3802 2538 3869 judicii
2558 3843 2574 3865 ,
2605 3817 2664 3858 se
2703 3804 2903 3870 omnia,
2932 3819 3052 3873 quae
3087 3803 3331 3873 superius
3377 3805 3576 3874 scripta
3605 3818 3772 3874 sunt,

2183 3895 2382 3963 absque
2409 3896 2514 3948 ullo
2540 3895 2661 3947 dolo
2707 3896 2845 3948 tnalo
2877 3887 2970 3949 vcl'
2988 3895 3187 3951 fraudis
3214 3895 3429 3965 ingenio
3474 3896 3764 3951 inviolabi-

2184 3983 2305 4038 liter
2330 3994 2655 4042 servaturos.
2686 3984 2842 4039 Facta
2874 3986 3046 4051 pactio
3067 3987 3166 4040 sub
3190 3985 3276 4040 die
3302 3995 3496 4052 quarto
3523 3983 3542 4023 ί
3579 3985 3767 4040 kalen-

2182 4078 2264 4130 dis
2309 4077 2634 4142 Decembris,
2665 4091 2805 4131 anno
2852 4078 3105 4132 vicesimo
3149 4086 3298 4131 sexto
3343 4076 3413 4148 [1.
3444 4094 3587 4131 anno
3633 4078 3769 4153 587]

2183 4169 2330 4239 regni
2354 4169 2534 4223 domui
2562 4168 2945 4224 Guntchramni
2978 4172 3116 4239 regis
3139 4178 3194 4239 ε,
3223 4169 3404 4223 domui
3431 4169 3765 4225 Childeberti

2181 4275 2307 4314 vero
2331 4262 2644 4315 duodecimo
2667 4276 2828 4316 anno.

2251 4353 2426 4407 Lccﬁs
2469 4352 2629 4421 igitur
2659 4352 3012 4422 pactionibus,
3042 4353 3118 4407 ait
3147 4368 3236 4408 rex
3269 4373 3282 4407 :
3313 4351 3520 4407 Judicio
3552 4352 3649 4406 Dei
3686 4354 3761 4407 fe.

501 4443 785 4507 competit,
817 4442 882 4496 de
928 4442 1080 4496 tertia
1130 4441 1310 4495 domui
1353 4439 1675 4495 Childeberti
1697 4478 1715 4506 ,
1742 4456 1858 4508 quae
1898 4449 1981 4494 est
2022 4441 2071 4493 in
2105 4467 2153 4524 ο
2183 4445 2308 4507 riar,
2333 4444 2376 4496 si
2405 4443 2470 4497 de
2502 4444 2585 4496 his
2623 4443 2909 4512 quidquam
2942 4443 3322 4497 transcendere
3361 4457 3479 4513 qua
3509 4443 3596 4497 hic
3625 4459 3764 4498 con.

501 4531 842 4585 Hossontensi
874 4531 936 4598 ιι,
976 4532 1156 4586 dotnni
1209 4529 1591 4586 Guntchramui
1646 4531 1882 4598 partibus
1924 4547 2070 4585 (‘Olll-

503 4629 771 4688 pcnsetur.
804 4620 1057 4675 Similiter
1083 4623 1363 4690 convenit,
1395 4633 1450 4676 ut
1475 4621 1764 4677 secundum
1798 4621 2070 4691 pactiones

498 4718 638 4768 inter
686 4713 937 4765 domuum
986 4713 1446 4768 Guntchramnum
1494 4721 1547 4767 et
1599 4711 1750 4767 bona:
1799 4715 2070 4767 memoriae

496 4806 748 4859 domnum
790 4803 1114 4874 Sigibertum
1159 4803 1335 4868 initas,
1381 4803 1562 4857 leudes
1591 4802 1697 4867 illi,
1738 4803 1827 4871 qui
1872 4803 2069 4859 domno

576 4973 600 5034 ξ
627 4964 804 5028 Colh.,
837 4961 1176 5034 Fagjleibom.

574 5032 603 5074 δ
637 5034 779 5090 Uxor
807 5030 1090 5102 Chil'perici
1109 5074 1128 5096 ,.
1148 5047 1264 5102 quae
1286 5032 1607 5100 strangulata
1640 5030 1766 5096 fttit,
1793 5045 1950 5100 supra
1979 5030 2070 5084 lib.

499 5121 574 5168 tv,
600 5121 718 5179 cap.
743 5106 835 5179 ‘23,
867 5101 957 5159 ubi
986 5101 1177 5158 dicitur
1205 5101 1530 5179 Calsttintha.
1643 5170 1654 5179 .

573 5186 595 5211 ε
629 5171 756 5227 (funt
799 5177 968 5241 ignoui
1017 5183 1159 5228 esset
1204 5174 1315 5226 haec
1345 5187 1440 5224 vox
1484 5171 1922 5241 exscriptorilnts,
1954 5184 2070 5222 cam

495 5245 625 5295 varii
652 5247 798 5314 varie
815 5239 887 5298 set
906 5249 1097 5314 ipsere.
1122 5245 1307 5312 Bcgm.
1331 5256 1378 5295 et
1405 5243 1553 5295 Colb.
1573 5257 1669 5314 nt.,
1690 5239 2068 5314 Morgoueiiba;

495 5314 646 5366 Coll).
671 5329 741 5386 ει,
779 5310 1159 5386 ῌονρὶιηθεὺπ
1189 5310 1346 5368 Freb.
1379 5315 1448 5366 al.
1473 5324 1527 5365 et
1565 5313 1761 5386 Chesn.
1797 5316 1888 5371 al.,
1923 5310 2068 5361 illor-

497 5383 743 5450 gangeba.
787 5383 1145 5438 Donntn‘erat
1189 5388 1325 5453 quod
1359 5385 1450 5437 die
1493 5383 1793 5450 nuptiarum
1839 5395 2066 5453 sponsus

498 5467 656 5522 mane
691 5467 899 5522 sponsa:
928 5451 1258 5508 conferebat.
1294 5455 1419 5521 Ejus
1449 5463 1662 5522 etymon
1693 5460 1745 5502 et
1775 5451 1949 5522 varias
1995 5452 2062 5501 si-

495 5537 565 5588 gn
593 5520 858 5574 licationes
904 5539 965 5576 ex
1013 5519 1375 5590 compluribus
1422 5519 1726 5576 auctoribus
1774 5519 1939 5577 fusius
1968 5535 2061 5571 cx-

498 5591 900 5664 ponitCangins
930 5594 979 5644 in
1011 5593 1302 5664 Glossario.

566 5659 592 5698 ά
624 5661 771 5715 (Iulli.
818 5677 886 5714 tu.
919 5672 973 5714 et
1012 5662 1205 5716 Cbcsn.
1237 5663 1331 5722 ai,
1378 5663 1698 5722 Res-ultime;
1755 5659 1899 5723 Dee,
1939 5659 2060 5711 Rus-

2180 4531 2430 4585 tinentur.
2479 4531 2544 4585 Et
2577 4545 2866 4586 conversus
2892 4530 2954 4583 ad
3004 4531 3263 4596 Felicem,
3295 4531 3382 4600 qui
3416 4537 3541 4583 tunc
3573 4531 3764 4584 nobis-

2176 4637 2294 4675 cqu
2325 4623 2523 4690 legatus
2552 4623 2872 4685 advenerat,
2903 4623 3014 4675 ait:
3052 4621 3164 4687 Dic,
3195 4637 3227 4675 0
3257 4621 3401 4675 Felix
3426 4661 3443 4685 ,
3469 4619 3582 4690 jam
3614 4625 3762 4677 enim

2178 4713 2480 4780 plenissime
2507 4710 2838 4765 connexuisti
2865 4711 3136 4764 amicitias
3156 4710 3293 4764 inter
3315 4724 3557 4763 sororem
3587 4727 3760 4763 ιιιε,ιιιι

2180 4805 2597 4870 Brtmicltildem,
2629 4814 2682 4858 et
2720 4803 2990 4857 inimicam
3024 4802 3114 4855 Dei
3155 4810 3210 4855 et
3252 4801 3523 4854 hominum
3562 4800 3761 4853 Frede-

2179 4961 2409 5012 sontisse.
2444 4959 2603 5011 Forte
2632 4957 2719 5010 hic
2748 4956 3057 5023 desugnatur
3105 4954 3423 5008 Ressontum
3474 4952 3720 5022 Longum
3742 4993 3758 5016 ,

2185 5027 2659 5097 liosson-le-Long,
2693 5028 2839 5097 vicus
2883 5038 3016 5078 tuter
3047 5026 3360 5081 Suessiouas
3387 5033 3438 5076 et
3475 5023 3660 5097 vicum
3692 5025 3762 5077 ad

2183 5103 2453 5163 Axonam,
2497 5095 2897 5148 Viclmr-As‘sne.
2930 5097 3030 5148 Alii
3063 5107 3238 5146 tamen
3272 5104 3494 5147 censent
3525 5095 3611 5146 hic
3641 5110 3758 5144 tne-

2181 5171 2372 5221 morari
2405 5168 2712 5220 Iiossonrum
2738 5165 2788 5218 itt
2824 5181 2953 5233 pago
2984 5163 3341 5219 Bellovarensi
3370 5164 3564 5224 situm,
3600 5168 3763 5230 vulgo

2183 5238 2405 5300 (lesson,
2437 5237 2576 5305 quod
2627 5238 2711 5288 uni
2755 5250 2787 5289 e
2835 5249 3023 5288 novem
3070 5235 3310 5289 ecclesia
3357 5233 3762 5288 Bellovacensis

2176 5308 2561 5360 archidiacouis
2591 5321 2782 5359 nomen
2815 5306 3016 5357 tribuit.

2249 5391 2272 5414 υ
2305 5380 2391 5430 Sic
2422 5394 2549 5431 lllSS.
2579 5390 2797 5438 omnes;
2828 5376 2950 5427 editi
2981 5389 3128 5439 vero,
3160 5375 3486 5428 contulerint.

2249 5446 2265 5485 ί
2307 5449 2456 5502 Coll».
2492 5464 2564 5500 tn.
2593 5458 2644 5499 et
2674 5447 2857 5513 liegm.
2886 5460 3003 5497 cum
3039 5446 3189 5504 tlacl.,
3220 5445 3303 5494 die
3332 5446 3500 5496 tertio.

2245 5527 2268 5564 8
2300 5522 2425 5584 Quae
2454 5525 2746 5581 sequuntur
2777 5530 2944 5579 usque
2973 5517 3036 5567 atl
3071 5520 3226 5567 liuent
3267 5515 3458 5582 rapitis
3510 5527 3621 5570 non
3648 5513 3755 5571 ha.-

2175 5591 2358 5641 in'ttlitt'
2385 5590 2434 5640 itt
2466 5589 2617 5640 llulb.
2648 5602 2695 5637 a.
2723 5597 2774 5643 ct
2808 5585 2914 5636 Val.
