3942 6190
459 184 563 242 533
1448 178 1508 234 S.
1550 173 1881 232 GREGORII
1918 166 2224 228 EPlSCOPI
2263 164 2696 222 TUMNENSIS
3613 156 3751 214 50$

456 298 598 354 aliud
628 296 679 351 in
718 310 815 350 usu
844 290 1113 357 vescendi,
1151 290 1251 345 nisi
1281 304 1469 359 panem
1515 289 1871 344 hordeaceam
1918 300 2041 341 cum
2072 285 2118 342 Α
2148 282 2309 337 functl
2342 300 2356 335 :
2383 282 2476 336 sed
2506 291 2559 336 et
2579 280 2759 335 multis
2809 278 3015 334 vicibus
3062 277 3319 347 deinceps
3346 273 3416 330 ab
3446 273 3545 330 hoc
3587 273 3760 330 lute-

459 404 593 458 aqua
647 386 843 442 utunda
891 384 1132 451 assumi,
1185 383 1485 451 vigiliisque
1534 380 1728 434 adesse
1784 379 2045 432 instanter
2150 374 2253 427 ritu
2284 381 2499 442 gravata
2536 380 2639 426 est.

462 457 650 535 omnes
674 477 825 549 jubet
857 494 871 530 :
900 474 1041 546 quod
1084 489 1154 530 eo
1182 482 1422 542 tempore
1461 472 1530 526 ita
1559 480 1764 539 gestum
1798 479 1901 523 est.
1946 468 2048 522 Per
2220 462 2410 517 XXIII.
2452 461 2707 531 Agericus
2733 474 2861 514 vero
2883 458 3256 515 Viridunensis
3280 457 3583 549 episcopus,
3603 469 3759 511 etim

460 548 689 627 triduum
717 570 883 635 enim,
906 567 1073 638 ipsius
1105 566 1461 637 eleemosynis
1492 564 1693 634 largius
1718 562 1877 616 sozito
1909 575 2049 631 prae-
2149 569 2212 607 ex
2246 554 2336 606 illo
2364 552 2631 606 diuturnae
2678 549 3051 605 amaritudinis
3084 548 3209 604 felle
3250 548 3487 619 graviter
3512 557 3765 617 aegrota-

462 663 816 728 rurrentibus,
848 662 918 715 ita
947 659 1013 714 de
1039 669 1236 714 cuncto
1260 657 1462 727 popqu
1489 654 1834 720 formidabat,
1860 662 1916 707 ut
1934 652 2048 722 jam
2152 654 2257 711 ret,
2288 661 2383 714 pro
2412 660 2477 700 eo
2503 645 2645 714 quod
2675 642 3109 699 Guntebramnus
3147 644 3311 710 Boso,
3343 658 3443 711 pro
3470 657 3572 710 quo
3599 641 3763 695 Iide-

467 763 589 811 .;nc
616 756 843 807 non'rex
869 760 1096 819 tantum,
1129 750 1224 807 sed
1252 750 1412 805 etiam
1447 746 1698 803 sacerdos
1727 745 1936 800 Domini
1962 759 2051 813 μιν
2149 737 2330 807 11³58οτ
2365 737 2664 801 Callicrati
2698 735 3007 790 ίηῑθτίθειυε
3035 744 3210 801 εεεοις
3239 735 3326 789 νει
3370 734 3529 788 etiam
3559 733 3769 786 τιικῑίιδ

468 854 692 909 taretur,
720 852 887 901 totam
926 857 1076 912 spem
1104 857 1257 898 suam
1312 843 1364 896 in
1400 840 1606 896 Domini
1655 837 2051 894 miserationem
2156 830 2534 895 amaritudine,
2573 828 2717 899 quod
2746 828 3124 885 Bertbelredus
3167 829 3301 884 infra
3335 828 3619 884 oratorium
3640 827 3771 881 do-

470 933 867 1003 transfuntlens,
891 943 945 991 et
972 934 1024 988 in
1055 934 1171 1002 ipso
1204 933 1414 1002 jactans
1453 930 1823 1001 cogitationes,
1856 942 1974 998 qum
2002 927 2056 983 ei
2157 938 2276 978 nius
2328 922 2703 979 ecclesiastica:
2746 921 2917 977 fuerat
2967 921 3303 985 interfectus,
3345 928 3403 976 et
3445 920 3767 990 praesertim

469 1024 933 1097 superveniebant,
954 1010 1115 1097 M7
1145 1040 1176 1078 a
1198 1038 1304 1094 quo
1331 1037 1428 1078 eas
1453 1021 1666 1076 eil‘ectui
1686 1019 1822 1077 tradi
1854 1027 1962 1073 tota
1992 1018 2054 1071 ti-
2157 1030 2277 1072 cum
2310 1016 2454 1085 ipsos
2482 1013 2870 1071 Guntchratuni
2900 1013 3039 1069 ﬁlios
3064 1028 3247 1070 secum
3288 1012 3529 1069 retinens
3567 1011 3769 1067 ouoti-

474 1119 560 1175 dei
589 1118 894 1189 integritate
924 1116 1160 1186 putabat.
1193 1114 1324 1169 Nam
1353 1112 1567 1168 celebre
1593 1124 1720 1165 tunc
1748 1125 1776 1163 a
1810 1109 2058 1164 fidelibus
2162 1109 2248 1164 die
2280 1109 2455 1173 lleret,
2483 1105 2674 1161 dicens
2706 1124 2719 1159 :
2749 1105 2809 1161 In
2858 1121 2978 1160 meo
3015 1120 3113 1160 vos
3158 1104 3284 1159 odio
3320 1104 3549 1173 orpbaui
3578 1100 3768 1156 relirti

475 1211 767 1275 ferebatur.
810 1210 953 1279 quod
987 1208 1179 1264 mulier
1227 1205 1494 1275 quaedam,
1533 1203 1685 1273 cujus
1727 1203 1867 1257 Illius
1903 1215 2059 1269 quar—
2161 1198 2319 1265 estis;
2353 1198 2435 1252 his
2458 1212 2739 1263 accensus,
2772 1206 2832 1252 ut
2863 1197 3117 1262 diximus,
3152 1197 3348 1262 causis,
3384 1194 3524 1250 fellis
3553 1195 3773 1248 amari-

477 1312 605 1358 tano
635 1313 762 1372 typo
789 1300 1115 1371 gravabatur
1145 1309 1198 1353 et
1241 1297 1294 1351 in
1325 1303 1494 1350 strato
1520 1293 1707 1349 anxius
1741 1291 2058 1358 decubabat,
2164 1290 2345 1347 tudine
2373 1302 2713 1359 aggravatus,
2739 1298 2794 1344 et
2822 1289 3054 1344 maxime
3079 1288 3211 1343 I‘orti
3262 1288 3441 1343 inedia
3491 1301 3772 1341 conSum-

475 1394 701 1450 accessit
724 1394 863 1449 inter
889 1392 1069 1448 turbas
1100 1387 1278 1460 populi
1321 1403 1491 1459 usque
1532 1388 1601 1443 ad
1643 1396 1848 1457 tergum
1897 1384 2059 1455 regis,
2167 1392 2308 1449 plus,
2332 1382 2473 1436 diem
2502 1380 2634 1436 obiit
2678 1390 2737 1446 °.
2785 1381 3169 1450 appositusque
3220 1388 3306 1435 est
3359 1379 3418 1436 in
3467 1378 3763 1447 sepulcro.

477 1485 821 1553 abruptisque
842 1482 978 1538 clam
1003 1480 1199 1550 regalis
1220 1479 1511 1535 indumenti
1542 1476 1765 1533 Ilmbriis
1785 1476 1837 1530 in
1868 1489 2062 1545 aquam
2168 1473 2518 1530 Buciovaldus
2535 1487 2749 1544 quoque
2769 1474 2934 1530 abbas
2956 1473 3072 1542 ejus
3100 1487 3195 1539 pro
3219 1471 3535 1542 episcopatu
3559 1484 3776 1525 cucur-

479 1576 661 1645 posuit
688 1574 907 1643 filioque
931 1571 1219 1628 bibendum
1267 1569 1439 1633 dedit,
1482 1567 1766 1637 statimque
1812 1565 2063 1620 restincta
2169 1568 2258 1629 rit,
2291 1565 2387 1622 sed
2418 1564 2551 1620 nihil
2576 1565 2839 1620 obtinuit:
2879 1564 3244 1620 Cbarimerem
3274 1563 3419 1618 enim
3450 1560 3772 1617 referenda-

479 1666 627 1722 febre
653 1672 872 1719 sanatus
897 1671 997 1718 est.
1029 1660 1178 1729 Quod
1210 1675 1313 1714 non
1357 1659 1585 1713 habetur
1626 1670 1657 1709 a
1687 1670 1774 1711 me
1814 1652 2060 1720 dubium,
2096 1652 2143 1712 Β
2168 1657 2304 1712 rium
2336 1671 2455 1713 cum
2484 1671 2753 1713 consensu
2792 1657 2988 1712 civium
3024 1655 3221 1726 regalis
3244 1654 3488 1711 decrevit
3517 1654 3782 1708 auctori-

482 1773 610 1814 eum
636 1771 739 1827 ego
764 1754 878 1824 ipse
907 1754 1104 1823 saepius
1127 1756 1299 1806 larvas
1330 1760 1355 1788 ⁸
1401 1748 1619 1818 ene-gia
1650 1747 1939 1802 famulante
1964 1760 2071 1800 no-
2175 1756 2255 1803 tas
2284 1746 2399 1801 fieri
2428 1746 2787 1813 sacerdotem,
2839 1746 3164 1801 Bucinvaldo
3203 1745 3395 1801 abbate
3439 1746 3785 1813 postposito.

483 1866 603 1908 tncn
629 1848 750 1920 ejus
770 1849 1078 1904 invocantes
1109 1843 1388 1907 audierim,
1416 1856 1481 1896 ac
1507 1840 1788 1896 criminum
1819 1837 2070 1907 pr0prio-
2174 1839 2441 1895 Ferebant
2469 1839 2610 1894 enim
2644 1839 2788 1894 hunc
2835 1854 2957 1894 esse
2993 1839 3302 1907 superbum,
3350 1847 3405 1893 et
3453 1838 3524 1891 ob
3581 1839 3684 1891 lace
3750 1851 3797 1891 ε

486 1957 609 1997 rum
627 1949 799 2011 gesta,
822 1940 1021 2007 virtute
1048 1937 1215 2005 ipsius
1249 1933 1609 1997 discernente,
1642 1928 1850 1984 fateri.
2177 1928 2447 1983 nonnullis
2485 1928 2902 1983 Buccusvalidus
2940 1927 3293 1982 vocitabatur.
3324 1926 3469 1982 Obiit
3500 1933 3685 1980 autem
3721 1935 3796 1979 es

559 2035 725 2094 XXII.
765 2032 897 2091 Nam
939 2031 969 2072 δ
997 2033 1133 2088 sicut
1164 2029 1408 2097 superius
1432 2025 1690 2090 diximus,
1718 2020 2070 2079 Massiliensis
2178 2020 2416 2077 Licerius
2451 2020 2779 2075 Arelatensis
2825 2020 3125 2089 episcopus,
3183 2018 3236 2072 in
3277 2016 3434 2088 cujus
3476 2018 3797 2072 ecclesiam

493 2128 622 2183 urbs
651 2125 897 2195 contagio
950 2122 1185 2193 pessimo
1233 2128 1453 2190 aegrota,
1509 2125 1706 2185 quanta
1738 2111 2075 2177 sustinuerit,
2181 2112 2428 2182 Virgilius
2449 2110 2613 2165 abbas
2651 2109 3169 2178 Angustodunensis,
3195 2108 3495 2179 opitulante
3538 2107 3799 2177 Syagrio

491 2222 649 2274 altius
682 2216 944 2285 replicare
988 2213 1207 2283 placuit.
1243 2212 1339 2266 llis
1363 2211 1504 2264 enim
1553 2207 1742 2263 diebus
1766 2203 2080 2260 Theodorus
2181 2209 2458 2277 episcopo,
2490 2208 2811 2263 substitutus
2831 2214 2914 2260 est
2939 2203 2982 2260 τ.

493 2313 779 2376 episcopus
808 2318 830 2345 ε
864 2305 929 2359 ad
959 2319 1137 2373 regem
1182 2302 1409 2365 abierat,
1457 2299 1606 2370 quasi
1656 2296 1855 2366 aliquid
1894 2303 2077 2350 contra
2253 2303 2445 2359 XXIV.
2501 2304 2651 2357 Obiit
2701 2312 2881 2356 autem
2923 2310 2977 2357 et
3026 2299 3346 2356 Deutberins
3407 2309 3434 2348 ε
3466 2299 3802 2355 Vinciensis

495 2402 537 2456 Ν
562 2402 757 2455 cetium
804 2397 1081 2467 patricium
1124 2400 1492 2464 suggestnrus.
1546 2390 1651 2446 Sed
1705 2404 1825 2444 cum
1877 2404 1906 2441 δ
1955 2401 2081 2456 rege
2183 2395 2483 2464 episcopus,
2513 2395 2564 2449 in
2595 2393 2747 2463 cujus
2778 2395 2951 2448 locum
2983 2392 3289 2448 Fronimius
3320 2391 3646 2462 subrogatus
3674 2403 3802 2447 est.

496 2492 833 2547 Cbifdeberto
856 2488 1074 2543 minime
1112 2486 1179 2541 dc
1211 2489 1310 2539 hac
1336 2498 1495 2538 causa
1526 2482 1709 2538 ῐυίεεθι
1737 2479 1973 2543 auditus.
2014 2477 2081 2532 ad
2189 2489 2283 2543 llic
2306 2496 2484 2543 autem
2516 2486 2819 2541 Fronimius
2843 2486 3092 2540 Bituric:e
3118 2484 3264 2539 urbis
3292 2483 3466 2539 incola
3524 2482 3651 2547 fuit,
3687 2486 3796 2538 sed

503 2583 714 2653 propria
746 2578 923 2636 redire
967 2576 1248 2647 diSposuit.
1281 2574 1484 2630 Interea
1514 2574 1667 2629 navis
1712 2572 1783 2626 ab
1828 2570 2081 2639 Ilispania
2186 2595 2349 2638 causa
2380 2579 2563 2635 nescio
2590 2578 2761 2649 quain
2796 2577 3181 2647 Septimaniam
3214 2574 3375 2641 abiit;
3405 2590 3468 2630 ac
3490 2584 3613 2645 ροει
3638 2591 3801 2630 mor-

502 2690 607 2733 una
635 2688 755 2730 cum
786 2671 998 2743 negotio
1025 2669 1183 2724 solito
1219 2668 1283 2722 ad
1336 2674 1545 2737 portum
1585 2664 1703 2734 ejus
1732 2661 1950 2732 appulsa
1978 2672 2085 2727 est,

2219 2687 2295 2727 em
2322 2669 2659 2741 Athanagildi
2689 2672 2832 2739 regis
2858 2682 2889 2722 a
2918 2668 3167 2723 Leuvane
3196 2680 3509 2722 successore
3534 2665 3658 2736 ejus
3683 2683 3779 2720 ma

503 2783 622 2835 quae
671 2764 829 2835 hujus
858 2761 1029 2819 morbi
1080 2759 1318 2816 fomitem
1364 2772 1547 2813 secum
1603 2755 1844 2826 nequiter
1874 2753 2088 2809 defere-
2188 2760 2379 2832 gniﬁce
2400 2769 2483 2815 est
2502 2767 2771 2829 receptus,
2795 2768 2955 2828 atque
2994 2760 3046 2813 in
3081 2757 3212 2812 urbe
3243 2757 3536 2828 Agatlrensi
3568 2758 3802 2827 episco-

507 2862 597 2917 bat
627 2877 641 2915 :
672 2859 737 2914 de
761 2872 862 2929 qua
892 2871 1014 2912 cum
1046 2855 1195 2911 multi
1238 2854 1432 2909 civium
1461 2852 1670 2908 diversa
1696 2857 2084 2914 mercarentur,

2219 2869 2289 2911 ius
2316 2855 2593 2910 ordinatus
2637 2864 2738 2909 est.
2787 2854 2893 2908 Sed
2943 2865 3063 2924 post
3103 2863 3324 2908 mortem
3357 2852 3625 2908 Leuvanis
3659 2870 3803 2908 cum

508 2969 611 3009 una
638 2952 918 3008 confestim
949 2950 1163 3015 domus,
1194 2950 1247 3004 in
1275 2962 1377 3018 qua
1406 2954 1528 3002 octo
1567 2946 1759 3000 animae
1780 2952 1952 3005 erant.
1985 2942 2085 2996 huc
2193 2945 2569 3002 Leuvicliildus
2595 2944 2760 3016 m
2793 2945 2844 2999 in
2875 2946 2959 2999 illa
2994 2945 3260 3001 heretica:
3303 2945 3584 3015 pravitatis
3615 2947 3808 3017 perti-

508 3044 753 3114 contagio
785 3040 1079 3097 interfectis
1113 3040 1522 3099 habitatoribus,
1569 3036 1753 3091 relicta
1794 3043 1875 3090 est
1903 3047 2091 3087 vacua.
2121 3027 2166 3087 C
2195 3038 2283 3093 dia
2329 3050 2699 3108 grassaretur,
2757 3045 2813 3090 et
2859 3035 3111 3104 lngundis
3158 3037 3264 3091 tilia
3323 3036 3575 3107 δίδωθι-η
3622 3040 3808 3110 τρεῖς,

509 3136 618 3192 Nec
638 3135 815 3190 statim
842 3134 946 3187 boc
973 3131 1275 3187 incendium
1326 3132 1426 3185 'uis
1466 3145 1561 3200 per
1588 3129 1775 3184 domos
1819 3126 2090 3196 spargitur
2197 3131 2350 3199 cujus
2378 3144 2541 3199 supra
2573 3129 2910 3183 meminimus
2960 3128 3098 3199 (Lib.
3127 3143 3183 3195 v,
3231 3146 3345 3199 cap.
3398 3129 3490 3195 59,
3551 3132 3717 3199 etc.).
3751 3132 3809 3185 in

513 3236 648 3281 totas
681 3225 816 3281 :sed
841 3225 1139 3292 interrupto
1167 3230 1299 3276 certi
1327 3219 1587 3289 temporis
1627 3217 1820 3287 spatio,
1860 3231 1924 3270 ae
1954 3216 2096 3270 velut

2226 3223 2508 3291 lispaniam
2540 3222 2605 3275 ad
2634 3221 3034 3276 matrimonium
3064 3222 3376 3287 duceretur,
3416 3221 3623 3276 audivit
3661 3224 3811 3279 Leu-

515 3321 568 3373 in
598 3326 841 3387 segetem
864 3314 1081 3368 ﬂamma
1120 3327 1367 3375 accensa,
1408 3310 1595 3365 urbem
1624 3319 1784 3363 totam
1815 3305 1985 3361 morbi
2017 3306 2097 3359 in-

515 3408 706 3463 cendio
726 3405 1091 3475 conﬂagravit.
1144 3402 1441 3469 EpiscOpus
1471 3413 1648 3455 tamen
1688 3400 1835 3455 urbis
1873 3400 2099 3453 accessit

517 3499 581 3554 ad
615 3499 813 3563 locum,
844 3507 895 3551 et
923 3510 981 3550 se
1011 3493 1146 3548 infra
1176 3493 1409 3549 basilica:
1437 3490 1606 3546 sancti
1642 3490 1870 3546 Victoris
1897 3486 1922 3527 ά
1950 3495 2097 3556 septa

518 3585 779 3642 continuit
806 3599 926 3639 cum
958 3583 1140 3651 paucis
1168 3581 1257 3652 qui
1307 3588 1433 3635 tunc
1483 3595 1604 3634 cum
1660 3580 1775 3650 ipso
1826 3593 2100 3634 remanse-

522 3688 661 3742 rant,
691 3676 868 3746 ibique
914 3690 1007 3743 per
1031 3683 1196 3729 totam
1227 3670 1373 3726 urbis
1402 3682 1635 3739 stragem
1659 3668 1992 3725 orationibus
2029 3682 2096 3722 ac

520 3769 710 3839 vigiliis
763 3782 959 3821 vacans
1013 3763 1222 3820 Domini
1272 3761 1691 3819 misericordiam
1740 3760 2013 3823 exorabat,
2046 3768 2103 3813 ut

521 3862 755 3927 tandem,
813 3869 1057 3916 cessante
1108 3857 1346 3923 interitu,
1404 3856 1599 3925 popqu
1652 3854 1837 3910 liceret
1862 3855 1915 3909 in
1969 3868 2101 3922 pace

523 3955 823 4024 quiescere.
868 3951 1032 4025 M8
1057 3951 1311 4007 Cessante
1341 3965 1467 4005 vero
1498 3949 1596 4003 bac
1628 3951 1776 4018 plaga
1825 3947 2098 4003 mensibus

525 4046 753 4116 duobus,
777 4060 895 4101 cum
916 4044 1024 4114 jam
1056 4044 1277 4113 p0pnlns
1304 4056 1525 4097 securus
1547 4041 1774 4095 redisset
1797 4038 1862 4092 ad
1893 4038 2101 4101 urbem,

530 4138 721 4194 iterum
751 4136 1073 4193 succedente
1123 4134 1332 4197 morbo,
1382 4134 1473 4204 qni
1526 4132 1795 4189 redierant
1844 4138 1970 4185 sunt
2014 4128 2105 4183 de-

607 4319 634 4349 ι
678 4308 821 4364 Idest
870 4322 1259 4377 energumenns
1317 4308 1431 4361 sive
1482 4306 1859 4377 daemoniacos.
1900 4304 2104 4377 _Narrat

534 4379 727 4434 Paulus
761 4380 908 4435 Diae.
944 4373 1034 4432 lib.
1068 4395 1116 4431 tv
1146 4379 1280 4432 Hist.
1307 4376 1566 4445 Lungob..
1598 4391 1715 4440 cap.
1743 4374 1830 4437 δῖ,
1865 4373 2101 4442 ejusdem

533 4452 674 4517 regis
703 4450 990 4515 visiOnem,
1032 4464 1133 4518 qua
1164 4450 1471 4501 tltrsaurum
1519 4447 1745 4518 invenit,
1794 4460 1900 4512 quo
1929 4455 2112 4512 postea

532 4515 996 4572 ailiexornandum
1025 4515 1192 4572 sancti
1225 4518 1456 4572 Marcelli
1503 4515 1804 4584 sepulcrum
1851 4530 1979 4569 usus
2006 4525 2108 4570 est.

535 4588 671 4643 Vide
694 4599 746 4644 et
778 4589 1009 4641 Aimoin.
1039 4589 1130 4642 lib.
1157 4604 1211 4642 tu
1233 4633 1245 4652 ,
1280 4604 1399 4655 cap.
1426 4589 1476 4640 5.

608 4658 634 4697 b
678 4659 787 4712 Hoc
819 4667 978 4715 canui
1018 4668 1073 4712 et
1116 4670 1342 4724 quatuor
1388 4656 1769 4723 subsequentia
1814 4654 2007 4710 desunt
2060 4654 2112 4711 in

532 4730 687 4786 Colb.
715 4742 766 4781 a.
801 4727 853 4781 In
887 4727 1000 4781 Vat.
1035 4739 1211 4781 autem
1241 4743 1359 4782 cum
1388 4729 1421 4781 ὅ
1447 4742 1596 4794 seqq.

611 4811 633 4840 ε
676 4799 801 4866 Mss.
844 4797 972 4862 duo,
1002 4796 1297 4851 Theodorus
1321 4799 1389 4850 ad
1416 4813 1605 4866 regem,
1634 4795 1829 4851 omissa
1863 4796 1962 4851 bac
1984 4810 2117 4852 voce

535 4886 819 4925 αυιεσουυε.

584 4890 611 4922 l.’
675 4888 701 4921 0
742 4888 819 4923 υε.

566 4888 752 4995 Ιτῗϐυρε
796 4946 982 4994 sancto
1007 4938 1220 4992 Victore
1265 4936 1579 4991 Massiliensi
1630 4947 1784 4990 mari.
1832 4937 1940 5005 agit
1986 4937 2111 4993 item

537 5011 823 5079 Gregorius
848 5011 937 5064 lib.
963 5025 975 5062 ι
1008 5010 1074 5061 tle
1106 5006 1254 5079 Glor.
1287 5007 1461 5069 Mart.,
1483 5021 1601 5079 cap.
1631 5008 1720 5061 77.

613 5093 636 5119 ε
676 5082 861 5135 ὃνηοιὶ
904 5080 1106 5149 Agerici
1143 5078 1331 5131 festum
1377 5078 1674 5131 celebratur
1716 5080 1843 5134 diei
1892 5079 2114 5134 Decem-

540 5153 671 5208 bris.
712 5152 980 5206 Laudatnr
1011 5166 1039 5203 a
1086 5149 1375 5203 Fortunato
1405 5149 1495 5199 lib.
1529 5163 1613 5207 lll.
1650 5164 1818 5204 carm.
1850 5151 1916 5203 Q7
1946 5163 1998 5203 et
2022 5150 2113 5203 “28.

539 5222 790 5289 Sepultus
819 5232 899 5277 est
930 5220 1197 5275 Veroduui
1238 5220 1289 5273 in
1312 5218 1549 5272 oratorio
1575 5220 1740 5272 sancti
1773 5221 1978 5274 Martini
2006 5238 2031 5271 ξι
2058 5236 2118 5275 se

540 5300 838 5351 exstructo.
870 5291 1006 5359 quod
1040 5307 1179 5345 nunc
1206 5291 1271 5345 ab
1296 5292 1410 5359 ipso
1437 5290 1601 5344 Sancti
1633 5292 1837 5357 Agerici
1885 5292 2121 5360 appella-

546 5372 653 5430 tur,
681 5374 800 5414 cum
831 5364 1159 5430 monasterio
1198 5363 1246 5415 ei
1289 5361 1560 5430 adjuncto,
1594 5361 1794 5414 ordinis
1825 5364 1991 5413 sancti
2027 5362 2123 5414 Ile-

545 5429 669 5555 :eil.
704 5429 844 5509 quod
874 5432 1063 5485 abbate
1090 5430 1316 5500 regulari
1341 5429 1558 5501 gaudet,
1588 5446 1652 5485 ex
1676 5446 1925 5500 congreg.
1952 5432 2122 5486 sancti

593 5518 604 5554 ι
635 5514 746 5552 om.

593 5514 746 5554 ιιοηι.

623 5568 641 5607 f
692 5570 831 5639 Inter
859 5576 1138 5636 utrumque
1194 5569 1383 5625 Sztxius
1427 5570 1769 5622 PaSrIinsiutn
1820 5570 1978 5629 local,
2028 5573 2119 5639 qui

545 5638 864 5699 brevissimo
903 5641 1155 5706 Iemjtutls
1186 5641 1464 5693 intervallo
1514 5640 1686 5706 sedit;
1715 5653 1763 5694 et
1796 5642 2009 5708 quidem
2066 5646 2128 5697 in

2199 3312 2482 3376 vichildus,
2507 3314 2661 3380 quasi
2711 3312 2796 3366 hic
2826 3314 3114 3382 episcopus
3146 3314 3194 3368 ei
3220 3313 3503 3369 consilium
3530 3312 3809 3378 dedisset,

2201 3413 2258 3458 ut
2287 3418 2556 3472 nunquam
2601 3418 2660 3458 se
2694 3418 2903 3458 veneno
2949 3403 3222 3458 haeretica}
3251 3404 3593 3459 credulitatis
3635 3405 3811 3462 debe-

2202 3504 2285 3551 ret
2308 3494 2638 3559 admiscere;
2670 3503 2725 3549 et
2754 3495 2824 3548 ob
2868 3494 2971 3549 hoc
3003 3509 3218 3563 semper
3248 3495 3295 3549 ei
3350 3495 3611 3549 molestus
3677 3496 3809 3566 inju-

2203 3587 2402 3641 riarum
2423 3586 2644 3655 laqueos
2665 3585 2994 3649 intendebat.
3026 3600 3307 3656 quousque
3332 3600 3454 3640 eum
3486 3586 3557 3640 ab
3588 3587 3811 3653 episco-

2206 3688 2328 3745 patu
2368 3676 2644 3746 dejiceret.
2691 3677 2934 3746 Cumque
2980 3692 3085 3730 non
3135 3677 3402 3732 inveniret
3445 3677 3649 3746 quibus
3683 3695 3808 3732 rum

2213 3769 2525 3837 ntuscipulis
2550 3779 2729 3837 posset
2761 3770 3057 3836 innectere,
3088 3769 3152 3823 ad
3182 3780 3483 3825 extremum
3505 3772 3694 3826 emisit
3720 3772 3812 3841 qui

2207 3877 2328 3917 eum
2357 3861 2535 3931 gladio
2560 3861 2786 3914 deberet
2830 3868 3103 3928 appetere.
3152 3860 3304 3928 Quod
3343 3860 3434 3915 ille
3485 3874 3584 3929 per
3646 3863 3812 3916 inter-

2207 3952 2422 4007 nuntios
2440 3965 2787 4019 cognoscens,
2809 3952 2990 4006 relicta
3016 3951 3146 4005 urbe
3170 3951 3483 4021 Agatbensi,
3515 3952 3568 4004 in
3595 3952 3813 4007 Gallias

2208 4044 2447 4110 advenit,
2475 4043 2651 4110 ibique
2680 4060 2709 4097 a
2735 4044 2919 4098 multis
2942 4043 3209 4113 episcopis
3239 4051 3485 4113 receptus
3513 4058 3579 4099 ac
3612 4060 3808 4099 mune-

2210 4149 2379 4200 ratus,
2419 4133 2484 4189 ad
2536 4134 2936 4189 Childebertum
2984 4149 3166 4202 regem
3219 4134 3551 4203 pertransiit.
3608 4135 3815 4204 Sicque

2210 4310 2484 4366 veteribus
2533 4308 2826 4379 Dyptychis
2872 4310 3203 4365 Arelatensis
3249 4312 3490 4365 ecclesia:
3534 4326 3566 4365 a
3622 4325 3814 4370 nostro

2142 4404 2193 4463 ι)
2218 4381 2523 4463 Maliillonio
2548 4380 2706 4463 editis
2732 4388 2879 4463 tome
2909 4381 3241 4463 ll_|__AnaIect.
3275 4380 3594 4463 Paschasius
3616 4386 3813 4463 eodem

2218 4453 2406 4508 ordine
2440 4460 2766 4521 recensetur.
2794 4451 3088 4521 Virgilium
3134 4463 3310 4505 autem
3341 4466 3405 4505 ex
3435 4452 3633 4507 abbate
3676 4456 3812 4510 Liri-

2220 4523 2370 4577 nensi
2400 4522 2707 4588 episc0pum
2731 4519 2894 4577 fuisse
2915 4519 3157 4576 creatum
3189 4521 3330 4575 idem
3357 4536 3542 4578 aucmr
3571 4536 3810 4580 conten-

2221 4594 2322 4653 dit,
2346 4606 2411 4645 ex
2444 4592 2722 4663 ipsiusmet
2757 4592 2964 4662 Virgilii
3000 4592 3181 4663 Vita.
3208 4592 3313 4647 Sed
3368 4594 3545 4663 potior
3592 4595 3814 4650 videtur

2223 4660 2464 4733 Gregorii
2490 4662 2802 4733 auctoritas,
2856 4660 2943 4733 qui
2997 4660 3221 4731 Virgilio
3264 4660 3610 4733 syni‘lironus
3668 4669 3835 4720 fuit:'

2224 4734 2366 4807 unde
2397 4731 2650 4807 Barralis,
2678 4733 2767 4799 qui
2797 4731 2914 4800 ejus
2945 4731 3321 4807 Vitamedidit
3364 4732 3417 4807 in
3448 4733 3811 4807 Cbronologia

2224 4803 2510 4863 Lirinensi,
2544 4802 2713 4867 ipsum
2742 4816 2805 4855 ex
2844 4802 3106 4857 momelto
3132 4801 3393 4855 Lirinensi
3424 4802 3674 4857 abbatem
3705 4801 3811 4860 A'uo

2222 4874 2694 4945 gustodunensem,
2724 4887 2787 4925 ex
2821 4875 3012 4927 abbate
3040 4887 3165 4945 vero
3193 4873 3558 4927 Arelatensem
3591 4875 3808 4941 episco-

2225 4942 2345 5011 pum
2393 4942 2556 5013 fuisse
2596 4954 2875 4995 memorat.
2926 4943 3146 5012 Virgilio
3200 4946 3501 5006 complures
3550 4951 3814 5013 ep.stn|as

2224 5013 2437 5085 scripsit
2482 5012 2769 5085 Gregorius
2816 5014 3052 5085 Magnus.
3107 5014 3178 5067 De
3208 5029 3273 5066 eo
3305 5012 3631 5068 Bollandiani
3665 5019 3757 5071 die
3782 5018 3812 5071 5

2225 5083 2416 5143 Martii,
2449 5099 2553 5151 quo
2592 5084 2743 5155 apud,
2771 5083 3074 5155 Liirinenses
3105 5085 3295 5138 festum
3330 5086 3447 5153 ejus
3476 5086 3809 5155 celebratur,

2226 5158 2437 5210 Arelate
2472 5170 2596 5205 vero
2626 5155 2712 5206 tlie
2738 5154 2766 5206 7
2790 5154 3054 5210 Octobris.
3744 5188 3747 5189 ν

2296 5234 2321 5273 ι
2366 5225 2511 5281 llec..
2548 5223 2881 5289 Deut/rarius;
2921 5226 3075 5281 Colb.
3121 5240 3193 5280 m.
3226 5234 3280 5278 et
3323 5224 3543 5294 εἴρεαι,
3582 5225 3811 5282 Dent/te-

2230 5297 2357 5349 rt'us.
2389 5294 2627 5369 Interfuit
2656 5294 3187 5369 Concilioaurelian.
3220 5311 3291 5369 iv,
3314 5310 3401 5349 an.
3430 5296 3559 5369 ξνιι,
3588 5297 3815 5369 aliiSque

2232 5364 2583 5434 intermediis,
2628 5366 2694 5416 ad
2727 5382 2812 5419 an.
2853 5365 2979 5427 585.
3010 5381 3114 5432 quo
3162 5367 3330 5434 ipsius
3370 5366 3569 5420 missus
3602 5364 3807 5426 Matisc.

2232 5453 2304 5511 tt.
2335 5433 2735 5511 interfuitcum
2798 5437 3067 5511 ltfronitiiio
3113 5433 3280 5511 ipsius
3325 5450 3666 5511 successore,
3727 5442 3811 5511 qui

2229 5505 2541 5629 lsubscripsit
2580 5506 2715 5559 inter
2753 5510 3052 5578 episcopos,
3108 5508 3198 5577 qui
3247 5505 3430 5562 sedem
3493 5523 3604 5562 ttou
3654 5505 3813 5570 Italic-

2251 5588 2375 5629 iant.

2251 5588 2375 5630 iant.
