3942 6190
133 261 221 317 5ὐὸ

1074 252 1394 309 HISTORIA
1438 245 1881 305 FRANCORUM.
1925 244 2127 300 LIBER
2168 245 2413 304 NONUS.

3276 249 3292 302 Ξ
3298 246 3379 305 ’06

134 370 371 442 μιιεῐπιο
398 365 544 428 loco,
572 363 708 434 apud
731 362 1095 432 supradictam
1129 362 1337 425 urbem.
1368 370 1687 429 potestatem
1719 362 1763 420 Α
1867 358 2077 413 XXVII.
2134 358 2322 412 Amalo
2380 373 2592 429 quoque
2641 359 2748 415 dux
2800 360 2923 416 dum
2974 360 3258 432 conjugem
3317 364 3369 417 iu

136 458 462 529 pontificalem
500 470 640 510 nono
664 454 981 524 dejectionis
1037 469 1147 507 sua:
1190 467 1353 518 anno,
1406 468 1530 523 rege
1586 452 1692 505 Iar-

135 552 306 621 giente,
330 548 591 617 suscepit.

195 639 415 695 Britanni
445 654 515 693 eo
546 652 684 692 anno
705 635 938 706 graviter
962 635 1289 690 territorium
1321 634 1690 688 Namneticum

138 733 592 797 Rbcdonicumque
630 729 822 797 praeda:
865 727 1207 796 subjecerunt
1233 767 1248 789 ,
1303 726 1693 779 vindemiantes

137 827 323 887 vincas,
370 820 613 873 culturas
641 818 979 872 devastantes
1002 857 1017 879 ,
1058 832 1120 871 ac
1169 817 1417 885 populum
1444 816 1692 869 villaruut

138 913 434 966 abducentes
484 910 756 978 captivum
783 949 798 973 ,
848 908 1090 977 nihilque
1125 907 1193 961 de
1235 906 1510 975 promissis
1538 920 1693 974 supe-

138 1005 338 1057 rioribus
362 1002 727 1056 custodientes
750 1040 767 1064 ,
813 1008 870 1054 et
912 1014 1016 1053 non
1047 999 1218 1053 solum
1251 1014 1355 1052 non
1388 996 1693 1051 custodien-

141 1106 208 1147 tes
236 1093 486 1162 prumissa
508 1135 525 1153 .
555 1107 738 1146 verum
766 1091 929 1145 etiam
970 1089 1312 1144 detrahentes
1344 1087 1557 1157 regibus
1588 1102 1695 1140 no-

138 1186 263 1237 stris.

197 1273 344 1328 XXV.
373 1272 542 1343 Igitur
569 1272 946 1328 Childebertus
969 1286 1062 1325 rex
1082 1285 1204 1325 cum
1239 1269 1539 1339 petentibus
1567 1269 1697 1323 Lan-

138 1364 358 1434 gobardis
382 1379 629 1419 sororem
659 1378 809 1416 suam
842 1362 951 1431 regi
976 1371 1002 1398 η
1027 1375 1212 1415 eorum
1238 1373 1358 1415 esse
1386 1357 1691 1429 cunjugem,

140 1459 345 1522 acceptis
373 1454 689 1508 muneribus
707 1496 721 1519 ,
753 1453 1115 1523 promisisset;
1144 1451 1547 1505 advenientibus
1578 1449 1696 1504 Got-

147 1549 332 1601 tborum
364 1547 557 1617 legatis
588 1546 791 1617 ipsam,
837 1560 902 1600 eo
941 1546 1080 1615 quod
1119 1554 1330 1613 gentem
1362 1545 1502 1598 illam
1534 1543 1599 1596 ad
1634 1545 1695 1595 ti-

140 1638 241 1691 dem
288 1638 606 1692 catholicam
656 1651 969 1692 conversam
1017 1636 1181 1691 fuisse
1209 1644 1576 1705 cognosceret,
1608 1651 1691 1688 re-

1794 450 1950 504 aliam
1981 449 2158 503 villam
2190 466 2286 519 pro
2314 453 2612 506 exercenda
2648 453 2873 507 utilitate
2894 454 3103 524 dirigit,
3134 455 3185 507 in
3215 470 3340 507 amo

1797 557 1907 593 rem
1951 541 2195 609 puellula:
2225 542 2500 610 cujusdam
2529 547 2769 612 ingenua:
2799 545 2922 597 ruit.
2958 542 3021 597 Et
3051 546 3185 597 facta
3215 554 3370 599 nocte

1793 640 2103 701 crapulatus
2131 649 2159 687 a
2192 634 2315 688 vino
2346 636 2488 688 misit
2513 650 2727 704 pueros,
2763 646 2820 689 ut
2848 636 3195 691 detrahentes
3224 636 3367 704 puel-

1793 725 1977 790 lulam,
2001 741 2121 780 eam
2138 735 2254 780 toro
2276 726 2391 795 ejus
2414 728 2663 781 ascirent.
2686 728 2774 782 Illa
2794 745 3007 797 quoque
3024 739 3373 797 repugnante,

1795 829 1847 871 et
1877 817 2134 872 violenter
2187 819 2239 872 iu
2269 820 2384 887 ejus
2429 821 2756 875 mansionem
2795 822 3054 887 deducta,
3098 821 3223 874 dum
3254 835 3372 874 eam

1795 908 1965 978 alapis
2005 910 2212 964 caedunt
2242 952 2256 975 ,
2287 911 2560 979 sanguinis
2593 912 2729 964 unda
2780 928 2841 964 ex
2876 913 3082 965 narium
3114 910 3375 965 meatibus

1794 1000 2114 1055 decurrente
2160 1000 2513 1071 perfunditur.
2573 1001 2725 1057 Unde
2780 1003 2973 1057 factum
3020 1012 3105 1058 est
3155 1014 3210 1056 ut
3258 1003 3374 1069 ipse

1794 1110 2005 1165 quoque
2027 1106 2225 1153 stratus
2253 1098 2403 1153 ducis
2431 1098 2683 1153 antedicti
2709 1098 2809 1153 hoc
2835 1101 2950 1153 rivo
2981 1106 3373 1163 cruentaretur,

1794 1187 1949 1261 ἀεῖ
1985 1205 2144 1258 quam
2172 1202 2228 1246 et
2257 1192 2372 1260 ipse
2402 1193 2614 1262 pugnis,
2643 1192 2899 1260 colaphis.
2930 1193 3154 1263 aliisque
3182 1192 3375 1246 ictibus

1796 1286 2141 1338 verberatam.
2161 1286 2214 1338 in
2262 1284 2439 1338 ulnam
2488 1286 2742 1353 suscepit,
2774 1294 2828 1339 et
2865 1286 3042 1339 statim
3086 1296 3379 1353 oppressus

1796 1389 1986 1428 somno
2034 1374 2270 1429 dormire
2317 1376 2503 1444 erepit.
2560 1380 2631 1430 At
2669 1376 2759 1431 illa
2790 1385 3008 1433 extensa
3042 1390 3199 1429 manu
3231 1385 3379 1427 trans

1798 1474 1959 1530 caput
2002 1464 2097 1517 \iri
2143 1465 2376 1531 gladium
2424 1467 2659 1536 reperit:
2694 1481 2801 1536 quo
2845 1465 3126 1535 evaginato
3153 1508 3169 1530 ,
3218 1471 3381 1531 caput

1795 1557 1947 1610 dm:is
1976 1597 1993 1621 ,
2042 1558 2184 1611 velut
2234 1557 2413 1613 Juditlt
2448 1557 2752 1615 Holofernis
2774 1600 2790 1625 ,
2842 1560 2949 1615 ictu
2978 1560 3114 1612 virili
3143 1556 3379 1612 libravit.

1797 1648 1893 1703 Illo
1940 1665 2149 1720 quoque
2220 1666 2380 1706 voces
2430 1652 2740 1719 emittente,
2791 1660 3125 1707 concurrunt
3175 1649 3379 1705 famuli.

141 1727 431 1795 promisilb,
471 1742 538 1782 ac
586 1730 901 1797 legationem
951 1728 1016 1780 ad
1066 1727 1442 1795 imperatorem
1479 1725 1690 1789 direxit,

1807 1740 1970 1808 Quam
2022 1757 2142 1797 cum
2191 1743 2494 1798 interficere
2543 1744 2773 1809 vellent,
2803 1746 3123 1799 exclamavit
3152 1744 3267 1808 ille,
3299 1743 3382 1797 di-

145 1828 191 1871 ιιι
213 1818 339 1886 quod
367 1822 515 1885 prius
537 1832 646 1872 non
677 1816 874 1871 fecerat
905 1826 960 1879 ε,
995 1831 1133 1870 nunc
1162 1824 1345 1871 contra
1382 1814 1692 1886 Langobar-

140 1910 301 1961 dorum
330 1918 543 1977 gentem
588 1906 865 1962 debellatis
903 1922 1022 1959 cum
1072 1905 1186 1975 ejus
1240 1905 1467 1959 consilio
1509 1919 1603 1959 eos
1629 1905 1696 1958 ab

144 2001 264 2054 Italia
294 2011 639 2066 removeret;
672 1999 1017 2054 nihilominus
1043 2010 1098 2053 et
1124 1999 1419 2053 exercitum
1449 2012 1602 2051 suum
1629 1997 1693 2049 ad

139 2093 377 2160 regionem
403 2092 575 2159 ipsam
601 2090 987 2157 capessendam
1016 2089 1233 2142 direxit.
1278 2088 1570 2141 Commotis
1594 2088 1694 2140 du-

138 2185 269 2237 cibus
293 2198 410 2238 cum
453 2183 697 2237 exercitu
742 2182 869 2235 illuc
914 2181 1232 2235 abeuntibus
1255 2218 1272 2243 .
1302 2180 1466 2251 550
1502 2178 1693 2233 confli-

138 2284 245 2339 guut
272 2276 509 2344 pariter:
544 2273 640 2329 sed
673 2271 870 2329 nostris
901 2272 1053 2327 valde
1082 2273 1256 2337 cresis,
1282 2265 1431 2325 multi
1465 2282 1698 2340 prostra-

142 2370 197 2431 ti,
228 2370 460 2423 nonnulli
493 2369 665 2435 capti,
694 2367 905 2436 plurimi
937 2367 1095 2420 etiam
1124 2382 1216 2433 per
1240 2366 1413 2433 fugam
1446 2363 1576 2424 lapsi
1609 2364 1693 2417 vix

138 2457 179 2510 in
218 2461 429 2527 patriam
478 2458 778 2514 redierunt.
826 2458 1100 2528 Tantaque
1150 2458 1219 2511 ibi
1262 2458 1360 2511 I'mt
1395 2467 1600 2526 strages
1632 2456 1697 2511 do

144 2547 441 2604 Francorum
480 2550 726 2605 exercitu
753 2588 770 2611 ,
816 2558 871 2601 ut
895 2548 1022 2602 olim
1045 2547 1237 2602 similis
1265 2563 1370 2600 non
1405 2549 1670 2599 remlatur

194 2661 369 2718 XXVI.
429 2664 593 2717 Anno
630 2675 840 2730 quoque
879 2669 1068 2731 quarto
1110 2662 1321 2716 decimo
1369 2660 1696 2716 Childebetti

138 2754 252 2821 regis
279 2753 575 2823 lngoberga
606 2752 785 2823 regina
810 2795 825 2821 ,
857 2752 1156 2806 Chariberti
1181 2752 1447 2820 quondam
1480 2755 1695 2815 relicta,

137 2842 353 2909 migravit
394 2862 423 2896 a
465 2843 673 2896 saculo
696 2880 711 2905 ,
740 2842 933 2897 mulier
961 2842 1112 2897 valde
1140 2851 1294 2896 cauta
1334 2838 1359 2878 ἀ
1385 2858 1447 2896 ac
1477 2844 1580 2896 vita
1615 2858 1700 2897 ie-

136 2931 295 2999 ligiosa
328 2934 579 3001 praedita,
612 2931 803 3001 vigiliis
832 2940 886 2987 et
912 2931 1245 2986 orationibus
1271 2939 1431 2999 atque
1458 2934 1693 2987 eleemo-

135 3022 259 3088 tyuis
306 3038 407 3076 nun
459 3023 685 3089 ignava:
716 3036 835 3089 quae
860 3062 874 3087 ,
930 3021 1135 3087 credo,
1186 3035 1281 3090 per
1312 3021 1695 3090 providentiam

1797 1846 1963 1887 cens:
2022 1833 2099 1888 Ne
2142 1834 2351 1889 faciatis
2378 1875 2393 1899 ,
2438 1849 2637 1904 qumso.
2698 1835 2809 1902 Ego
2839 1836 2984 1890 enim
3017 1836 3261 1903 peccavi,
3291 1835 3380 1899 qtti

1802 1924 1903 1977 vim
1954 1925 2185 1979 castitati
2232 1925 2429 1980 inferre
2477 1933 2699 1980 conatus
2742 1940 2881 1981 sum.
2943 1927 3074 1980 Nam
3114 1926 3227 1979 hzec
3262 1940 3381 1992 qua:

1799 2015 2103 2081 pudicitiam
2152 2015 2353 2069 studuit
2394 2031 2711 2069 conservare
2737 2056 2752 2080 ,
2782 2017 2998 2069 omnino
3029 2034 3134 2068 non
3170 2025 3378 2082 pereat.

1801 2106 1925 2161 llaec
1952 2107 2169 2172 dicens,
2202 2106 2447 2175 spiritum
2478 2107 2771 2163 exhalavit.
2797 2106 3039 2175 Cumque
3066 2122 3229 2173 super
3254 2121 3380 2160 eum

1802 2199 1997 2254 familia
2034 2200 2316 2269 conjuncta
2355 2202 2769 2265 lamentaretur,
2801 2200 3065 2268 adjutorio
3098 2200 3187 2252 Dei
3220 2207 3373 2252 eruta

1804 2290 1974 2358 puclla
2004 2291 2221 2344 domum
2246 2291 2538 2362 egreditur,
2570 2300 2625 2346 et
2656 2308 2750 2359 per
2788 2299 2997 2344 noctem
3028 2290 3374 2344 Cabillonen-

1800 2395 1911 2433 sem
1943 2380 2127 2434 urbem
2155 2379 2314 2444 adiit,
2348 2396 2470 2448 qua:
2501 2390 2583 2434 est
2612 2382 2707 2435 sita
2751 2380 2818 2435 ah
2845 2397 2908 2435 eo
2939 2381 3056 2433 luco
3086 2379 3234 2447 quasi
3264 2377 3381 2432 mil—

1800 2470 1865 2524 lia
1892 2469 1918 2507 δ
1949 2470 2165 2540 triginta
2210 2470 2480 2539 quinque:
2515 2470 2693 2539 ibique
2731 2471 3004 2525 basulicam
3047 2469 3216 2523 sancti
3247 2467 3381 2521 Mar-

1800 2560 1925 2614 celli
1956 2559 2193 2629 ingressa
2215 2600 2232 2626 ,
2266 2560 2409 2629 regis
2449 2570 2714 2629 prostrata
2760 2560 3009 2629 pedibus,
3043 2567 3231 2613 cuncta
3263 2572 3381 2625 qua:

1799 2650 2094 2719 pertulerat
2136 2651 2342 2720 pandit.
2384 2650 2537 2706 Tunc
2579 2667 2671 2705 rex
2717 2648 3248 2705 miscricordissimus
3277 2663 3381 2700 non

1800 2742 1974 2796 solum
2006 2744 2055 2798 ei
2080 2745 2242 2797 vitam
2270 2743 2516 2810 donavit,
2556 2759 2738 2799 verum
2770 2743 2933 2797 etiam
2967 2742 3380 2810 praeceptionem

1800 2832 1958 2887 tribui
1986 2833 2168 2903 jussit,
2201 2834 2331 2889 utin
2362 2834 2525 2889 verbo
2550 2849 2647 2889 suo
2678 2833 2847 2900 posita
2870 2873 2885 2898 ,
2908 2848 2937 2887 a
2967 2832 3116 2886 nullo
3144 2846 3379 2900 unquam

1802 2932 2082 2991 parentum
2110 2922 2346 2978 defuncti
2375 2923 2513 2980 illius
2548 2924 2599 2979 in
2631 2924 2807 2993 aliquo
2837 2924 3135 2978 molestiam
3170 2934 3381 2991 patere-

1802 3024 1906 3068 tur.
1954 3015 2332 3069 Verumtamen
2386 3015 2487 3069 hoc
2537 3015 2646 3069 Deo
2691 3024 2977 3083 praestante
3004 3013 3377 3084 cognovimus,

137 3112 213 3166 Dei
253 3116 582 3169 commonita
606 3152 624 3180 ,
686 3113 754 3169 ad
812 3127 896 3169 me
948 3129 1116 3183 usque
1165 3116 1378 3167 nuntios
1420 3114 1689 3182 dirigens,
1722 3094 1768 3157 C
1801 3105 1940 3173 quod
1973 3106 2166 3175 puella:
2208 3106 2425 3160 castitas
2472 3122 2576 3161 non
2616 3118 2697 3162 est
2726 3108 2793 3162 ab
2816 3117 3063 3177 ereptore
3093 3120 3236 3160 saevo
3263 3106 3377 3178 [ΑΙ.

136 3214 183 3256 ut
221 3206 265 3259 in
304 3206 385 3260 bis
436 3221 562 3276 qua:
625 3206 691 3259 de
735 3205 1011 3259 voluntate
1055 3219 1183 3270 sua,
1236 3205 1286 3260 id
1327 3213 1410 3260 cst
1452 3221 1545 3274 pro
1582 3208 1696 3259 ani-

136 3310 217 3350 ma:
252 3298 487 3353 remedio
524 3298 831 3367 cogitabat,
879 3297 1093 3364 adjutor
1123 3307 1446 3360 eststerem;
1503 3298 1580 3349 sic
1612 3306 1693 3349 ta-

136 3399 235 3439 men
260 3398 314 3440 ut
340 3388 405 3441 ad
435 3390 614 3457 ipsam
638 3387 935 3451 accedens,
970 3400 1088 3455 quae
1118 3386 1344 3440 consilio
1370 3385 1551 3440 habito
1580 3386 1695 3441 fieri

136 3475 443 3543 decernebat,
504 3476 767 3544 scriptura
814 3485 1179 3531 connecteret.
1212 3478 1469 3545 Accessi,
1501 3477 1690 3540 fateor.

136 3568 221 3621 vidi
249 3571 517 3625 hominem
551 3570 824 3624 timentem
858 3570 1022 3623 Deum
1050 3586 1065 3622 :
1097 3586 1215 3639 qua:
1262 3584 1382 3622 cum
1420 3584 1506 3624 me
1542 3569 1693 3624 beni-

137 3672 219 3725 gne
240 3661 547 3729 excepisset
572 3701 586 3723 ,
621 3660 883 3713 notarium
915 3667 1107 3727 vocat,
1139 3668 1193 3713 et
1218 3661 1401 3713 habito
1429 3702 1447 3722 ,
1477 3669 1535 3713 ut
1555 3661 1692 3728 dixi,

136 3762 314 3804 mecum
343 3752 577 3807 consilio
600 3791 614 3816 ,
659 3752 902 3820 qumdam
939 3752 1183 3807 ecclesiae
1215 3750 1502 3805 Turoniczc
1528 3758 1582 3804 et
1608 3752 1696 3803 ba-

135 3840 276 3897 silica:
305 3845 484 3899 sancti
532 3841 774 3908 Martini,
807 3843 1048 3909 quicdam
1090 3842 1495 3895 Cenomanuica:
1526 3842 1696 3895 eccle-

135 3934 212 3986 size
234 3937 528 4007 delegavit;
569 3951 632 3989 ac
680 3944 800 4004 post
847 3949 1044 4003 paucos
1092 3950 1304 3989 menses
1338 3943 1389 3999 ο,
1415 3935 1692 3988 subitauea

136 4026 422 4093 aegritudine
452 4027 703 4097 fatigata,
754 4027 1007 4095 migravit
1046 4042 1074 4079 a
1115 4027 1346 4091 saeculo,
1377 4027 1574 4081 multos
1600 4042 1696 4095 per

137 4116 383 4172 chartulas
410 4117 430 4157 ί
484 4118 685 4172 liberos
725 4117 1135 4185 derelinquens,
1186 4117 1606 4183 septuagesimo,
1641 4126 1698 4169 ut

134 4204 491 4275 arbitror,vit:e
519 4224 679 4271 anno,
700 4209 1008 4277 relinquens
1037 4208 1197 4260 tiliam
1226 4207 1624 4277 unicam,quam
1644 4209 1694 4260 in

135 4294 296 4353 Cantia
327 4304 474 4372 regis
511 4302 789 4370 cujusdam
832 4302 1011 4355 Iiliuss
1034 4301 1375 4354 matrimonio
1404 4301 1693 4370 copulavit.

1798 3196 1918 3267 suo]
1951 3197 2213 3251 nullatenus
2236 3198 2451 3251 violata.

1868 3288 2109 3344 XXVIII.
2146 3288 2501 3343 Brunichildis
2530 3288 2542 3326 ‘
2583 3306 2792 3360 quoque
2822 3291 3002 3360 regina
3034 3292 3189 3359 jussit
3222 3288 3378 3345 fabri-

1798 3380 1910 3434 cari
1940 3395 2006 3433 ex
2035 3394 2166 3435 auro
2194 3396 2258 3435 ac
2285 3382 2509 3450 gemmis
2529 3382 2678 3436 mira:
2707 3384 3082 3450 magnitudinis
3104 3383 3376 3453 clypeum,

1801 3473 2082 3542 ipsumque
2129 3488 2250 3528 cum
2299 3474 2507 3529 duabus
2555 3476 2754 3541 pateris
2787 3474 3016 3546 ligneis,
3061 3489 3194 3545 quas
3226 3475 3379 3545 vulgo

1800 3565 2098 3620 bacchinon
2134 3566 2147 3616 l
2187 3576 2409 3631 vocant,
2439 3567 2748 3637 eisdemque
2787 3567 3036 3620 similiter
3062 3583 3126 3620 ex
3154 3568 3380 3637 gemmis

1798 3658 2071 3713 fabricatis
2094 3668 2149 3715 et
2195 3675 2347 3729 auro,
2380 3661 2431 3714 in
2464 3660 2766 3728 Hispaniam
2813 3661 2925 3729 tegi
2969 3660 3166 3712 mittit:
3198 3660 3247 3711 iu
3274 3674 3380 3725 qua

1801 3750 2175 3818 Ebregisilum,
2216 3753 2302 3820 qui
2330 3765 2472 3818 smpe
2506 3751 2569 3803 ad
2604 3751 2769 3816 ipsam
2800 3753 3068 3819 regionem
3101 3748 3381 3815 legaticuis

1796 3841 1965 3909 gratia
1995 3849 2338 3905 accesserat,
2367 3842 2577 3894 direxit.
2631 3844 2747 3907 Quo
2777 3842 3006 3895 abeunte
3029 3879 3046 3907 ,
3080 3842 3376 3893 nuntiatum

1803 3942 1885 3985 est
1914 3932 2024 3999 regi
2054 3931 2485 3997 Guutchramuo,
2517 3933 2728 3986 dicente
2756 3933 3003 3999 quodam,
3038 3932 3158 3996 quia
3192 3933 3378 3984 Bruni-

1798 4024 1989 4077 cltildis
2018 4024 2197 4091 regina
2225 4023 2289 4075 ad
2325 4022 2462 4078 ﬁlius
2490 4024 2821 4078 GundOValdi
2853 4022 2878 4061 ιι
2922 4040 3139 4079 munera
3172 4024 3377 4094 dirigit.

1799 4115 1951 4180 Quod
2000 4130 2089 4167 rex
2136 4115 2359 4167 audiens
2380 4153 2397 4179 ,
2440 4113 2597 4183 jussit
2627 4114 2897 4169 custodias
2926 4116 3119 4169 arduas
3151 4132 3243 4183 per
3267 4118 3381 4173 vias

1808 4206 1953 4275 regni
1980 4207 2058 4257 sui
2088 4205 2221 4268 ﬁeri,
2248 4206 2317 4259 ita
2349 4215 2407 4258 ut
2431 4206 2605 4259 nullus
2639 4207 2847 4273 penitus
2874 4209 3152 4275 praeterire
3185 4210 3378 4275 possit,

1797 4301 1884 4366 qui
1918 4314 2024 4353 non
2054 4297 2432 4352 discuteretur.
2466 4297 2805 4367 luquirebant
2829 4301 2988 4354 etiam
3016 4301 3069 4354 iu
3101 4303 3376 4356 hominum

194 4458 217 4487 ⁸
252 4451 298 4542 l.s
323 4463 439 4542 erat
471 4451 727 4542 Atiliiaris
751 4492 765 4515 ,
812 4450 1071 4532 Gregorio
1102 4461 1303 4542 Inostro
1332 4450 1466 4505 infra
1632 4470 1688 4516 κ,
1722 4484 1766 4542 υ
1802 4452 1868 4503 50
1899 4452 1992 4506 lib.
2027 4468 2087 4537 III.
2141 4452 2280 4542 Ilist.
2324 4453 2488 4523 Laug.
2524 4452 2668 4542 Pauli
2700 4453 2844 4542 Dilac.
2868 4493 2883 4518 ,
2934 4455 3018 4534 ubi
3052 4454 3375 4509 Francorum

136 4531 234 4592 cap.
260 4523 310 4584 ὃ,
344 4523 718 4592 Aptae-limina,
752 4524 839 4586 qui
871 4530 1051 4586 postea
1084 4520 1233 4573 duxit
1262 4536 1479 4575 uxorem
1516 4522 1687 4576 Theo—

136 4589 409 4660 tlelindam,
444 4593 715 4647 Garibaldi
768 4593 1130 4658 Ilajoariorum
1155 4592 1305 4643 ducis
1343 4606 1434 4645 seu
1461 4593 1598 4660 regis
1628 4595 1689 4644 ll-

140 4658 261 4732 ljam,
286 4674 337 4715 ut
366 4664 609 4732 pllll'lbUS
641 4664 977 4732 prosequitur
1006 4662 1197 4715 Paulus
1229 4661 1376 4714 Diac.
1402 4662 1501 4714 lib.
1525 4658 1587 4715 in
1620 4665 1687 4715 de

140 4725 285 4784 Gestis
316 4725 576 4801 I.:iugoh.,
609 4725 728 4801 cap.
760 4725 845 4785 δι’.
879 4731 960 4785 Ad
992 4749 1109 4786 eam
1136 4732 1439 4800 complures
1470 4742 1684 4786 exstant

139 4796 351 4850 Gregorii
385 4806 452 4850 Μ-
482 4804 746 4850 epistolae.

160 4796 351 4868 iregorii
385 4796 452 4855 M'.
482 4796 746 4859 epistolae.

198 4868 221 4906 δ
258 4872 375 4926 Ihrc
400 4873 495 4926 fuit
524 4872 952 4934 Chlodosuinda,
997 4886 1115 4939 qua:
1146 4873 1315 4925 neutri
1348 4873 1457 4940 regi
1485 4878 1684 4940 nupsit,

141 4938 200 4989 ιιιί
228 4942 458 5004 videtur;
490 4954 581 4996 aut
610 4944 796 4995 saltem
832 4946 985 5009 paulo
1015 4938 1136 5008 post
1166 4945 1373 5008 nuptias
1403 4938 1523 4996 cum
1556 4938 1687 4997 [Iec-

140 5011 306 5063 rarcdo
330 5022 632 5065 contractas
673 5015 869 5066 (IIIIISSC
899 5013 1119 5066 dicenda
1152 5022 1256 5065 est.
1314 5014 1516 5066 Etenim
1550 5013 1687 5068 Rec-

142 5081 338 5134 ratedus
374 5099 493 5134 cum
549 5083 798 5135 [Isid-Ione
843 5086 1018 5148 regina
1050 5097 1214 5136 uxore
1256 5098 1348 5135 Sua
1374 5124 1387 5143 ,
1421 5099 1523 5135 a~ra
1556 5083 1684 5146 627,

140 5159 259 5197 anno
287 5156 429 5210 regni
464 5158 544 5203 sui
578 5153 633 5215 4,
665 5151 969 5213 subscripsit
1008 5154 1325 5215 prulcssiuui
1348 5154 1466 5207 fidei
1497 5157 1683 5204 catho-

142 5215 255 5272 licae.
288 5221 417 5275 Illuc
452 5222 718 5289 conjicere
785 5226 903 5274 Ιιριιι
950 5223 1310 5276 Ιὶυιτυςιΐυάυιιι
1377 5233 1681 5289 pertu'sutn,

141 5288 258 5348 IIUOd
300 5292 451 5346 toties
496 5307 525 5343 a
558 5288 795 5345 ’I“rancis
836 5296 1098 5356 repulsam
1133 5309 1315 5359 passus
1346 5294 1553 5356 fuisset,
1582 5294 1686 5346 ali-

141 5369 332 5431 quaute
360 5364 466 5417 suis
498 5363 837 5429 popularibus
874 5378 1090 5415 uxorem
1132 5365 1425 5429 accepiss».
1474 5365 1533 5416 Et
1574 5366 1680 5431 qui-

142 5423 243 5505 dcta
270 5423 581 5505 Liubaej'us:
612 5433 750 5505 Illius
798 5442 1195 5505 et_succe~sor
1248 5423 1461 5505 ignobili
1517 5423 1679 5486 matre

142 5498 323 5558 genitus
346 5500 538 5556 dicitur
566 5501 619 5555 in
650 5502 832 5557 Isidori
861 5502 1126 5559 Chronico
1153 5498 1413 5559 :era'659.

201 5576 222 5644 ξ
263 5570 365 5622 lluc
387 5574 737 5626 revocandum
767 5577 907 5641 quod
944 5572 1231 5636 Gregorius
1260 5590 1321 5628 ea
1349 5574 1417 5627 tle
1458 5590 1514 5628 rc
1542 5577 1678 5627 scri-

146 5647 234 5699 psit
277 5656 426 5712 supra
488 5644 583 5696 lib.
631 5658 845 5710 vucap.
897 5647 982 5697 62.
1028 5644 1102 5697 De
1135 5646 1229 5696 hac
1258 5660 1385 5697 vero
1418 5645 1678 5712 legatione

146 5714 304 5773 δεδιω-
332 5711 491 5769 fusius
533 5714 626 5770 Η).
673 5729 727 5780 x,
770 5731 890 5785 cap.
936 5718 969 5767 2
1011 5728 1059 5771 ct
1084 5731 1234 5785 seqq.
1263 5711 1531 5771 Cotilcrct
1559 5731 1675 5789 cap.

1795 4533 2024 4584 stragem
2057 4524 2244 4575 iisdem
2292 4539 2423 4590 pene
2454 4524 2628 4577 verbis
2657 4539 2715 4575 at:
2749 4524 3037 4588 Gregorius
3071 4537 3253 4579 noster
3282 4540 3375 4579 ex-

1796 4592 1996 4655 primit,
2026 4594 2142 4662 ejus
2159 4595 2314 4647 verba
2336 4596 2553 4649 laudans
2568 4595 2666 4648 sub
2694 4598 2909 4652 nomine
2932 4594 3184 4650 Historia:
3206 4594 3375 4650 Fran-

1792 4678 1988 4716 corum.

1862 4729 1888 4768 ἀ
1932 4732 2119 4797 Regio.
2149 4748 2267 4786 cum
2297 4734 2411 4799 ed.,
2436 4735 2662 4789 cordata.

1870 4811 1892 4840 ⁸
1933 4802 2085 4855 Coll).
2119 4818 2190 4856 m.
2223 4842 2237 4865 ,
2280 4821 2466 4871 paucos
2505 4807 2629 4859 dies.
2684 4806 3026 4873 lugebergam
3074 4806 3268 4871 aliquid
3296 4819 3371 4860 cr-

1793 4872 1975 4925 clcsia:
2005 4882 2201 4925 sant-ta:
2238 4874 2415 4927 Maria:
2458 4878 2884 4929 tienomannensi
2914 4872 3183 4931 dimisisse
3215 4879 3372 4929 te~tis

1794 4952 1876 4995 est
1925 4943 2264 4995 Bertratnnus
2308 4946 2546 5010 ejusdem
2580 4947 2723 5001 urbis
2766 4950 2934 5011 episc.
2984 4948 3035 5001 in
3084 4962 3181 4998 suo
3212 4956 3375 4999 testa-

1794 5020 1995 5087 urente,
2028 5022 2159 5087 tum,
2194 5014 2256 5087 III
2285 5016 2550 5087 Analect.,
2588 5033 2705 5087 pag.
2736 5018 2856 5071 114.

1868 5079 1886 5119 ί
1930 5082 2056 5207 bigis
2087 5085 2160 5137 rei
2206 5086 2486 5138 formulam
2533 5079 2696 5140 habevs
2732 5087 2873 5156 apud
2916 5084 3155 5139 Marrulf.
3191 5085 3282 5137 lih.
3308 5100 3374 5153 tt,

1868 5169 1911 5207 ι).
1942 5173 1975 5207 ο
2017 5193 2030 5207 .

1790 5168 1911 5220 cap.
1942 5168 2030 5207 oo.

1863 5235 1884 5293 β
1931 5224 2269 5277 Ιεῖιιιθιὺοηιις
2294 5224 2518 5287 scilicet,
2554 5224 2673 5277 vide
2701 5240 2856 5291 supra
2886 5224 2979 5279 lib.
3015 5240 3088 5287 tv,
3122 5239 3242 5293 cap.
3274 5226 3369 5283 9.5.

1862 5292 1887 5363 ξι
1929 5305 1939 5338 ί
1968 5298 2077 5346 01h.
2109 5310 2183 5355 a.,
2215 5295 2373 5345 millia
2401 5295 2706 5363 quindecim.

1864 5362 1879 5401 ί
1928 5366 1979 5417 lu
2018 5365 2132 5418 Vat.
2169 5372 2225 5418 et
2266 5363 2420 5417 Colb.
2452 5379 2503 5417 a.
2536 5373 2693 5433 caput
2740 5364 2879 5418 istud
2922 5374 2976 5419 et
3019 5380 3250 5435 sequens
3276 5368 3373 5421 de~

1787 5443 1927 5488 sunt.

1862 5506 1874 5551 i
1922 5502 2070 5556 (λιιι).
2107 5520 2204 5566 m.,
2236 5503 2571 5569 baeccltinan;
2606 5505 2812 5572 llcgm.,
2843 5506 3143 5560 baethinon.
3166 5508 3363 5564 Teutas

1790 5576 1905 5627 uice
1933 5574 2129 5637 broken,
2165 5575 2366 5629 Gallice
2399 5592 2521 5629 vero
2551 5578 2779 5630 dicimus
2810 5579 3000 5631 (iussin.

1860 5644 1878 5679 ιε
1927 5646 2052 5711 Ejus
2076 5646 2275 5699 scilicet
2301 5686 2316 5708 ,
2344 5648 2432 5713 qui
2477 5663 2596 5701 sese
2624 5650 2786 5700 tilium
2827 5650 3123 5705 (.‘hlotharit
3153 5650 3371 5716 dicens,

1788 5718 2001 5773 occisus
2028 5727 2135 5785 εει,
2163 5733 2325 5789 supra
2356 5719 2448 5774 lib.
2483 5733 2577 5786 νυ,
2611 5733 2729 5789 cap.
2762 5716 2856 5773 53.
