3942 6190
530 240 630 295 507

1516 238 1573 294 S.
1615 234 1941 292 GREGORII
1983 234 2287 291 EPISCOPI
2329 232 2760 290 TURONENSIS

3680 232 3799 287 503

526 354 611 407 vel
642 352 969 408 vestimentis
995 392 1010 417 ,
1046 352 1128 407 vel
1156 351 1544 417 calciamentis,
1582 351 1741 424 5,52
1769 362 1859 407 aut
1888 352 1941 406 in
1972 354 2097 406 reli—
2124 357 2172 413 Α
2202 364 2334 419 quos
2356 346 2578 414 iustitia:
2624 346 2860 401 conditio
2911 346 3220 399 tributarios
3270 345 3453 399 dabat.
3484 361 3647 401 censu
3688 365 3801 417 pu-

528 444 647 511 quis
676 443 865 505 rebus,
898 444 940 497 si
964 444 1169 500 occulte
1203 444 1393 498 litterae
1425 452 1783 512 portarentur.
1833 442 2100 512 Ebregisi-

532 542 612 589 tus
639 549 765 589 vero
813 535 1041 591 Parisios
1088 538 1347 591 accedens
1392 552 1513 590 cum
1552 535 1635 590 his
1678 536 2001 605 speciebus,
2033 534 2102 589 ab

534 626 855 681 librachario
893 626 1030 681 duce
1058 627 1512 693 comprehensus,
1546 627 1609 679 ad
1639 626 2098 680 Guntchratnnum

532 716 831 770 deducitur.
882 718 1129 786 Dixitque
1153 718 1201 772 ei
1230 732 1323 771 rex
1350 735 1363 770 :
1389 716 1505 771 Non
1534 715 1731 770 sufﬁcit
1753 755 1767 779 ,
1798 730 1832 769 o
1857 716 2101 770 infelicis-

531 809 666 861 sime
693 806 965 862 hominum
985 848 1001 873 ,
1031 809 1174 878 quod
1206 808 1473 877 impudico
1507 806 1731 861 consilio
1755 804 2101 861 Ballomerem

535 897 678 949 illum
700 940 715 965 ,
761 911 917 966 quem
949 895 1350 953 Gundovaldum
1390 896 1676 959 vocitetis,
1703 895 1771 950 ad
1799 895 2102 964 conjugium

532 989 866 1054 arcessistis,
915 1005 1073 1059 quem
1121 1003 1310 1044 manus
1357 1004 1473 1044 mea
1524 988 1777 1057 subegit,
1823 988 1913 1057 qui
1942 988 2106 1042 voluit

532 1076 718 1130 ditioni
750 1093 859 1132 sua:
905 1080 1054 1149 regni
1102 1079 1269 1133 nostri
1320 1092 1577 1146 superare
1610 1086 1637 1114 ι
1681 1078 2004 1147 potentiam;
2052 1086 2106 1132 et

536 1181 676 1220 nunc
707 1167 827 1220 filiis
873 1167 990 1237 ejus
1021 1182 1240 1222 munera
1281 1168 1512 1231 mittitis,
1544 1178 1602 1221 ut
1643 1166 1787 1236 ipsos
1838 1167 2026 1219 iterum
2054 1168 2105 1221 in

534 1257 735 1310 Gallius
764 1259 1067 1327 provocetis
1104 1257 1170 1311 ad
1214 1272 1299 1311 me
1324 1256 1711 1326 jugulandum?
1745 1256 1972 1325 Ideoque
2004 1270 2108 1310 non

538 1349 764 1404 accc-des
790 1366 895 1419 quo
926 1350 1182 1417 volueris,
1207 1350 1300 1405 sed
1332 1359 1503 1405 morte
1532 1352 1798 1415 morieris,
1832 1352 1954 1418 quia
1982 1365 2109 1404 con-

537 1447 698 1499 traria
727 1456 805 1499 est
836 1446 1028 1514 legatio
1057 1454 1142 1499 tua
1168 1446 1310 1515 genti
1344 1456 1559 1499 nostrae.
1590 1445 1687 1500 lllo
1714 1459 1926 1514 quoque
1958 1460 2111 1498 recu-

535 1548 709 1602 sante,
736 1552 840 1590 non
871 1552 929 1590 se
957 1537 1039 1591 bis
1064 1537 1243 1591 verbis
1268 1552 1389 1592 esse
1416 1553 1752 1593 communem
1775 1578 1791 1603 ,
1821 1536 1914 1591 sed
1940 1537 2112 1605 potius

535 1627 602 1683 ad
637 1628 1024 1696 fticharedum,
1055 1631 1149 1699 qui
1197 1629 1649 1684 Cblodosuindam
1697 1644 1935 1685 sororem
1966 1630 2113 1684 Chil-

2205 442 2345 495 blico
2394 438 2779 503 subdiderunt,
2806 448 2861 494 et
2900 440 2979 493 sic
3033 438 3263 493 Turonis
3312 449 3439 493 sunt
3466 439 3641 497 delati.
3681 442 3803 498 Sed

2203 545 2323 585 cum
2357 530 2565 599 papulis
2597 530 2925 583 tributariam
2950 528 3274 583 functionem
3298 528 3539 598 infligere
3566 530 3799 597 vellent,

2204 621 2447 676 dicentes
2475 621 2596 688 quia
2618 620 2812 675 librum
2842 636 2955 690 pra:
2986 620 3233 676 manibus
3261 620 3543 686 haberent,
3563 622 3807 690 qualiter

2204 713 2306 767 sub
2334 715 2659 767 anteriorum
2681 728 2863 783 regum
2889 722 3129 783 tempore
3148 713 3545 777 dissolvissent,
3570 729 3800 782 respon-

2205 803 2383 859 dimus
2412 819 2531 871 uos,
2559 804 2802 860 dicentes
2832 819 2846 859 :
2874 805 3208 874 Descriptam
3239 805 3426 860 urbem
3465 805 3804 860 Turonicam

2205 893 2612 951 Chlothacharii
2637 896 2780 966 regis
2809 905 3050 965 tempore
3066 896 3405 951 manifestum
3435 906 3541 963 est,
3568 896 3810 965 librique

2207 986 2283 1041 illi
2309 986 2376 1040 ad
2406 987 2544 1054 regis
2571 987 3209 1056 praesentiamabierunt:
3235 987 3329 1042 sed
3352 997 3675 1054 compuncto
3702 1003 3808 1054 per

2212 1078 2461 1130 timorem
2493 1076 2663 1134 sancti
2694 1077 2903 1131 Martini
2926 1078 3177 1132 antistitis
3228 1090 3374 1147 rege,
3408 1077 3615 1130 incensi
3643 1087 3803 1130 sunt.

2209 1164 2337 1219 Post
2367 1175 2595 1220 mortem
2637 1181 2767 1221 vero
2803 1166 3207 1221 Cblotbacharii
3258 1168 3423 1236 regis,
3473 1166 3808 1222 Cbariberto

2211 1260 2319 1328 regi
2344 1259 2569 1327 populus
2599 1258 2683 1313 hic
2712 1270 3107 1314 sacramentum
3153 1258 3300 1314 dedit
3321 1275 3336 1319 ;
3358 1257 3609 1314 similiter
3631 1258 3806 1314 etiam

2211 1363 2265 1408 et
2292 1353 2382 1406 ille
2405 1368 2525 1407 cum
2546 1351 2855 1421 jurantento
2894 1352 3158 1422 promisit,
3182 1361 3237 1404 ut
3264 1350 3411 1421 leges
3451 1349 3809 1405 consuetudi-

2213 1456 2413 1510 nesque
2440 1456 2604 1497 novas
2650 1442 2846 1512 populo
2874 1457 2980 1497 non
3029 1441 3313 1509 indigeret,
3346 1441 3439 1495 sed
3469 1442 3523 1496 in
3574 1442 3665 1497 illo
3696 1456 3813 1510 quo

2212 1532 2479 1602 quondam
2501 1532 2602 1588 sub
2639 1533 2803 1602 patris
2859 1534 3230 1587 dominatione
3273 1543 3416 1587 statu
3452 1533 3725 1599 vixerant,
3755 1534 3811 1587 in

2216 1626 2332 1695 ipso
2361 1625 2447 1679 hic
2471 1640 2564 1681 eos
2589 1625 2840 1693 deinceps
2883 1625 3169 1688 retineret;
3204 1639 3377 1693 neque
3410 1624 3574 1679 ullam
3607 1640 3813 1679 novam

535 1719 742 1773 tleherti
774 1720 912 1790 regis
945 1735 1201 1785 sponsare
1226 1721 1520 1785 debuerat,
1554 1719 1668 1775 bzec
1703 1735 1920 1774 munera
1951 1720 2109 1788 mitti,
2144 1718 2188 1778 Β
2215 1716 2606 1771 ordinationem
2637 1731 2696 1771 se
2724 1715 3048 1769 inflicturutn
3068 1727 3230 1781 super
3258 1711 3531 1782 eos,quod
3564 1714 3814 1783 pertine-

536 1810 762 1865 crcdidit
816 1826 907 1866 rex
940 1812 1211 1881 loquenti,
1252 1819 1307 1866 et
1353 1810 1555 1866 dimisit
1582 1824 1739 1873 eum;
1782 1810 2015 1880 abiitque
2058 1811 2110 1864 in

539 1902 728 1956 itinere
755 1917 859 1969 quo
885 1902 1119 1958 directus
1148 1903 1245 1957 fuit
1272 1917 1391 1957 cum
1423 1902 1551 1972 ipsis
1581 1900 1912 1957 muneribus.

613 2049 798 2103 XXIX.
829 2050 989 2122 Igitur
1025 2052 1397 2109 Childebertus
1440 2068 1537 2109 rex
1566 2052 1824 2109 invitante
1870 2053 2114 2124 Sigiber-

538 2150 594 2194 to
618 2139 645 2179 δ
676 2142 1112 2199 Momoeiacensis
1137 2144 1317 2215 oppidi
1339 2144 1635 2211 sacerdote,
1662 2145 1776 2200 dies
1806 2144 2022 2199 Pascha:
2050 2145 2114 2199 ad

540 2234 899 2299 supradictam
927 2235 1187 2289 celebrari
1218 2235 1405 2289 statuit
1452 2235 1661 2290 urbem.
1712 2234 1957 2290 Graviter
1993 2245 2117 2291 tunc

540 2322 947 2377 'l‘heodobertus
980 2325 1120 2378 filius
1146 2326 1264 2391 ejus
1289 2326 1493 2390 senior,
1524 2326 1660 2394 gulae
1689 2327 1919 2381 afﬂictus
1946 2337 2118 2383 tumo-

541 2429 602 2467 re
629 2414 908 2479 laboravit,
934 2414 1027 2469 sed
1058 2415 1350 2471 convaluit.
1382 2416 1587 2470 Interea
1615 2415 1993 2472 Childebertus
2025 2434 2118 2473 rex

542 2506 836 2557 exercitum
866 2515 1165 2559 commovet
1190 2546 1205 2569 ,
1244 2514 1301 2561 ct
1341 2507 1394 2561 in
1422 2505 1627 2560 Italiam
1657 2507 1723 2561 ad
1749 2508 2117 2564 debellaudam

540 2595 1009 2663 Langobardorum
1040 2603 1253 2665 gentem
1273 2636 1290 2661 ,
1317 2612 1438 2651 cum
1467 2596 1669 2653 eisdem
1701 2612 1921 2667 pergere
1948 2609 2117 2667 parat.

543 2686 649 2741 Sed
682 2686 1013 2755 Langobardi
1045 2689 1125 2743 his
1155 2689 1384 2757 auditis,
1420 2689 1620 2759 legatos
1659 2705 1779 2745 cum
1812 2692 2120 2746 muneribus

544 2780 784 2844 mittunt,
812 2779 1050 2835 dicentes
1076 2800 1089 2834 :
1120 2781 1201 2838 Sit
1230 2782 1458 2837 amicitia
1486 2784 1625 2836 inter
1650 2794 1830 2850 nos,et
1861 2798 1965 2837 non
1998 2800 2121 2853 per-

546 2885 756 2934 czztnus,
813 2886 875 2925 ac
902 2871 1256 2926 dissolvamus
1277 2882 1479 2927 certum
1502 2873 1688 2926 ditioni
1713 2882 1817 2927 tua:
1843 2874 2117 2929 tributum.

544 2962 620 3010 Ac
668 2957 974 3028 ubicunque
1022 2961 1385 3014 necessarium
1432 2970 1617 3014 contra
1670 2960 1915 3016 inimicos
1943 2962 2118 3029 fuerit,

546 3048 685 3153 ferre
731 3048 995 3153 auxilium
1048 3066 1153 3153 non
1202 3051 1421 3120 pigebit.
1470 3052 1592 3106 lla:c
1630 3052 2117 3153 Childebertus-rex
2148 3089 2196 3153 ε

545 3140 767 3192 audiens
796 3180 811 3202 ,
859 3141 924 3194 ad
957 3139 1415 3195 Cuntehraninunt
1449 3159 1627 3214 regem
1670 3143 1873 3213 legatos
1913 3144 2117 3213 dirigit,

543 3230 633 3296 qui
662 3244 723 3283 ea
756 3246 872 3297 qua:
903 3230 970 3283 ab
1000 3230 1080 3283 his
1110 3231 1496 3297 offerebantur,
1540 3235 1590 3288 in
1632 3234 1749 3305 t-jus
1794 3235 2015 3290 auribus
2041 3238 2121 3289 in-

544 3319 814 3373 timareut.
870 3321 974 3375 Sed
1002 3324 1091 3377 ille
1118 3338 1220 3376 non
1250 3324 1439 3379 obvius
1470 3327 1537 3379 de
1569 3327 1668 3381 hac
1696 3328 2034 3382 conniventia
2069 3339 2115 3395 ο,

542 3410 820 3463 consilimn
848 3414 911 3465 ad
941 3414 1359 3471 confirmandam
1394 3431 1576 3485 pacem
1603 3419 1845 3484 praebuit.
1898 3419 2119 3477 Childe-

545 3502 727 3555 hertus
761 3518 887 3557 vero
936 3520 1029 3559 rex
1070 3504 1228 3574 jussit
1268 3508 1560 3561 exercitum
1610 3508 1663 3562 in
1695 3509 1813 3564 loco
1844 3512 2117 3566 residere:

530 3596 795 3661 ‘Illisilq‘le
840 3597 1040 3665 legatos
1090 3597 1157 3651 ad
1204 3597 1618 3667 Langobardos,
1650 3601 1811 3672 [‘53
1843 3612 1900 3657 ut
1929 3603 1976 3658 si
2008 3604 2122 3658 haec

548 3701 667 3752 quze
700 3690 1054 3754 promiserant
1082 3689 1493 3753 confirmarent,
1529 3694 1799 3747 exercitus
1830 3703 2122 3751 revertere-

547 3787 633 3831 tur
657 3780 721 3831 ad
747 3781 992 3848 propria;
1020 3781 1114 3837 sed
1141 3782 1359 3837 minime
1380 3790 1463 3838 est
1485 3783 1784 3850 impletum.

621 3912 787 3969 XXX.
814 3914 1188 3969 Childebertus
1232 3929 1359 3969 vero
1387 3932 1477 3970 rex
1507 3915 1865 3984 descriptores
1931 3918 1983 3973 in
2036 3920 2120 3973 Pi-

544 4013 749 4069 etavos,
779 4006 1037 4060 invitante
1076 4007 1324 4060 Maroveo
1363 4008 1633 4075 episcopo,
1683 4009 1839 4075 jussit
1868 4009 2035 4069 abire.
2072 4011 2122 4062 id

542 4107 626 4151 est
655 4096 1051 4151 Florentianum
1073 4098 1332 4166 majorem
1361 4098 1551 4152 domus
1574 4100 1730 4169 regiae
1762 4097 1813 4164 ἀ,
1837 4109 1889 4152 et
1921 4102 2127 4153 Romul-

547 4187 657 4240 fum
687 4188 867 4254 palatii
896 4191 975 4241 sui
1004 4192 1277 4254 comitem,
1304 4200 1359 4243 ut
1381 4191 1587 4244 scilicet
1636 4191 1861 4258 populus
1882 4207 2121 4254 censum,

546 4296 704 4344 quem
736 4290 975 4349 tempore
1010 4284 1172 4347 patris
1216 4282 1541 4346 reddiderat,
1570 4283 1701 4335 facta
1732 4282 1936 4336 ratione
1975 4284 2122 4338 innoo

548 4382 751 4425 vatum:
804 4381 851 4433 ο,
890 4371 1113 4426 reddere
1148 4372 1387 4426 deberet.
1423 4372 1567 4427 Multi
1618 4372 1761 4424 enim
1810 4388 1875 4425 ex
1928 4372 2008 4427 his
2033 4374 2124 4427 de-

2219 1813 2302 1861 ret
2328 1806 2395 1860 ad
2418 1806 2668 1876 Spolium,
2686 1805 2987 1875 spopondit.
3014 1804 3177 1860 Gaiso
3203 1819 3330 1859 vero
3350 1818 3536 1859 comes
3556 1804 3815 1872 ejusdem

2217 1900 2474 1967 temporis
2494 1905 2712 1965 accepto
2737 1896 3074 1965 capitulario,
3124 1896 3267 1966 quod
3311 1896 3613 1950 anteriores
3671 1898 3819 1950 scri-

2217 1998 2400 2056 ptores
2431 1986 2620 2042 fecisse
2649 1986 3205 2051 commemoravimus,
3248 1985 3443 2040 tributa
3484 1986 3650 2053 οωρίι
3695 1988 3818 2039 exi-

2216 2092 2343 2147 gere
2385 2096 2399 2131 :
2442 2077 2536 2133 sed
2587 2076 2657 2130 ab
2699 2076 2958 2130 Eufronio
3008 2077 3261 2144 episcopo
3304 2074 3624 2144 prohibitus,
3684 2089 3818 2127 cum

2217 2181 2407 2225 exacta
2437 2170 2698 2238 pravitate
2732 2170 2797 2223 ad
2832 2170 2974 2238 regis
3001 2169 3196 2222 direxit
3227 2168 3590 2236 praesentiam,
3621 2178 3820 2222 esten-

2217 2263 2352 2320 dens
2385 2264 2757 2332 capitularium
2793 2263 2845 2316 in
2870 2276 2975 2331 quo
3003 2260 3197 2315 tributa
3236 2260 3676 2315 continebantur.
3704 2259 3819 2317 Sed

2220 2373 2316 2414 rex
2352 2356 2731 2428 ingemiscens,
2756 2370 2819 2410 ac
2841 2363 3086 2410 metuens
3104 2356 3350 2409 virtutem
3374 2353 3546 2408 sancti
3569 2352 3816 2416 Martini,

2221 2448 2395 2517 ipsum
2437 2446 2686 2503 incendio
2726 2446 2946 2501 tradidit
2999 2462 3015 2499 :
3068 2460 3259 2499 aureos
3297 2453 3518 2499 exactos
3568 2444 3817 2499 basilica:

2221 2542 2393 2595 sancti
2423 2540 2632 2595 Martini
2677 2539 2906 2605 remisit,
2935 2538 3209 2593 obtestans
3236 2547 3294 2591 ut
3324 2536 3498 2591 nullus
3527 2536 3595 2591 de
3626 2552 3816 2606 popu—

2224 2631 2274 2685 lo
2300 2630 2464 2702 454
2489 2631 2757 2684 Turouico
2787 2630 2950 2684 ullum
2983 2632 3238 2685 tributum
3289 2628 3501 2699 publico
3530 2628 3814 2684 redderet.

2227 2719 2351 2776 Post
2372 2722 2524 2789 cujus
2549 2722 2751 2776 obitum
2780 2723 3080 2793 Sigibertus
3111 2737 3204 2777 rex
3235 2721 3370 2774 hanc
3393 2720 3580 2775 urbem
3612 2722 3814 2785 tenuit,

2226 2829 2323 2867 nec
2352 2815 2511 2868 ullius
2537 2815 2721 2868 tributi
2755 2814 2960 2883 pondus
3002 2814 3223 2869 invexit.
3249 2813 3337 2868 Sic
3357 2821 3411 2867 et
3438 2826 3582 2866 nunc
3616 2823 3818 2883 quarto

2224 2907 2434 2962 decimo
2456 2921 2597 2962 anno
2618 2906 2989 2963 Childebertus
3011 2916 3130 2975 post
3147 2905 3313 2974 patris
3333 2904 3536 2959 obitum
3556 2920 3815 2975 regnans,

2228 3000 2361 3054 nihil
2387 3001 2584 3071 exegit,
2615 3017 2713 3056 nec
2744 3003 2852 3055 ullo
2882 3000 3063 3055 tributi
3112 3014 3275 3055 onere
3316 3000 3431 3052 hmc
3466 3000 3596 3051 urbs
3625 3013 3818 3069 aggra-

2297 3102 2345 3145 ta
2368 3093 2692 3164 congemuit.
2726 3092 2876 3147 Nunc
2916 3102 3095 3146 autem
3145 3090 3423 3160 potestatis
3467 3099 3666 3143 vestra:
3712 3097 3815 3151 est,

2227 3195 2401 3239 utrum
2442 3184 2712 3240 censeatis
2766 3183 3134 3249 tributum,an
3179 3196 3283 3236 non
3318 3200 3330 3234 :
3363 3181 3460 3236 sed
3509 3180 3698 3236 videte
3753 3195 3818 3234 ne

2222 3277 2421 3346 aliquid
2456 3278 2712 3339 uoceatis,
2742 3277 2784 3330 si
2819 3287 3002 3331 contra
3037 3274 3155 3344 ejus
3192 3282 3593 3329 sacramentum
3623 3274 3817 3328 ambu-

2226 3369 2335 3422 lare
2359 3368 2661 3438 disponitis.
2697 3369 2821 3421 lizec
2843 3382 2929 3422 me
2972 3366 3184 3422 dicente
3215 3365 3611 3436 responderunt
3637 3382 3652 3419 :
3679 3365 3818 3421 Ecce

2225 3458 2420 3512 librum
2451 3474 2559 3528 pra
2602 3458 2847 3512 manibus
2893 3457 3175 3523 habemus,
3206 3457 3258 3511 itt
3300 3471 3408 3522 quo
3436 3470 3639 3511 census
3694 3455 3817 3510 huic

2224 3551 2420 3621 populo
2447 3562 2530 3605 est
2560 3550 2811 3604 inflictus.
2841 3550 3027 3620 Etego
3080 3549 3165 3604 aio
3206 3568 3218 3602 :
3252 3549 3411 3604 Liber
3448 3548 3539 3603 hic
3589 3564 3619 3601 a
3680 3553 3817 3619 regis

2227 3643 2479 3698 thesauro
2508 3644 2717 3698 delatus
2771 3659 2875 3695 non
2905 3652 3021 3712 est,
3054 3658 3151 3697 nec
3182 3658 3415 3711 unquam
3449 3656 3549 3711 per
3581 3650 3664 3696 tot
3692 3657 3818 3697 con-

2224 3736 2390 3789 valuit
2411 3750 2599 3791 annos.
2630 3735 2743 3788 Non
2768 3744 2851 3789 est
2891 3736 3083 3788 mirum
3115 3735 3257 3788 euitn
3308 3733 3353 3788 si
3387 3748 3483 3795 pro
3510 3733 3815 3787 inimicitiis

2229 3828 2417 3881 horum
2449 3827 2662 3887 civium,
2697 3826 2749 3879 in
2771 3826 3135 3895 cujuscunque
3182 3824 3343 3879 domo
3371 3834 3690 3879 reservatus
3719 3834 3817 3879 cst.

2226 3919 2488 3973 Judicabit
2507 3919 2647 3973 enim
2671 3917 2812 3972 Deus
2834 3934 2995 3985 super
3015 3933 3129 3982 eos,
3160 3916 3249 3985 qui
3274 3930 3370 3985 pro
3400 3915 3592 3984 spoliis
3611 3917 3817 3969 civium

2229 4018 2534 4064 nostrorum
2609 4009 2750 4063 lnmc
2798 4018 2917 4078 pust
2964 4010 3096 4063 tanti
3160 4005 3419 4076 temporis
3479 4016 3818 4061 transactum

2227 4102 2455 4167 spatium
2482 4102 2837 4170 protulerunt.
2867 4100 3001 4154 Dum
3035 4108 3213 4154 autem
3244 4099 3358 4152 haec
3378 4108 3696 4168 agerentur,
3727 4104 3802 4152 Au

2227 4192 2338 4246 dini
2372 4193 2531 4255 ﬁlius,
2578 4193 2667 4263 qui
2710 4193 2903 4246 librum
2950 4192 3121 4260 ipsum
3153 4190 3469 4261 protulerat,
3503 4190 3622 4257 ipsa
3670 4191 3764 4245 die
3790 4206 3818 4243 a

2231 4284 2377 4338 febre
2421 4292 2729 4350 correptus,
2753 4282 2839 4336 die
2887 4283 3045 4336 tertia
3092 4280 3403 4351 exspiravit.
3436 4278 3693 4335 Posthac
3726 4294 3819 4332 nos

2230 4375 2622 4431 transmisimus
2648 4377 2860 4428 nuntios
2884 4375 2948 4427 ad
2973 4389 3176 4443 regem,
3199 4384 3255 4427 ιιι
3282 4372 3407 4442 quid
3430 4373 3498 4427 de
3529 4370 3634 4427 bac
3657 4387 3819 4426 causa

552 4461 716 4513 functi
751 4461 959 4515 fuerant
1002 4472 1056 4517 et
1104 4462 1174 4516 oh
1205 4464 1305 4517 hoc
1334 4464 1533 4527 viduis,
1556 4462 1915 4531 orphanisquc
1944 4479 2007 4518 ac
2036 4466 2127 4519 de-
2156 4465 2204 4522 ο
2226 4467 2459 4535 juberet,
2492 4466 2737 4520 mandata
2774 4466 3093 4520 remitteret.
3124 4465 3227 4522 Sed
3261 4465 3503 4535 protinus
3527 4463 3819 4531 epistolam

554 4552 747 4606 bilibus
773 4555 954 4608 tributi
988 4555 1191 4620 pondus
1224 4557 1496 4610 insederat
1526 4573 1539 4609 :
1569 4556 1710 4617 quod
1758 4557 1807 4609 hi
1830 4556 2122 4611 discutien-

551 4649 632 4692 tes
650 4655 743 4709 per
758 4641 1023 4702 ordinem.
1042 4644 1342 4700 relaxantes
1367 4660 1627 4713 pauperes
1645 4659 1708 4699 ac
1731 4645 1970 4701 infirmos
1984 4648 2123 4715 illos,

628 4786 656 4847 Ρ
693 4774 905 4847 R_cgm.,
937 4776 1211 4847 subjugme
1250 4781 1543 4847 potentiam.

626 4846 652 4883 ι’
694 4845 782 4917 Sic
812 4862 941 4899 mss.
966 4845 1159 4913 praeter
1191 4845 1310 4902 nec.
1337 4851 1423 4917 qui
1454 4866 1572 4903 cum
1600 4850 1758 4904 editis
1780 4862 1904 4905 ante
1926 4853 2128 4908 Chesn.

552 4918 715 4971 habet
739 4916 1063 4985 Siginmndo.
1118 4916 1381 4972 Chesnius
1412 4933 1692 4987 utramque
1716 4921 2003 4976 iectiunem
2038 4941 2132 4978 ex-

558 4988 723 5042 hibet.
764 4988 875 5041 Non
908 4988 1084 5059 minor
1104 4997 1187 5059 est
1215 4992 1280 5042 de
1322 4990 1461 5043 st-dis
1496 4990 1615 5059 ejus
1649 4995 1862 5046 nomine
1899 4994 2123 5046 difficul-

554 5069 655 5111 tas.
687 5059 812 5112 Bad.
845 5059 1003 5130 habet
1032 5057 1474 5121 Noriociacensis;
1503 5057 1710 5130 liegm.,
1741 5061 2129 5120 Noviomensis:

553 5144 672 5201 quae
701 5130 857 5201 lt-ctio
900 5129 942 5201 s_i
982 5130 1191 5201 sincera
1222 5131 1318 5191 sit,
1360 5132 1506 5201 nulla
1538 5129 1784 5201 superest
1814 5135 2123 5190 difficultas.

559 5195 799 5253 Valesius
824 5210 879 5253 et
902 5198 1145 5254 Cointius
1183 5200 1460 5269 legendum
1501 5195 1620 5254 esse
1657 5204 1963 5256 existimant
2007 5202 2123 5257 Μο-

555 5270 917 5343 guntiarensis.
948 5270 1084 5323 Nihil
1127 5273 1261 5343 lucis
1303 5271 1421 5325 huic
1442 5272 1748 5343 difficultati
1794 5275 2007 5343 aliulget
2050 5290 2117 5329 ex

559 5336 783 5410 vulgatis
814 5342 1180 5410 episcoporum
1204 5342 1643 5410 .Moguntinorum
1675 5358 1766 5397 seu
1799 5336 2113 5397 Noviomen-

557 5408 693 5457 sitnn
736 5408 1007 5475 catalogis.
1067 5408 1325 5464 Sidonius
1354 5411 1491 5465 circa
1539 5413 1627 5465 illa
1678 5425 1912 5475 tempora
1951 5416 2114 5468 eccle-

556 5476 691 5528 siam
749 5476 1103 5549 Moguntinam
1158 5482 1375 5549 regebat
1434 5496 1498 5535 ex
1556 5482 1846 5535 Fortunato
1898 5484 1988 5536 lib.
2049 5501 2120 5546 ix,

554 5561 723 5618 carm.
756 5547 811 5618 9,
842 5548 934 5618 sed
956 5548 1063 5618 jam
1097 5547 1232 5604 tunc
1250 5552 1384 5605 forte
1410 5552 1637 5618 obierat,
1670 5563 1727 5604 ut
1751 5565 1934 5605 censet
1964 5554 2126 5607 (ἰοίη-

558 5616 681 5690 tius,
710 5616 795 5685 qui
830 5616 927 5690 ipsi
960 5616 1199 5682 Gregorii
1241 5622 1409 5690 nostri
1443 5616 1834 5690 Sigiutundunt,
1867 5639 1958 5675 seu
1989 5622 2124 5683 Sigi-

560 5684 788 5754 bonum,
815 5687 926 5741 sive
956 5690 1145 5756 ctiam,
1180 5688 1252 5744 uti
1282 5704 1403 5745 eum
1441 5684 1668 5761 apiwllat
1694 5692 2121 5758 Serarius,Wili-

2232 4573 2353 4610 cum
2394 4557 2708 4612 auctoritate
2750 4556 2768 4594 ί
2804 4556 3085 4617 miserunt,
3150 4572 3216 4610 ne
3259 4555 3485 4622 p0pn|us
3514 4553 3821 4609 Turonicus

2237 4662 2333 4711 pro
2365 4646 2663 4701 reverentia
2683 4647 2854 4701 sancti
2900 4645 3109 4700 Martini
3158 4644 3582 4700 describeretur.
3613 4647 3819 4712 Quibus

2239 4780 2446 4834 bertum
2489 4796 2816 4835 suecessrsse
2854 4780 3057 4834 scribit.
3107 4780 3463 4834 Thaumastus
3507 4795 3603 4831 seu
3638 4780 3817 4837 Theo-

2242 4863 2444 4904 mastus
2490 4851 2906 4904 Momociarensis
2958 4852 3083 4903 item
3137 4855 3420 4919 episcopus
3471 4849 3727 4904 laudatur
3771 4855 3817 4905 in

2243 4921 2333 4973 lib.
2360 4924 2425 4974 de
2450 4922 2599 4974 Glor.
2632 4921 2906 4983 Confess.,
2937 4936 3055 4988 cap.
3089 4920 3179 4975 55.

2310 5002 2332 5028 ο
2372 4992 2575 5051 Casio”
2601 4992 2965 5043 convenientia.

2302 5060 2326 5095 ά
2361 5062 2510 5113 Colh.
2542 5080 2589 5113 ιι.
2624 5062 2814 5114 Domus
2860 5059 3085 5129 Regium.
3117 5061 3304 5127 Regni.
3335 5077 3462 5114 vero
3501 5062 3809 5116 Romulfum

2228 5131 2408 5199 palatii
2438 5132 2779 5183 viceromitem
2802 5172 2814 5191 ,
2835 5132 3088 5199 appellat.
3127 5133 3199 5185 lie
3229 5132 3310 5183 his
3336 5132 3457 5184 vide
3491 5131 3579 5184 lib.
3617 5147 3687 5185 Iv.
3725 5134 3813 5186 Mi-

2231 5216 2336 5321 i‘ac.
2364 5203 2531 5321 smmi
2564 5203 2767 5255 Martini
2799 5214 2922 5268 cap.
2954 5204 3009 5254 li.
3042 5214 3094 5254 ct
3135 5202 3412 5255 Fortunat.
3448 5201 3541 5254 lib.
3563 5217 3617 5255 x.
3643 5218 3812 5255 carm.

2267 5292 2294 5316 υ
2314 5282 2367 5321 et
2471 5311 2484 5321 .

2229 5272 2367 5324 inet
2400 5272 2484 5324 18.

2303 5351 2326 5377 ε
2350 5341 2487 5394 Editi
2520 5341 2721 5409 aliquot
2749 5356 2870 5394 eum
2912 5340 3033 5394 Bee.
3066 5342 3302 5394 innovate
3326 5356 3401 5393 re.

2304 5409 2323 5448 ί
2361 5414 2665 5464 Auctoritas
2693 5412 2946 5477 diploma,
2971 5426 3064 5465 seu
3097 5422 3417 5479 [lftl‘celilum
3444 5411 3650 5478 regium
3676 5422 3812 5474 erat,

2229 5482 2365 5548 quod
2401 5485 2594 5534 ceteris
2632 5485 2915 5549 prmstahat
2941 5522 2954 5539 .
3006 5483 3248 5547 ideoque,
3286 5482 3359 5533 uti
3384 5481 3617 5546 videtur,
3655 5497 3815 5535 manu

2232 5554 2367 5619 regis
2387 5551 2766 5620 subscriptum,
2784 5568 2845 5604 ac
2868 5551 3241 5621 ipsiusannnlo
3263 5551 3568 5621 sigillatum,
3602 5551 3677 5604 uti
3708 5553 3790 5605 col

2232 5622 2409 5690 ligitur
2432 5638 2493 5672 ex
2522 5619 2680 5689 epist.
2734 5625 2791 5675 S.
2854 5619 3194 5689 li‘adegundis
3249 5619 3383 5673 infra
3411 5636 3531 5689 cap.
3560 5621 3653 5679 43.
3686 5622 3813 5677 Vide

2234 5689 2470 5761 bignontii
2499 5705 2648 5750 uouzs
2677 5694 2730 5748 in
2760 5693 2851 5749 lib.
2885 5708 2901 5747 ι
2925 5692 3161 5749 Marculfi
3186 5691 3368 5747 Furni.
3399 5689 3452 5743 4.
