3942 6190
94 231 190 285 50')

1044 216 1368 275 HISTORIA
1412 211 1856 272 FRANCORUM.
1903 211 2105 267 LIBER
2146 209 2387 268 NONUS.

3246 206 3352 269 ιςιυ

99 337 319 400 retectis,
345 335 527 390 statim
569 334 667 389 viri
696 334 785 403 qui
806 333 870 387 ad
903 333 1017 388 haec
1045 334 1189 387 missi
1222 331 1452 397 fuerant,
1480 329 1543 382 ad
1571 343 1662 396 pa-
1691 328 1737 385 A
1768 323 2006 393 reginam
2038 326 2325 394 opprobria
2349 323 2602 393 jactabat,
2634 323 2820 378 dicens
2844 324 2963 395 ejus
2986 325 3211 381 consilio
3231 328 3349 383 haec

101 434 241 485 triatn
272 440 393 484 sunt
418 430 673 499 regressi.

165 522 351 578 XXXI.
385 521 828 575 Guntchramnus
856 529 884 557 ι
912 533 1040 573 vero
1072 534 1165 574 rex
1206 520 1496 573 exercitum
1519 532 1665 570 cunt-

102 614 254 666 ntovit
282 615 332 665 in
372 611 757 681 Septimaniam
790 610 852 675 b;
895 609 1286 664 Austrnualdus
1330 618 1507 661 autem
1558 607 1661 660 dux

102 706 235 771 prius
270 702 656 757 Carcassonam
685 700 947 756 accedens
972 707 1302 755 sacramenta
1337 708 1663 765 susceperat,

99 800 336 863 ipsosque
366 796 592 865 pupulas
620 794 807 849 ditioni
854 795 1141 864 subegerat
1190 792 1368 861 regite.
1402 790 1519 845 Rex
1572 806 1666 842 an-

95 899 188 942 teut
212 887 275 939 ad
299 887 531 952 reliquas
556 884 801 939 civitates
814 883 1102 949 capiendas
1127 882 1388 936 Dosonem
1411 895 1531 935 cum
1561 883 1662 931 An-

95 980 240 1031 te~tio
252 978 553 1032 destinavit.
582 976 959 1041 Quiaccedcns
983 989 1102 1028 cum
1126 972 1664 1041 snperbia.despecto

94 1067 438 1121 A'ustrnualdo
465 1067 625 1131 duce,
659 1078 816 1135 atque
845 1066 1223 1130 cantletnnato,
1255 1080 1349 1118 cur
1369 1064 1572 1128 absque
1598 1078 1663 1115 co

95 1162 470 1213 (Zarcassonam
510 1158 713 1227 ingredi
754 1162 1205 1225 praesumps‘tsset,
1230 1158 1344 1235 ipse
1372 1170 1493 1209 cum
1525 1154 1659 1208 San-

101 1250 306 1313 tonicis,
342 1248 715 1318 Petragoricis,
746 1246 1354 1318 Burdegalensibusque,
1378 1247 1660 1314 Agennen-

90 1342 228 1395 sibus
247 1340 404 1396 etiam
447 1356 511 1395 ac
556 1340 837 1395 Tolosanis
890 1340 1015 1394 illuc
1062 1340 1257 1393 direxit
1320 1335 1658 1410 [perrexit].

88 1430 312 1500 Cumque
325 1430 375 1484 in
397 1432 494 1484 bac
514 1431 770 1499 jactantia
799 1432 1047 1493 ferretur,
1075 1438 1128 1483 et
1154 1429 1366 1485 Gotthis
1393 1429 1508 1483 haec
1537 1444 1663 1482 nun-

89 1521 205 1572 tiata
226 1519 466 1583 fuissent,
489 1529 809 1587 paraverunt
823 1534 883 1574 se
899 1521 949 1574 in
977 1520 1203 1574 insidiis.
1231 1519 1328 1574 IIic
1347 1533 1477 1573 vero
1500 1534 1662 1586 super

90 1609 294 1663 ﬂuvium
311 1611 587 1677 parvulum
608 1608 768 1680 555
789 1610 1140 1678 propinquum
1165 1609 1465 1663 urbicastra
1487 1610 1655 1677 ponit,

1768 432 1797 469 a
1830 417 1939 471 filio
1969 418 2109 479 ﬁeri,
2136 418 2339 471 addens
2361 418 2520 471 etiam
2552 416 2691 485 quod
2722 416 3052 470 Gundovaldi
3078 418 3347 485 quondam

1769 505 1933 560 ﬁlium
1958 507 2234 561 invitatum
2264 507 2509 575 conjugio
2533 508 2784 574 copulate
2808 507 2984 560 vellet.
3010 507 3159 563 Unde
3182 509 3345 563 etiam

1765 596 2025 668 synodum
2051 597 2215 667 [‘56
2233 598 2602 665 episcoporum
2626 598 2677 651 itt
2700 596 2940 650 kalendis
2958 598 3346 653 Novembribus

1766 690 2076 759 congregari
2108 690 2380 759 praecepit.
2412 689 2666 759 Multique
2691 689 2757 744 de
2800 689 3059 744 extremis
3104 689 3344 758 partibus

1766 780 2060 837 Galliarum
2113 782 2178 837 ad
2228 784 2370 836 hunc
2413 794 2733 837 conventum
2779 792 3146 851 properantes,
3168 784 3235 838 de
3260 784 3344 837 via

1765 873 1993 941 regressi
2023 881 2168 939 sunt,
2201 888 2296 943 pro
2317 888 2385 929 eo
2415 873 2554 943 quod
2600 873 2960 928 Brunichildis
2984 875 3164 942 regina
3193 888 3253 929 se
3276 874 3345 929 ab

1766 963 1865 1018 hoc
1893 965 2116 1022 crimine
2142 968 2291 1021 exuit
2325 965 2677 1021 sacramentis
2712 975 2803 1021 :et
2821 965 2899 1020 sic
2919 966 3020 1020 viis
3041 964 3231 1020 iterum
3260 981 3347 1019 re-

1762 1057 1976 1121 seratis,
2006 1057 2243 1125 pervium
2298 1056 2543 1126 patefecit
2580 1057 2877 1113 volentibus
2901 1058 2968 1113 ad
2999 1074 3175 1129 regem
3199 1058 3344 1114 Chil-

1762 1146 2039 1201 debet-tunt
2070 1148 2348 1204 accedere.

1834 1237 2073 1293 XXXIII.
2107 1241 2197 1294 His
2220 1240 2410 1294 diebus
2441 1239 2784 1311 Ingeltrudis,
2814 1255 2934 1310 quae
2959 1240 3343 1296 monasterium

1762 1327 1815 1382 in
1836 1330 1972 1384 atrio
1998 1331 2167 1386 sancti
2210 1332 2423 1387 Martini
2464 1342 2730 1388 statuerat
2768 1330 2819 1397 ά,
2850 1332 2916 1387 ad
2970 1347 3149 1402 regem
3188 1333 3344 1403 quasi

1763 1421 1925 1475 filiam
1950 1432 2261 1479 accusatura
2292 1425 2553 1487 processit
2585 1443 2600 1480 :
2636 1426 2687 1479 in
2724 1441 2829 1493 quo
2851 1427 3174 1481 monasterio
3208 1425 3337 1479 Ber-

1768 1511 2034 1580 thelIedis,
2067 1516 2172 1569 lilia
2212 1517 2478 1585 quondam
2511 1517 2812 1572 Cltariberti
2861 1518 3019 1587 regis,
3054 1517 3342 1572 residebat.

1761 1605 1865 1662 Sed
1898 1608 1998 1662 ista
2024 1607 2350 1676 egrediente,
2379 1610 2495 1665 haec
2517 1610 2569 1664 in
2603 1610 3055 1666 Ccnomannicum
3093 1619 3116 1647 ο
3145 1618 3227 1665 est
3261 1610 3343 1663 in-

86 1702 248 1770 epulis
270 1700 483 1767 insedit,
502 1701 1144 1759 ebrietatibusincumbit.
1161 1702 1415 1756 conviciis
1435 1713 1488 1757 et
1516 1703 1656 1758 blas-
1693 1683 1742 1744 Β
1764 1711 1968 1765 gressa.
2004 1698 2131 1752 Erat
2165 1699 2307 1752 enim
2343 1699 2483 1770 gula:
2524 1708 2580 1755 et
2619 1715 2810 1754 somno
2834 1694 3035 1764 dedita,
3063 1710 3116 1755 et
3146 1701 3344 1757 nullam

86 1793 302 1860 phentiis
348 1794 577 1849 Gottltos
617 1808 963 1863 exaggerans.
994 1792 1178 1862 Illique
1207 1795 1472 1848 irruentes
1496 1809 1659 1863 super

87 1886 254 1951 ipsos,
299 1887 575 1953 reperiunt
618 1888 897 1955 epulantes
934 1886 1398 1957 inopinantesqtte.
1428 1887 1575 1942 Tunc
1606 1890 1656 1942 hi

84 1976 261 2029 dantes
284 1991 465 2042 voces,
497 1985 785 2046 exsurgunt
831 1987 1016 2031 contra
1038 1992 1155 2031 eos.
1193 1981 1260 2032 At
1290 1979 1360 2032 illi
1387 1980 1656 2048 paululum

85 2067 407 2130 resistentes,
436 2070 614 2138 fugam
637 2068 921 2135 simulant,
961 2070 1513 2139 prosequentibusque
1543 2071 1657 2126 istis

81 2167 393 2225 consurgunt
437 2160 528 2226 qui
563 2159 839 2225 praeparati
893 2166 1049 2213 erant
1074 2158 1142 2213 de
1188 2159 1415 2227 insidiis,
1441 2161 1658 2215 conclu-

81 2249 361 2317 dentesque
407 2265 501 2305 eos
529 2249 582 2303 in
607 2250 813 2317 medio,
840 2267 1009 2320 usque
1030 2253 1092 2304 ad
1116 2253 1535 2308 internecionem
1564 2270 1654 2308 ce-

81 2340 332 2396 ciderunt.
364 2342 465 2410 Qui
503 2352 680 2398 autem
732 2344 960 2399 evadere
1013 2353 1318 2413 potuerunt,
1347 2347 1431 2400 vix
1478 2349 1656 2416 equite

90 2430 186 2500 lAl.
206 2430 366 2503 equo]
397 2447 625 2487 ascenso
648 2444 671 2472 θ
699 2449 792 2503 per
821 2434 1000 2504 fugam
1049 2435 1240 2504 dilapsi
1269 2445 1414 2499 sunt,
1441 2451 1653 2490 onmem

82 2523 455 2590 supellectilem
489 2523 847 2594 relinquentes
869 2524 920 2577 in
949 2524 1124 2592 campi
1146 2524 1385 2593 planitie,
1417 2526 1656 2593 nihilque

82 2627 250 2667 secum
281 2614 349 2669 de
389 2615 553 2669 rebus
587 2614 811 2683 propriis
840 2613 1168 2679 auferentes,
1201 2614 1300 2668 hoc
1327 2630 1422 2681 pro
1460 2630 1655 2683 magno

79 2708 316 2764 ducentes
340 2711 387 2765 si
431 2710 511 2764 vel
535 2710 641 2764 vita
687 2709 1036 2765 donarentur.
1078 2711 1427 2775 lnsequentes
1475 2719 1652 2763 autem

80 2797 247 2853 Gottlti
280 2816 368 2855 res
396 2816 582 2855 eorum
607 2814 794 2855 omnes
819 2801 1116 2867 reperiunt,
1138 2800 1523 2869 diripiuntque,
1562 2817 1647 2868 pe-

80 2888 277 2945 destres
306 2907 495 2947 omnes
536 2894 780 2960 captivos
824 2892 1157 2947 abducentes
1193 2893 1652 2960 :cecsderuntque

84 2977 147 3031 ibi
177 2983 321 3049 quasi
344 2981 582 3051 quinque
607 2981 770 3035 millia
814 2982 1082 3045 virorum;
1105 2981 1299 3047 captivi
1328 2989 1507 3036 autem
1534 2996 1649 3037 ant-

1761 1788 1829 1842 de
1859 1787 2040 1842 ofﬁcio
2067 1789 2164 1844 Dei
2191 1805 2374 1844 curam
2415 1790 2639 1845 habens.
2671 1790 2952 1859 Negotium
3009 1807 3137 1847 vero
3168 1793 3344 1862 Ingel-

1765 1879 1938 1933 trttdis
1962 1890 2015 1934 et
2063 1880 2188 1934 lilia:
2229 1880 2347 1950 ejus
2397 1881 2555 1936 altius
2609 1882 2958 1950 repetendum
3004 1894 3149 1950 puto.
3182 1882 3343 1952 Igitur

1761 1979 1884 2025 ante
1908 1969 2006 2025 hos
2033 1985 2206 2026 annos
2230 1987 2351 2026 cum
2388 1972 2709 2042 Ingeltrudis
2730 1977 3113 2029 monasterium
3144 1976 3341 2043 puella-

1763 2075 1878 2113 ruut
1906 2061 2043 2115 infra
2068 2062 2260 2116 atrium
2311 2063 2482 2117 sancti
2521 2062 2758 2129 Martini,
2789 2070 2847 2117 ut
2884 2063 3139 2125 diximus,
3169 2065 3340 2118 collo-

1761 2164 1885 2205 care
1907 2153 2180 2220 cmpisset,
2215 2152 2337 2206 lilia:
2365 2167 2477 2208 sua:
2504 2153 2751 2208 mandata
2769 2154 2949 2219 mittit,
2975 2153 3159 2209 dicens
3188 2172 3201 2206 :
3237 2154 3340 2209 Ite-

1762 2240 1939 2307 linque
1969 2244 2141 2297 virum
2172 2252 2343 2309 tuum,
2373 2254 2427 2300 et
2453 2247 2572 2299 veni
2602 2256 2659 2299 ut
2688 2246 2880 2301 faciam
2910 2254 2966 2302 te
3010 2247 3337 2301 abbatissam

1759 2334 1905 2401 gregi
1939 2332 2064 2389 huic
2091 2349 2249 2404 quem
2271 2336 2624 2406 congregavi.
2652 2338 2721 2390 At
2749 2337 2836 2391 illa
2858 2378 2874 2401 ,
2903 2338 3083 2392 audito
3115 2340 3342 2394 levitatis

1759 2425 2010 2491 consilio,
2058 2441 2179 2482 cum
2234 2427 2351 2482 viro
2408 2427 2640 2483 Turonis
2691 2428 2940 2494 advenit;
2994 2430 3342 2500 ingressuque

1758 2520 2145 2575 monasterium
2181 2521 2388 2589 matris,
2416 2520 2632 2577 dicebat
2658 2521 2777 2576 viro
2805 2539 2819 2575 :
2862 2521 3165 2591 Regredere
3196 2521 3340 2586 hinc,

1762 2618 1817 2660 et
1844 2610 2080 2677 guberna
2113 2626 2200 2667 res
2226 2612 2529 2681 liberosque
2581 2620 2813 2676 nustros,
2840 2628 2959 2666 nam
2987 2627 3087 2680 ego
3118 2628 3222 2667 non
3253 2627 3341 2668 re-

1758 2713 1934 2759 vertar
1957 2714 2152 2759 tecum.
2185 2703 2300 2761 Non
2325 2703 2468 2760 enim
2500 2703 2700 2759 videbit
2724 2719 2942 2773 regnum
2970 2704 3064 2758 Dei
3091 2704 3340 2774 conjugio

1755 2797 2050 2866 copulatus.
2084 2795 2179 2852 Ille
2205 2812 2335 2853 vero
2378 2797 2445 2852 ad
2494 2812 2579 2852 me
2605 2797 2846 2861 veniens,
2890 2796 3155 2852 nuntiavit
3205 2796 3338 2854 mihi

1757 2890 1939 2943 omnia
1977 2905 2099 2959 quae
2144 2905 2174 2944 a
2214 2889 2441 2960 conjuge
2482 2889 2741 2945 audierat.
2769 2889 2919 2945 'l‘ut-c
2946 2906 3047 2961 ego
3073 2890 3338 2948 accedens

1757 2981 1821 3032 ad
1854 2980 2259 3045 monasterium,
2306 2996 2568 3035 canonum
2594 2980 2931 3037 Nicanorum
2986 2983 3205 3038 decreta
3255 2998 3337 3039 re-

84 3048 205 3135 plius
230 3048 385 3142 quam
421 3048 528 3127 duo
556 3071 720 3126 millia
766 3071 1031 3127 abierunt.
1064 3072 1210 3126 Multi
1259 3083 1436 3127 tamen
1467 3074 1534 3127 ab
1568 3073 1649 3128 his
1677 3048 1722 3109 C
1755 3069 1879 3140 legi,
1911 3071 1963 3124 in
1992 3072 2186 3140 quibus
2230 3072 2570 3127 continetur:
2600 3073 2733 3140 Quia
2778 3074 2824 3127 si
2849 3090 2964 3143 qua:
2996 3071 3015 3112 ί
3063 3075 3328 3135 reliquerit

86 3158 246 3224 laxati,
281 3165 555 3221 redierunt
582 3166 635 3218 in
667 3166 912 3231 patriam.

146 3255 353 3311 XXXII.
385 3257 703 3314 Commotus
722 3268 898 3311 autem
949 3274 1044 3313 rex
1075 3274 1104 3311 v
1129 3273 1189 3312 as
1219 3258 1394 3312 claudi
1441 3274 1536 3328 per
1564 3275 1645 3314 re-

88 3356 232 3411 gnum
267 3363 417 3401 suum
450 3348 728 3415 praecepit,
761 3363 828 3403 ne
854 3348 994 3402 ullus
1017 3349 1083 3403 de
1122 3347 1450 3404 Chiltleberti
1484 3364 1647 3416 regno

88 3448 169 3501 per
193 3438 301 3505 ejus
336 3454 482 3510 regni
536 3439 864 3494 territorium
915 3437 1155 3508 pervium
1199 3450 1384 3509 posset
1428 3439 1645 3507 habete,

90 3523 250 3583 dicens
276 3546 288 3582 :
316 3530 447 3594 Quia
475 3546 568 3596 per
594 3529 891 3599 nequitiam
921 3530 1059 3599 ejus,
1090 3530 1180 3600 qui
1217 3546 1337 3585 cum
1377 3547 1503 3601 rege
1554 3533 1646 3587 lli~

90 3619 275 3684 spania:
301 3620 473 3676 ftedus
496 3621 638 3684 iniit,
671 3621 939 3675 exercitus
982 3622 1183 3676 corruit
1223 3638 1394 3685 meus,
1417 3634 1473 3678 et
1509 3633 1565 3678 ut
1589 3640 1649 3680 se

95 3719 182 3760 non
203 3709 430 3765 subdant
463 3712 624 3765 urbes
672 3711 777 3764 ill-.e
823 3711 1006 3765 ditioni
1056 3727 1215 3778 uteie,
1245 3714 1359 3782 ejus
1402 3714 1503 3769 hoc
1549 3716 1646 3769 im-

97 3800 252 3854 tnissvo
281 3802 423 3857 facit.
459 3803 982 3858 Addituntestetiam
1013 3802 1134 3857 huic
1160 3804 1483 3858 causazaliud
1501 3819 1649 3859 ama-

96 3893 314 3952 ritudinis
342 3898 648 3951 incendium
672 3937 688 3962 ,
733 3896 872 3964 quod
903 3895 1278 3951 Childeberttts
1328 3913 1422 3950 rex
1478 3898 1643 3952 ﬁlium

98 4002 226 4041 suum
255 3991 541 4053 seniorem,
577 3990 1008 4045 Tlteodobertum
1061 3990 1299 4056 nomine,
1328 3990 1646 4045 Suessionas

94 4080 294 4150 dirigere
332 4083 605 4153 cogitabat
650 4102 664 4137 :
721 4099 839 4151 quae
892 4098 978 4137 res
1037 4082 1398 4151 suspicionem
1448 4082 1646 4136 fecerat

96 4172 463 4231 Gnntchramno
502 4176 635 4245 regi,
677 4175 885 4228 dicente
921 4174 1184 4241 eo:Quia
1234 4172 1285 4227 in
1316 4174 1416 4227 hoc
1475 4173 1641 4227 lilium

97 4278 222 4321 suum
246 4285 407 4337 nepos
438 4284 589 4323 meus
618 4269 936 4323 Suessiouas
978 4267 1179 4336 dirigit,
1214 4276 1269 4319 ut
1299 4265 1530 4320 Parisios
1558 4266 1643 4319 itt-

97 4359 215 4423 gredi
240 4358 414 4425 faciat,
444 4374 775 4429 regnumque
804 4373 978 4412 meum
1006 4356 1218 4412 auferre
1240 4357 1418 4424 cupiat
1453 4372 1464 4407 :
1498 4357 1639 4424 quod

100 4462 328 4519 nunquam
372 4450 750 4506 Cltildebertus
774 4448 859 4503 vel
902 4450 955 4502 in
996 4448 1338 4515 cogitatione,
1365 4448 1408 4500 si
1434 4446 1536 4501 dici
1561 4446 1640 4501 fas

102 4550 181 4604 est,
209 4542 395 4598 habere
418 4543 613 4612 potuit.
636 4540 794 4595 Multa
830 4551 1008 4595 autem
1050 4549 1106 4595 et
1154 4541 1206 4593 in
1239 4538 1637 4593 Brunichildetn

154 4711 177 4730 ι
199 4700 243 4749 1η
288 4696 407 4751 \‘at.
436 4706 491 4750 et
516 4694 668 4752 Cnlb.
700 4710 751 4749 a.
782 4694 1117 4748 desideratur
1159 4698 1257 4749 hoc
1293 4705 1451 4763 caput
1477 4695 1638 4749 simul

104 4775 192 4835 cant
208 4765 402 4821 duobus
430 4767 794 4835 sequentibus.

156 4833 176 4870 ι’
205 4836 374 4900 Iiegtn.
410 4833 741 4896 Hispaniam.
779 4839 845 4888 At
873 4850 992 4888 cum
1024 4834 1347 4902 Septimania
1377 4834 1633 4901 Wisigoto

106 4902 268 4978 Iliorum
294 4909 506 4978 regibus
534 4906 584 4958 in
614 4906 861 4978 Hispania
890 4916 1131 4973 pareret,
1165 4922 1267 4958 non
1298 4908 1465 4959 semel
1494 4907 1630 4961 alias

103 4985 127 5027 a
145 4974 374 5043 Gregorio
397 4979 593 5030 dic;tnr
622 4974 897 5043 Hispania.

160 5055 177 5082 ε
201 5044 393 5115 Regm..
426 5045 675 5112 equitibus
695 5047 937 5117 agcensis.
970 5045 1094 5117 ἰὼ,
1124 5061 1496 5117 ιᾳιιοναεεεηεο.
1519 5047 1628 5101 IIoc

105 5111 143 5163 in
160 5111 315 5183 mne
336 5111 573 5173 Francos
593 5117 656 5168 ad
672 5111 939 5184 sexaginta
959 5116 1118 5170 millia
1144 5111 1447 5183 profligatns
1465 5118 1625 5183 fuisse

104 5184 542 5249 aflirtnatlsidurus
579 5187 631 5239 in
674 5185 970 5248 Chronico,
995 5202 1101 5241 tera
1132 5185 1254 5250 (3:14,
1282 5190 1364 5238 ubi
1400 5187 1473 5240 ait
1508 5189 1623 5240 ttul-

104 5251 179 5309 Iatn
201 5273 412 5326 Unquam
444 5260 545 5311 ista
570 5256 827 5323 majorem
857 5257 1129 5309 victoriam
1153 5274 1179 5309 a
1212 5257 1418 5311 Gotthis
1452 5273 1611 5323 repnr

104 5333 221 5379 tatam
245 5330 416 5384 fuisse.
443 5327 592 5381 Idem
608 5328 762 5379 habet
787 5326 1020 5381 Joannes
1051 5326 1366 5379 Biclarethis
1386 5329 1437 5379 itt
1466 5326 1627 5380 Chro-

104 5394 206 5450 nico.
233 5399 514 5454 Reccaredi
546 5396 815 5450 exercitus
859 5399 1048 5449 ductor
1090 5408 1205 5449 erat
1241 5394 1495 5449 Claudius
1516 5398 1624 5450 dux

103 5462 351 5533 Ltnitanize,
376 5470 465 5524 ctti
512 5480 731 5519 sanettts
771 5466 1055 5531 Gregorius
1080 5466 1145 5518 .\l.
1188 5467 1475 5534 Cyriacnm.
1509 5486 1624 5520 mo-

103 5543 274 5595 nacltttm
312 5536 736 5594 COLtIIIIt.‘I|tItVtI.
774 5536 1066 5599 Eutndem,
1094 5536 1316 5602 ejusque
1366 5538 1414 5587 itt
1445 5539 1622 5599 Septi-

100 5612 272 5664 maniam
294 5624 554 5681 primum,
587 5605 859 5681 et_t:xitttle
906 5622 958 5681 ιιι
1017 5602 1301 5681 grano-iant
1330 5608 1625 5681 expeditio-

97 5675 371 5743 ttct.tland.tt
421 5680 622 5735 Paulus
653 5676 913 5732 Dzat'onus
937 5676 991 5732 itt
1034 5675 1122 5731 lib.
1149 5675 1217 5730 de
1249 5676 1376 5731 Vitis
1412 5677 1629 5732 l’att'unt

1751 3164 1942 3224 uirum,
1975 3172 2021 3215 et
2051 3171 2215 3215 torum
2260 3163 2313 3215 in
2360 3180 2458 3229 quo
2506 3164 2626 3218 bene
2656 3164 2777 3218 vixit
2807 3166 3077 3234 spreverit,
3110 3168 3285 3221 dicens
3314 3182 3336 3221 :

1754 3255 1889 3321 Quia
1918 3272 2019 3309 non
2052 3258 2116 3309 sit
2146 3257 2193 3310 ei
2226 3258 2385 3321 portio
2412 3258 2466 3311 in
2494 3258 2586 3311 illa
2633 3259 2846 3313 (celestis
2876 3260 3016 3329 regni
3046 3260 3215 3330 gloria
3242 3262 3334 3329 qui

1748 3348 1899 3416 fuerit
1921 3349 2164 3418 conjugio
2207 3347 2502 3414 copulatus,
2532 3349 2805 3403 anathema
2834 3350 2923 3405 sit.
2956 3351 3159 3416 Quibus
3180 3351 3334 3406 audi-

1750 3438 1817 3490 tis
1848 3436 2237 3507 Bet-tbegundis
2261 3450 2503 3493 metuens
2535 3452 2602 3493 ne
2621 3454 2650 3493 a
2673 3438 3041 3495 sacerdotibus
3076 3439 3166 3494 Dei
3185 3457 3335 3495 enm-

1749 3529 2002 3583 munione
2056 3530 2394 3599 privaretur,
2444 3544 2662 3600 egressa
2718 3532 3122 3598 monasterium,
3179 3532 3334 3589 rediit

1749 3636 1868 3675 cum
1899 3620 2014 3674 viro
2041 3635 2158 3674 suo.
2185 3620 2521 3689 Interpositis
2552 3630 2730 3675 autem
2773 3621 2943 3675 tribus
2985 3621 3066 3676 vel
3107 3632 3335 3689 quatuor

1747 3712 1920 3775 annis,
1947 3710 2136 3765 iterum
2183 3711 2431 3765 mandata
2485 3712 2653 3765 mittit
2680 3712 2747 3765 ad
2776 3727 2894 3766 eam
2917 3722 3110 3777 mater,
3135 3713 3331 3778 depre-

1754 3816 1883 3855 cans
1905 3815 2021 3855 eam
2057 3801 2125 3854 ad
2157 3815 2214 3855 se
2258 3802 2541 3855 accedere.
2574 3803 2642 3856 At
2689 3802 2776 3855 illa
2826 3806 3064 3858 oneratis
3106 3805 3330 3857 navibus

1749 3893 1906 3968 457
1933 3902 2039 3947 tam
2060 3892 2126 3947 de
2149 3893 2309 3947 rebus
2337 3893 2591 3962 propriis,
2623 3908 2780 3961 quam
2804 3894 2900 3949 viri
2925 3895 3031 3958 sui,
3053 3906 3328 3962 assumpto

1746 4001 1928 4044 secum
1954 4003 2058 4041 uno
2088 3987 2232 4050 ﬁlio,
2280 3989 2394 4043 viro
2420 3989 2661 4053 absente,
2707 3986 2937 4042 Turonis
2957 3993 3042 4041 est
3085 3986 3327 4054 appulsa.

1746 4080 1850 4138 Sed
1872 4096 1991 4136 cum
2023 4096 2050 4133 a
2080 4090 2250 4134 matre
2304 4089 2522 4149 propter
2551 4078 2943 4149 improbitatem
2965 4079 3063 4133 viri
3109 4079 3328 4135 retineri

1747 4188 1853 4227 non
1884 4180 2084 4242 posset,
2113 4171 2320 4225 scilicet
2350 4187 2416 4225 ne
2443 4171 2770 4227 calumniam
2814 4186 2933 4240 qua:
2964 4170 3080 4239 ejus
3104 4169 3231 4225 dolo
3253 4173 3327 4224 fa-

1746 4265 1945 4321 bricata
1976 4266 2146 4319 fuerat
2172 4264 2466 4334 exciperet,
2495 4264 2561 4317 ad
2620 4262 3060 4319 Bertcltramnutn
3108 4277 3327 4332 germa-

1750 4371 1877 4408 num
1903 4355 2045 4423 ejus,
2073 4353 2234 4409 ﬁlium
2259 4355 2503 4409 videlicet
2524 4369 2698 4421 suum,
2748 4352 3154 4421 Burdegalensis
3176 4355 3326 4409 urbis

1743 4447 2073 4516 episcopum,
2105 4464 2221 4503 eam
2247 4448 2467 4502 direxit.
2491 4448 2853 4517 Prosequeute
2881 4447 3043 4515 igitur
3066 4463 3184 4503 eam
3209 4450 3310 4503 virt

1740 4537 1855 4608 ejus
1881 4539 2126 4594 dicebat:
2162 4540 2295 4606 Quia
2319 4538 2435 4594 sine
2481 4539 2703 4594 consilio
2733 4548 3013 4609 parentum
3038 4555 3157 4596 eam
3192 4555 3294 4597 con

1745 4698 2179 4753 Etneritcnsium.

1811 4768 1975 4843 d_l|oc
2000 4769 2379 4843 monasterium
2404 4772 2556 4843 intra
2606 4771 2773 4825 sancti
2807 4772 3019 4827 Martini
3047 4782 3192 4843 septa
3217 4774 3307 4826 diu

1740 4840 2127 4899 stetil,sancla:
2158 4840 2337 4893 Mariae
2381 4842 2449 4895 de
2498 4842 2762 4895 Serittiolo
2808 4840 3122 4907 dictnm;ai
3171 4846 3311 4896 eiren

1742 4909 1919 4963 saeculi
1954 4911 2215 4963 undecimi
2236 4910 2441 4964 initium
2469 4913 2536 4965 ab
2557 4912 2764 4967 Ilerveo
2788 4913 3117 4968 thes-aurario
3141 4922 3313 4967 trans-

1741 4981 1901 5033 latum
1932 4988 2016 5033 est
2076 4982 2125 5031 itt
2155 4982 2382 5034 vicinum
2431 4985 2643 5047 collem,
2697 4984 2784 5050 qui
2814 4987 2884 5036 ob
2925 4986 3062 5037 situs
3089 4983 3313 5036 autumi-

1739 5057 2269 5117 tatem,gratumque
2318 5064 2659 5119 prospectum
2699 5053 3033 5106 Bellnstuons
3075 5052 3318 5118 appella-

1737 5129 1850 5243 tuli],
1876 5120 1963 5173 ubi
2008 5119 2269 5188 hodieque
2306 5121 2517 5186 visitur,
2548 5123 2717 5175 sancti
2770 5121 3042 5176 Benedicti
3094 5122 3321 5191 ltegulaa

1737 5206 1762 5243 a
1842 5204 2020 5243 tClum.

1732 5192 2020 5244 addicmm.

1810 5270 1833 5297 ⁸
1868 5261 2077 5327 Itegm.,
2113 5257 2537 5312 Cenomannirum
2561 5261 2951 5325 monasterium;
2972 5261 3171 5330 aliquot
3198 5261 3315 5316 edi-

1734 5328 1771 5383 li
1820 5345 1938 5383 Cum
1968 5330 2391 5398 lincuiregressa.

1805 5398 1824 5437 ί
1855 5401 2066 5468 κρεωη
2102 5397 2161 5470 Si
2189 5397 2304 5467 qua:
2330 5399 2509 5470 mulier
2536 5411 2752 5453 urorum
2780 5400 3060 5470 reliquerit.
3094 5402 3315 5459 Videtur

1729 5484 1846 5523 esse
1873 5485 2045 5523 canon
2080 5468 2140 5520 ιιι
2181 5484 2333 5540 conc.
2360 5469 2709 5537 Gangrensis,
2736 5468 3188 5540 qttod'cnncilitttn
3214 5490 3312 5528 ve~

1732 5550 1869 5615 teres
1894 5540 2107 5615 Memno
2142 5539 2472 5615 subjtmgcrc
2514 5541 2799 5609 solebant;
2833 5543 2989 5615 idque
3013 5547 3209 5600 indicat
3237 5544 3313 5602 t't-

1670 5646 1683 5661 .
1732 5612 1867 5665 talus
1897 5611 1946 5663 in
1984 5612 2254 5666 veteribus
2283 5612 2513 5680 scriptis.
