3942 6190
596 210 690 290 sti
1553 232 1611 288 s.
1654 228 1978 287 cnseonu
2019 222 2324 282 EPISCOI‘I
2368 224 2803 281 TURONENSIS
3749 223 3847 276 an

593 345 740 416 jugio
777 343 1062 411 copulasti,
1091 359 1195 396 non
1224 345 1330 398 crit
1380 360 1514 397 uxor
1541 352 1653 397 tua.
1689 345 1854 397 Erant
1900 343 2041 397 enim
2067 342 2174 408 jam
2207 342 2249 397 Λ
2281 352 2462 406 regem
2484 336 2635 402 abiit,
2667 337 2818 407 quasi
2845 336 3011 390 filiam
3067 336 3408 391 exltmredem
3459 335 3643 390 datura
3667 335 3734 389 de
3783 340 3848 387 fa-

602 440 713 493 fere
736 438 947 508 triginta
968 437 1115 501 anni,
1150 452 1213 491 ex
1238 452 1345 506 quo
1390 438 1665 505 conjuncti
1708 437 1904 503 pariter
1945 434 2176 489 fuerant.

598 530 740 584 Adiit
769 529 912 583 enim
945 530 1025 582 vir
1053 528 1170 597 ejus
1216 529 1532 598 plerumque
1583 528 1770 581 urbem
1826 526 2180 595 Burdcgalcn-

597 634 742 685 sem;
774 622 866 675 sed
901 620 1205 675 noluiteam
1248 624 1534 689 episcopus
1589 620 1888 674 restituere.
1922 617 2053 697 Cum
2084 634 2180 670 an-

600 721 707 765 tem
735 726 831 765 rex
874 710 1307 765 Guntchranmus
1352 711 1418 766 ad
1474 710 1913 766 Aurelianensem
1969 710 2178 773 urbetn,

599 803 735 856 sicut
770 806 822 856 in
848 804 1124 871 superiore
1146 804 1284 855 libro
1330 804 1743 857 memoravimus
1774 811 1824 865 ι,
1856 800 2180 865 advenisset,

604 895 675 948 ibi
706 910 827 949 eum
859 895 1034 948 acrius
1064 894 1153 948 hic
1197 895 1276 947 vir
1309 896 1621 964 impugnare
1679 894 1858 948 verbis
1888 893 2068 961 cmpit,
2102 892 2184 945 (Ιί-

601 997 731 1037 cens
762 1000 776 1038 :
812 983 1089 1038 Abstuliin
1123 998 1343 1038 uxorem
1370 998 1541 1038 meam
1565 998 1686 1037 cum
1714 983 1926 1037 famulis
1952 983 2091 1052 ejus.
2121 984 2184 1036 Et

603 1090 750 1141 ecce,
777 1075 915 1142 quod
942 1075 1274 1131 sacerdotem
1328 1090 1434 1129 non
1490 1074 1667 1141 decet,
1701 1086 1755 1129 tu
1796 1090 1921 1129 cum
1975 1074 2184 1129 ancillis

613 1167 770 1229 meis,
804 1176 858 1222 et
896 1167 981 1222 illa
1011 1183 1132 1221 cum
1166 1167 1375 1222 famulis
1405 1168 1507 1222 tuis
1533 1169 1767 1223 dedecus
1791 1166 2040 1222 adulterii
2070 1183 2188 1235 per-

615 1259 858 1325 petratis.
882 1258 1032 1312 Tunc
1057 1259 1234 1313 furore
1258 1268 1561 1313 commotus
1615 1274 1731 1325 rex,
1774 1258 2021 1312 astrinxit
2065 1258 2182 1325 epi-

610 1363 855 1417 scopum,
887 1357 945 1404 ut
991 1349 1333 1418 polliceretur
1352 1365 1471 1406 eam
1505 1351 1729 1406 reddere
1773 1352 1910 1417 viro,
1958 1350 2181 1406 dicens:

603 1440 736 1505 Quia
762 1454 955 1508 parens
986 1454 1103 1496 mea
1134 1439 1249 1496 brec
1285 1451 1368 1497 est
1403 1461 1417 1494 :
1447 1441 1493 1496 si
1523 1443 1811 1511 quidquam
1856 1441 1982 1495 mali
2031 1456 2186 1496 exer-

603 1532 711 1584 ruit
736 1530 788 1584 in
832 1530 994 1585 domo
1038 1530 1139 1585 viri
1171 1531 1275 1598 sui,
1325 1547 1425 1602 ego
1481 1533 1850 1600 ulciscar;sin
1898 1531 2062 1599 aliud,
2090 1548 2186 1587 cur

607 1621 708 1675 sub
735 1620 880 1674 omni
909 1620 1254 1676 deformitate
1285 1623 1533 1677 redactus
1563 1623 1646 1677 vir
1669 1622 1697 1662 ι’
1722 1624 1919 1693 conjux
1948 1624 2064 1691 ejus
2092 1638 2184 1678 au-

2282 431 2477 484 cnltate
2501 440 2739 498 paterna.
2772 430 2921 484 Acin
2948 430 3231 498 praesentia
3261 428 3404 499 regis
3431 444 3706 498 exponens
3729 445 3845 484 cau-

2283 535 2389 585 sas,
2421 523 2523 576 lilia
2557 521 2803 586 absente,
2835 522 3128 590 indicatum
3176 531 3260 576 est
3304 522 3439 575 eiut
3483 532 3669 589 quarta
3719 532 3845 588 parte

2284 610 2404 667 filia:
2427 616 2694 680 restituta,
2725 626 2831 670 tres
2859 632 2977 671 cum
3023 618 3308 686 nepotibus
3329 618 3463 682 suis,
3486 631 3618 682 quos
3662 616 3731 670 de
3757 616 3845 667 lilio

2284 718 2390 757 uno
2426 705 2674 771 habebat,
2727 708 2988 776 reciperet
3024 725 3037 761 :
3070 708 3123 763 in
3168 725 3268 777 qua
3300 723 3460 763 causa
3506 707 3847 761 Tlteutharms

2286 796 2582 867 presbyter,
2607 798 2697 867 qui
2728 815 2897 866 nuper
2938 815 3003 854 ex
3038 800 3403 855 referendario
3432 799 3681 869 Sigiberti
3725 802 3848 867 regis

2284 901 2574 941 conversus
2595 930 2608 946 .
2630 890 2959 960 presbyterii
2991 891 3248 945 honorem
3280 891 3511 958 accepit.
3540 892 3779 955 accessit,
3800 901 3853 943 ut

2287 976 2425 1031 hanc
2458 977 2775 1035 divisionem
2820 983 2971 1049 juxta
3027 984 3167 1049 regis
3217 982 3501 1051 imperium
3548 982 3845 1035 celebraret.

2284 1065 2391 1120 Sed
2422 1068 2710 1124 resistente
2738 1070 2864 1138 filia,
2899 1089 2998 1128 nec
3027 1072 3219 1127 divisio
3247 1073 3408 1138 facta,
3437 1088 3538 1129 nec
3562 1074 3850 1128 seandalum

2286 1159 2588 1212 resedatum
2614 1170 2703 1214 est
2727 1159 2776 1216 ἀ.

2360 1248 2598 1307 XXXIV.
2642 1252 2926 1323 Rigunthis
2954 1264 3131 1311 autem
3154 1255 3255 1310 lilia
3278 1254 3570 1325 Chilperici
3586 1295 3600 1318 ,
3622 1270 3737 1311 cum
3760 1270 3851 1309 sre-

2289 1341 2406 1410 pius
2446 1346 2603 1399 matri
2643 1346 2939 1402 calumnias
2989 1349 3245 1417 inferret,
3296 1350 3612 1418 diceretque
3654 1365 3711 1405 se
3746 1364 3853 1405 esse

2287 1434 2595 1502 dominam,
2640 1438 3061 1509 genitricemque
3103 1455 3254 1495 suam
3299 1441 3521 1496 servitio
3560 1440 3804 1496 redhiberi
3835 1485 3853 1507 ,

2288 1535 2342 1581 et
2372 1527 2555 1583 multis
2585 1543 2701 1583 eam
2732 1537 2789 1585 et
2816 1529 3009 1586 crebro
3032 1532 3294 1587 conviciis
3335 1532 3648 1597 lacessiret,
3686 1545 3745 1585 ac
3777 1531 3853 1585 in-

2293 1621 2501 1677 terdum
2545 1623 2737 1693 pugnis
2775 1637 2836 1680 se
2881 1624 3159 1696 alapisque.
3197 1624 3501 1689 caederent,
3529 1627 3606 1680 ait
3646 1624 3709 1680 ad
3743 1639 3853 1678 eam

602 1709 810 1767 fertur?
840 1714 990 1767 Tunc
1021 1713 1434 1768 Bertchramnus
1473 1715 1756 1784 episcopus
1786 1715 2055 1784 pollicitus
2079 1724 2182 1781 est,
2218 1713 2263 1773 Β
2292 1724 2494 1768 mater:
2524 1714 2660 1780 Quid
2690 1714 2817 1770 mihi
2850 1716 3075 1771 molesta
3108 1731 3200 1783 es,
3235 1718 3388 1771 filia?
3420 1718 3561 1773 Ecce
3589 1731 3674 1770 res
3703 1717 3857 1785 patris

603 1801 787 1857 dicens
811 1818 825 1856 :
851 1800 1013 1856 Venit
1034 1802 1098 1856 ad
1131 1818 1236 1867 me,
1274 1802 1462 1871 fateor,
1496 1819 1651 1858 soror
1677 1819 1792 1859 mea
1850 1814 1969 1873 post
1990 1806 2183 1861 multo-

604 1908 724 1948 rum
751 1909 1014 1948 annorum
1037 1896 1327 1957 curricula,
1356 1911 1514 1964 quam
1542 1911 1637 1964 pro
1661 1896 1935 1951 charitatis
1957 1913 2017 1952 ac
2042 1898 2184 1953 desi-

602 1985 737 2040 derii
762 1985 940 2040 studio
971 1987 1113 2040 tenui
1147 2000 1355 2041 mecum
1405 1996 1462 2041 ut
1493 1986 1669 2042 libuit.
1703 1987 1857 2042 Nunc
1899 1998 2076 2043 autem
2102 2004 2185 2043 re-

600 2076 765 2131 cessit
801 2091 832 2130 a
887 2091 1000 2142 me;
1047 2079 1285 2147 requirat
1333 2093 1473 2132 nunc
1521 2092 1661 2144 eam,
1718 2091 2036 2148 revocetque
2077 2093 2184 2148 quo

605 2170 873 2235 voluerit;
914 2185 1000 2225 me
1028 2170 1244 2225 obvium
1275 2186 1381 2225 non
1436 2171 1669 2225 habebit.
1700 2171 1766 2225 Et
1813 2172 1927 2226 haec
1976 2172 2181 2237 dicens,

604 2261 754 2317 misit
775 2265 914 2317 clam
938 2264 1152 2317 nuntios
1171 2264 1236 2316 ad
1257 2278 1393 2327 eam,
1422 2263 1681 2317 mandans
1708 2271 1787 2326 ut,
1817 2272 1963 2318 veste
1984 2273 2182 2317 mutata

602 2368 667 2408 ac
699 2354 1012 2422 paenitentia
1043 2364 1282 2419 accepta,
1312 2353 1582 2406 basilicam
1615 2354 1782 2407 sancti
1826 2355 2036 2409 Martini
2086 2369 2186 2409 ex-

576 2453 811 2511 peteret
835 2460 851 2498 :
874 2446 1017 2507 quod
1048 2445 1223 2500 facere
1270 2446 1358 2499 illa
1390 2460 1495 2501 non
1546 2447 1773 2501 distulit.
1803 2449 2062 2517 \‘enitque
2102 2450 2185 2504 vir

603 2537 722 2606 ejus
751 2552 872 2593 cum
896 2538 1078 2592 multis
1109 2539 1511 2608 insequentibus
1540 2540 1690 2604 viris,
1719 2554 1773 2595 ut
1826 2557 1945 2596 eam
1977 2558 2041 2597 ex
2066 2544 2184 2612 ipSo

607 2630 729 2683 loco
749 2637 937 2683 sancto
959 2627 1200 2697 ejiceret.
1235 2629 1364 2684 Erat
1407 2631 1550 2686 enim
1607 2632 1657 2686 in
1703 2643 1855 2687 veste
1909 2634 2178 2704 religiosa,

600 2733 852 2774 asserens
879 2733 939 2774 se
978 2721 1249 2790 accepisse
1286 2722 1676 2787 paenitentiam.
1707 2733 1731 2762 ο
1764 2722 1872 2779 Sed
1902 2726 2073 2779 virum
2100 2740 2183 2779 se—

602 2812 692 2878 qui
714 2810 978 2880 despexit.
1017 2811 1222 2866 Interea
1251 2812 1505 2869 defuncto
1547 2815 1686 2883 apud
1733 2816 2181 2886 Burdegalensem

603 2904 785 2960 urbem
812 2904 1194 2960 Bertchramno
1216 2906 1487 2976 episcopo,
1516 2906 1630 2962 [nec
1649 2908 1714 2962 ad
1740 2922 1797 2963 se
1824 2923 2036 2964 reversa
2066 2910 2141 2964 ait
2165 2926 2180 2965 :

600 2994 693 3051 Va:
721 2998 852 3053 mihi
880 3014 999 3067 qua:
1027 2999 1201 3053 audivi
1231 2999 1515 3055 consilium
1558 3001 1744 3055 matris
1775 3002 2002 3071 iniquas!
2045 3002 2182 3057 Ecce

2289 1804 2396 1869 tui,
2426 1818 2548 1874 quae
2578 1819 2745 1872 penes
2775 1821 2860 1861 me
2892 1807 3178 1873 habentur,
3208 1807 3421 1876 accipe,
3448 1816 3505 1861 et
3533 1815 3685 1861 utere
3706 1806 3776 1861 eis
3801 1816 3856 1857 ιιι

2286 1894 2438 1948 libet.
2494 1896 2558 1949 Et
2600 1896 2837 1964 ingressa
2879 1897 2931 1951 in
2965 1906 3234 1966 regestum
3263 1897 3519 1952 reseravit
3545 1911 3719 1951 arcam
3747 1909 3854 1946 mo.

2288 1986 2487 2039 nilibus
2524 1987 2971 2057 ornamentisque
3010 1988 3263 2057 pretiosis
3303 1989 3555 2042 refertam
3596 2007 3607 2039 :
3655 1989 3719 2042 de
3760 2002 3859 2052 qua

2290 2092 2412 2131 cum
2463 2078 2770 2133 diutissime
2818 2095 2906 2134 res
2952 2081 3192 2135 diversas
3240 2080 3532 2137 extrahens
3560 2080 3716 2152 [‘59
3741 2078 3860 2131 filiae

2289 2158 2487 2222 astanti
2530 2170 2859 2238 porrigeret.
2904 2172 2979 2225 ait
3017 2172 3082 2226 ad
3122 2186 3278 2226 eam:
3318 2173 3435 2228 lam
3486 2170 3627 2227 enim
3673 2173 3858 2225 lassata

2288 2275 2430 2314 sum.
2466 2260 2700 2315 lmmitte
2732 2269 2785 2314 tu
2806 2301 2821 2326 ,
2850 2261 3059 2330 inquit,
3094 2276 3309 2317 manum
3330 2304 3346 2328 ,
3375 2271 3430 2317 et
3458 2262 3597 2331 ejice
3623 2261 3750 2329 quod
3783 2261 3859 2313 in-

2289 2353 2527 2407 veneris.
2566 2353 2808 2421 Cumqne
2850 2353 2942 2407 illa
2984 2354 3228 2408 immisso
3268 2353 3487 2408 brachio
3523 2368 3612 2407 res
3647 2351 3708 2406 de
3739 2365 3857 2405 arca

2292 2445 2654 2509 abstraheret,
2685 2446 3022 2515 apprehenso
3050 2455 3223 2502 mater
3247 2447 3521 2516 opertorio
3549 2458 3680 2499 arcae
3704 2457 3855 2512 super

2286 2538 2550 2593 cervicem
2598 2537 2715 2607 ejus
2768 2538 2941 2593 illisit.
2994 2540 3145 2607 Quod
3175 2554 3293 2592 cum
3327 2539 3377 2592 in
3408 2536 3708 2591 fortitudine
3741 2550 3854 2603 pre-

2287 2638 2494 2695 meret,
2534 2640 2695 2700 atque
2724 2631 2902 2701 gulam
2934 2632 3051 2700 ejus
3080 2631 3197 2685 axis
3225 2628 3446 2684 inferior
3476 2629 3546 2683 ita
3576 2634 3816 2681 attereret
3841 2666 3854 2687 ,

2288 2724 2538 2779 utetiam
2569 2726 2714 2779 oculi
2752 2724 2817 2778 ad
2859 2727 3186 2795 crepandum
3231 2725 3397 2793 parati
3438 2732 3651 2783 essent.
3691 2721 3853 2776 excla-

2287 2816 2457 2869 mavit
2486 2831 2591 2870 una
2624 2817 2924 2884 puellarum
2952 2834 3072 2887 quae
3103 2825 3221 2872 erat
3248 2815 3574 2869 intrinsecus
3599 2818 3725 2867 vace
3751 2825 3853 2863 ma-

2288 2922 2390 2975 gna
2410 2947 2425 2972 ,
2457 2908 2681 2963 dicens:
2715 2906 2963 2973 Currite,
2989 2924 3202 2978 qureso,
3236 2906 3438 2961 currite
3464 2922 3478 2957 :
3509 2919 3634 2960 ecce
3658 2901 3851 2957 domina

2291 3012 2405 3053 mea
2436 3013 2463 3051 a
2499 2999 2756 3065 genitrice
2799 3014 2895 3055 sua
2924 2999 3158 3068 graviter
3200 2997 3531 3067 suggillatur.
3577 2996 3639 3050 Et
3673 2995 3852 3049 irrum-

603 3091 768 3145 frater
796 3105 947 3146 mens
968 3090 1122 3158 obiit,
1155 3091 1321 3164 458
1346 3108 1473 3148 ecce
1496 3111 1521 3145 a
1558 3094 1674 3149 viro
1699 3095 1951 3151 derelicta
1985 3111 2126 3159 sum,
2154 3112 2181 3149 a
2209 3088 2255 3148 C
2290 3100 2477 3157 pentes
2502 3092 2754 3145 cellulam
2780 3132 2794 3156 ,
2820 3093 2910 3163 qui
2940 3105 3120 3145 coram
3151 3089 3357 3144 foribus
3379 3103 3567 3144 eorum
3598 3086 3851 3155 prestola-

603 3184 725 3238 tiliis
756 3194 996 3254 separata
1030 3203 1043 3237 :
1076 3194 1132 3240 et
1155 3201 1261 3255 quo
1307 3187 1392 3240 ibo
1423 3186 1629 3256 infelix,
1655 3188 1736 3243 vel
1786 3188 1912 3258 quid
1962 3189 2186 3244 faciam?

602 3276 753 3329 Tunc
775 3275 955 3330 habito
980 3278 1209 3331 consilio
1231 3277 1504 3332 Pictavnm
1536 3280 1730 3349 pergit,
1763 3282 2044 3351 voluitque
2068 3298 2185 3338 eam

602 3376 771 3422 mater
789 3369 1022 3422 retinere
1048 3383 1252 3432 secum,
1278 3370 1371 3423 sed
1396 3373 1609 3439 penitus
1633 3387 1736 3425 non
1763 3374 1952 3441 potuit.
1982 3374 2053 3427 Ex
2082 3373 2185 3429 hoc

601 3457 874 3515 inimicitia
896 3460 1172 3521 orta,dum
1204 3459 1399 3528 saepius
1424 3462 1562 3530 regis
1581 3464 1919 3529 prmsentiam
1951 3463 2172 3533 adeunt,

600 3558 656 3604 et
678 3549 792 3604 haec
814 3563 901 3604 res
932 3551 1101 3619 patris
1143 3550 1429 3606 defensare
1485 3554 1730 3621 cupiens.
1762 3554 1877 3607 hmc
1901 3555 2022 3621 viri,
2050 3555 2183 3609 Ber-

602 3642 892 3712 thegundts
920 3642 1265 3697 donationem
1319 3643 1689 3699 Bertchramni
1722 3648 1958 3717 germani
1989 3648 2069 3703 sui
2099 3664 2185 3702 os-

602 3734 793 3798 tendit,
815 3733 1001 3787 dicens
1022 3752 1034 3787 :
1055 3733 1186 3801 Quia
1214 3733 1327 3790 haec
1356 3746 1408 3790 et
1433 3738 1545 3791 haec
1574 3736 1704 3792 mihi
1728 3754 2011 3808 germanus
2036 3755 2186 3794 meus

600 3826 846 3880 contulit.
880 3824 986 3879 Sed
1013 3837 1182 3879 mater
1205 3826 1319 3893 ejus
1351 3842 1452 3880 non
1498 3828 1787 3881 admittens
1818 3828 2181 3894 donationem,

600 3914 779 3969 omnia
802 3916 902 3969 sibi
927 3915 1199 3970 vindicare
1224 3917 1465 3985 cupiens,
1494 3919 1636 3970 misit
1664 3920 1752 3986 qui
1778 3919 1994 3973 effracta
2025 3922 2186 3974 domo

599 4005 717 4072 ejus
743 4021 932 4061 omnes
961 4021 1049 4061 res
1078 4007 1220 4061 illius
1245 4022 1364 4062 cum
1395 4007 1496 4062 hac
1547 4010 1837 4065 donatione
1879 4013 2135 4080 diriperet
2167 4028 2183 4066 :

600 4098 743 4153 unde
773 4100 1003 4167 seipsam
1049 4100 1278 4169 genitrix
1320 4100 1558 4155 reddidit
1603 4102 2029 4170 comprobatam,
2062 4118 2183 4157 cum

600 4188 667 4241 de
694 4186 853 4242 rebus
883 4188 1012 4255 ipsis
1034 4188 1332 4257 insequenti
1365 4190 1491 4245 filias
1521 4192 1763 4257 quaedam
1792 4194 2057 4261 repetenti
2078 4195 2187 4250 dis-

602 4281 757 4335 tricta
788 4282 1043 4336 restituit.
1076 4282 1180 4337 Sed
1209 4299 1333 4337 cum
1366 4287 1560 4354 smpins
1592 4301 1711 4355 ego,
1754 4286 1838 4341 vel
1879 4288 2043 4344 frater
2085 4308 2181 4346 no-

601 4385 713 4434 ster
744 4375 1024 4436 blarovetts
1055 4377 1359 4451 episcopus,
1379 4380 1609 4451 acceptis
1636 4380 1903 4451 regalibus
1921 4385 2183 4453 cpismlis,

2290 3182 2483 3236 bantur
2523 3183 2845 3251 adventum,
2890 3192 3095 3238 erutam
3131 3191 3154 3220 ο
3194 3182 3265 3238 ab
3307 3182 3608 3237 imminenti
3655 3178 3851 3235 interitu

2292 3274 2520 3342 puellam
2548 3275 2850 3331 eduxerunt
2877 3274 3042 3329 foras.
3072 3274 3199 3329 Post
3224 3279 3323 3329 ista
3347 3291 3480 3330 vero
3502 3276 3639 3329 inter
3657 3272 3853 3327 easdem

2290 3367 2583 3422 inimicitia:
2629 3369 2999 3425 vehementius
3043 3369 3399 3435 pullulantes,
3438 3379 3492 3424 et
3536 3383 3638 3422 non
3672 3367 3737 3422 de
3762 3366 3852 3419 alia

2294 3475 2459 3515 causa
2502 3461 2764 3526 maxime,
2799 3461 2901 3515 nisi
2926 3462 3050 3528 quia
3082 3460 3367 3531 Rigunthis
3394 3460 3652 3515 adulteria
3679 3473 3855 3525 seque-

2294 3552 2475 3619 batur,
2507 3566 2725 3620 semper
2753 3568 2873 3608 cum
2905 3554 3110 3607 c'sdem
3143 3555 3273 3606 rixae
3303 3560 3359 3607 et
3385 3552 3563 3606 caedes
3591 3558 3755 3605 erant.

2362 3645 2578 3699 XXXV.
2626 3645 2932 3699 Beretrudis
2988 3644 3008 3685 τ
3067 3660 3196 3699 vero
3235 3646 3474 3700 moriens
3515 3644 3675 3700 ﬁliam
3715 3658 3851 3699 suam

2290 3738 2556 3793 haeredem
2587 3737 2851 3801 instituit,
2898 3738 3207 3807 relinquens
3251 3738 3516 3806 qnzepiam
3559 3737 3639 3791 rel
3679 3751 3845 3791 mona-

2288 3831 2470 3884 steriis
2500 3831 2795 3898 puellarum
2826 3846 2946 3900 qua:
2988 3832 3102 3898 ipsa
3146 3830 3478 3898 instituerat,
3507 3830 3589 3884 vel
3630 3828 3853 3883 ecclesiis

2288 3923 2403 3977 sive
2433 3922 2666 3978 basilicis
2706 3922 3073 3979 confessorum
3128 3935 3457 3977 sancaorum.
3493 3921 3598 3978 Sed
3630 3921 3847 3983 Wadilo,

2288 4013 2440 4080 cujus
2468 4013 2519 4068 in
2549 4016 2826 4084 superiore
2857 4013 2991 4067 libro
3023 4013 3362 4066 meminimus
3392 4022 3447 4076 α,
3488 4012 3801 4081 qui-rebatur
3825 4024 3847 4057 ιι

2289 4121 2487 4176 genero
2516 4108 2632 4176 ejus
2660 4119 2826 4174 equos
2853 4120 2980 4159 suos
3006 4102 3174 4159 fuisse
3213 4105 3448 4172 direptos
3473 4120 3485 4155 :
3517 4102 3849 4170 c0gitavitque

2291 4199 2553 4253 accedere
2580 4197 2646 4250 ad
2677 4197 2855 4250 villam
2883 4197 3002 4266 ejus
3031 4211 3190 4251 unam
3211 4237 3227 4263 ,
3276 4210 3435 4264 quam
3480 4195 3760 4264 reliquerat
3795 4190 3849 4241 li-

2291 4292 2405 4351 lim,
2445 4304 2563 4358 quae
2603 4290 2736 4344 infra
2780 4289 3055 4343 l’ictavum
3104 4290 3396 4344 terminum
3447 4294 3596 4351 erat,
3645 4286 3846 4339 dicens:

2292 4382 2387 4435 llic
2425 4396 2452 4433 a
2494 4394 2660 4449 regno
2700 4380 2924 4434 alterius
2964 4380 3187 4435 veniens
3225 4378 3451 4447 diripuit
3486 4392 3655 4445 equos
3684 4390 3847 4437 meos,

602 4482 656 4522 nt
683 4487 777 4525 eas
805 4471 1088 4541 pacificare
1139 4474 1483 4539 deberemus,
1529 4474 1919 4542 Ilerthegnndis
1966 4479 2180 4532 advenit
2211 4470 2256 4529 Ι)
2284 4480 2337 4528 et
2367 4486 2466 4543 ego
2493 4470 2736 4526 auferam
2774 4470 2950 4525 villam
2982 4469 3119 4540 ejus.
3156 4469 3363 4523 Interea
3410 4469 3713 4522 mandatum
3744 4464 3845 4517 tuit-

539 4616 556 4642 ,
602 4563 943 4629 Turonis;in
982 4563 1242 4633 judiciutn
1283 4579 1495 4634 quoque
1537 4565 1881 4622 accedentem
1908 4572 2180 4637 coegimus

600 4668 748 4725 eam,
792 4654 1103 4722 inqnantum
1155 4656 1446 4722 potuimus,
1500 4657 1763 4711 rationem
1811 4659 1982 4727 sequi,
2014 4669 2182 4715 mater

602 4761 734 4801 vero
752 4745 867 4813 ejus
893 4743 1032 4798 flecti
1068 4760 1172 4799 non
1215 4745 1407 4813 potuit.
1457 4746 1609 4800 Tunc
1663 4761 1886 4803 accensa
1934 4748 2081 4817 felle,
2113 4752 2178 4805 ad

682 4934 706 4961 α
722 4922 838 4978 Lib.
856 4936 967 4981 vnt.
982 4935 1103 4989 cap.
1124 4919 1145 4972 l
1168 4929 1223 4973 et
1251 4919 1305 4983 ἓ,
1325 4920 1411 4974 ubi
1428 4921 1788 4978 Guutramnns
1808 4927 2173 4982 Bertramnmn

603 4996 704 5049 sibi
746 5011 811 5050 ex
852 5004 1011 5065 "turre
1040 5002 1301 5065 parentem
1335 4995 1612 5065 agnoscit,
1642 4996 1783 5060 quod
1818 4998 2132 5065 lngeltrndis
2158 5039 2175 5063 ,

603 5078 657 5121 nt
689 5073 873 5120 cen~et
906 5061 1178 5128 Valesius,
1215 5078 1330 5128 qua:
1362 5061 1658 5116 Bertranmi
1702 5061 2052 5134 tuater'erat,
2082 5061 2166 5124 s04

603 5154 694 5191 ror
722 5138 879 5191 fuerit
913 5134 1161 5203 lnguudis
1192 5145 1243 5188 et
1266 5134 1568 5206 Aregundis
1589 5134 1848 5191 Chlotarii
1875 5136 1895 5191 Ι
1926 5155 2173 5206 uxorum,

603 5208 933 5275 proinileque
960 5205 1275 5261 Guntramni
1318 5215 1622 5261 matertera.

675 5278 699 5315 δ
734 5279 827 5332 Sic
856 5277 1005 5332 Colb.
1041 5293 1112 5331 ιιι.
1146 5288 1197 5328 et
1228 5278 1350 5330 Bec.
1380 5276 1474 5329 Edi
1500 5275 1548 5339 i,
1573 5279 1781 5332 redacta
1808 5279 1934 5331 viro.
1962 5278 2172 5347 Regm.,

601 5348 832 5400 redactus
859 5349 933 5400 vir
953 5349 1144 5413 conqu
1160 5348 1206 5398 ei
1233 5351 1496 5416 auferatur
1519 5349 1542 5400 ?

675 5426 698 5453 ι
744 5418 866 5469 l'nst
903 5426 1201 5483 susceptain
1241 5419 1435 5484 quippe
1476 5418 1842 5483 paenitentiam
1884 5418 1947 5469 ad
1989 5423 2168 5476 surculi

600 5484 908 5555 illecebras,
958 5498 1016 5538 ut
1078 5490 1365 5553 loquuntur
1425 5488 1610 5541 Patres
1667 5505 1819 5543 conc.
1869 5489 2067 5542 anon.
2121 5508 2167 5555 ι,

596 5571 715 5606 min.
761 5553 830 5617 8,
877 5555 1051 5609 redire
1099 5572 1203 5608 non
1250 5556 1465 5609 licebat.
1522 5558 1655 5612 llinc
1704 5560 1754 5611 iu
1796 5574 1948 5613 conc.
2000 5553 2167 5615 Aureé

597 5628 725 5677 lian.
761 5640 813 5677 ιιι
836 5664 850 5686 ,
875 5626 1091 5677 vetitum
1117 5636 1199 5697 est
1219 5642 1334 5678 can.
1362 5625 1461 5689 ‘24,
1488 5631 1691 5695 nequis
1719 5632 2041 5697 conjugatis,
2069 5634 2166 5685 nisi

596 5713 657 5750 cx
706 5710 973 5751 consensu
1005 5696 1267 5765 partiatur,
1301 5698 1665 5765 pmnitentiam
1698 5700 1825 5755 dare
1855 5696 2164 5768 praesumat.

2288 4567 2352 4620 tit
2389 4566 2569 4634 agenti
2597 4564 2647 4631 ιι,
2690 4575 2747 4619 ut
2784 4580 2846 4620 se
2881 4564 3202 4619 adveniente
3240 4560 3577 4629 omniaque:
3614 4569 3758 4613 erant
3790 4556 3845 4605 λιι

2285 4672 2578 4726 expensam
2629 4658 2747 4725 ejus
2794 4656 3130 4724 necessaria,
3178 4662 3534 4725 praepararet.
3580 4653 3727 4720 Quod
3769 4651 3842 4703 ille

2286 4749 2538 4813 audiens,
2568 4750 2872 4819 conjunctis
2906 4764 3090 4803 secum
3120 4748 3428 4802 hominibus
3467 4761 3535 4801 ex
3577 4747 3733 4799 domo
3766 4741 3843 4795 illa

2358 4924 2385 4962 ά
2429 4925 2783 5000 Yiilelibrum
2812 4941 2952 5000 seq,
2982 4940 3104 4990 cap.
3138 4926 3223 4979 f2.
3304 4956 3307 4957 ν
3587 4997 3598 5000 Α
3676 4995 3686 5000 _
3780 4992 3788 5000 ,

2360 5007 2382 5033 ε
2422 4996 2553 5050 Cod.
2601 4997 2810 5063 Regum,
2852 4994 3200 5065 Irrttmpentes
3226 5005 3394 5048 autent
3424 5011 3541 5049 cum
3572 4994 3839 5063 festinatio-

2285 5083 2346 5120 ne
2373 5109 2386 5129 ,
2412 5068 2465 5119 hi
2491 5069 2575 5133 qui
2605 5068 2730 5136 foris
2756 5078 2898 5119 erant
2928 5068 3164 5120 cellulam
3187 5110 3201 5125 .
3230 5076 3427 5120 erutam
3452 5106 3467 5130 ,
3498 5078 3603 5120 etc.

2364 5136 2381 5174 ί
2428 5138 2587 5191 Deest
2607 5135 2717 5189 huc
2743 5148 2900 5202 caput
2930 5138 2982 5190 in
3010 5137 3126 5193 Vat.
3155 5147 3211 5191 et
3234 5138 3385 5190 Coll».
3419 5154 3471 5189 ιι.
3507 5137 3672 5190 Porro
3702 5135 3837 5186 liere-

2288 5207 2459 5261 trudis
2482 5221 2618 5259 uxor
2644 5215 2762 5260 erat
2791 5207 3096 5261 Launebodi
3130 5210 3279 5262 dneis
3300 5250 3312 5269 ,
3343 5222 3502 5275 quem
3539 5207 3835 5259 Fortunatus

2290 5279 2467 5329 laudat
2494 5279 2562 5327 oh
2585 5287 2944 5332 constructam
2972 5278 3180 5332 Tolosa:
3204 5282 3368 5330 sam-ti
3397 5280 3666 5331 Saturnini
3689 5275 3835 5328 ecclco

2282 5347 2448 5413 siam,
2484 5348 2617 5400 libro
2647 5363 2683 5399 ιι
2706 5389 2720 5409 ,
2752 5363 2918 5401 carm.
2949 5350 2983 5401 9
3003 5392 3017 5415 ,
3051 5348 3139 5401 ubi
3166 5350 3472 5402 Beretrntlis
3505 5362 3712 5417 quoque
3738 5345 3832 5410 pic.

2282 5427 2443 5470 tatem
2475 5418 2653 5470 multis
2682 5419 2908 5471 extollit.

2354 5499 2378 5535 ες
2423 5489 2497 5544 De
2526 5487 2803 5542 Waddone
2829 5486 2936 5556 jam
2957 5488 3152 5556 saepius
3180 5490 3281 5559 egit
3307 5489 3617 5560 Gregorius.
3646 5490 3712 5542 De
3733 5483 3833 5537 titiis

2262 5571 2462 5613 autem
2490 5563 2607 5625 ejus
2636 5559 2755 5612 vide
2787 5560 2878 5612 lin.
2906 5575 3047 5623 seq.,
3078 5576 3199 5625 cap.
3231 5559 3320 5610 :Zl.

2351 5630 2377 5665 h
2419 5622 2630 5696 Agens,
2675 5630 2761 5695 qui
2802 5640 2855 5682 et
2899 5622 3034 5681 infra
3087 5622 3258 5693 actor,
3304 5630 3588 5683 diccbitur
3636 5630 3719 5683 ille
3756 5622 3827 5690 qui

2282 5702 2419 5756 villa:
2449 5717 2509 5755 ac
2542 5704 2802 5756 bonorum
2833 5701 2898 5754 ab
2936 5716 2997 5755 ea
3028 5704 3372 5770 pendentium
3403 5718 3585 5755 curant
3616 5700 3822 5772 gerebat
