3942 6190
85 290 163 343 ειτδ
952 273 1265 329 HISTORIA
1310 271 1755 329 rnmconuu.
1798 271 2005 327 LIBER
2048 234 2273 326 tvnrvns

3184 278 3291 333 5H

82 420 126 454 se
158 398 212 452 ad
252 395 437 449 bellum
481 399 776 460 prmparat,
818 387 1044 443 dicens:
1089 387 1198 441 Nisi
1240 386 1457 450 moriar,
1503 399 1607 439 non
1640 388 1835 446 Aeum
1866 384 2093 454 populus
2130 385 2369 455 gaudens
2407 400 2471 441 ac
2510 387 2839 459 deprecans,
2882 402 2937 447 nt
2976 393 3135 451 vitam
3174 399 3291 469 ejus

83 490 363 559 ingredietur
394 482 523 537 Wad
546 497 594 535 :o
650 482 701 533 in
735 482 950 533 domum
979 479 1182 530 domini
1215 479 1339 531 mei.
1370 477 1609 531 Audiens

83 590 226 634 autem
255 590 384 629 uxor
417 572 704 627 Waddouis
749 579 1062 639 apparatum
1118 568 1326 623 scilicet
1363 567 1491 623 belli
1532 568 1613 620 in.

87 669 272 723 staurari
298 679 479 720 contra
510 664 678 717 virum
711 677 898 726 sumn,
932 661 1009 713 ait
1038 659 1103 713 ad
1134 674 1295 713 eum:
1324 659 1402 713 Ne
1431 674 1609 713 acces-

87 760 192 815 seris
217 760 362 822 illuc,
390 757 552 810 chare
582 754 774 822 conjux
803 769 819 807 :
855 752 1103 805 morieris
1132 751 1276 805 enim
1304 752 1348 805 si
1380 751 1576 804 abieris
1598 789 1612 812 ,

88 863 127 902 et
146 863 230 915 ego
248 862 358 901 cum
388 846 507 899 ﬁliis
534 846 727 897 misera
756 858 873 897 ero.
908 842 976 895 Et
1004 843 1198 910 injecta
1229 855 1384 894 manu
1408 881 1422 900 ,
1453 840 1620 894 voluit

89 957 181 995 eum
210 940 423 993 retinere
447 980 460 998 ,
485 938 695 991 dicente
729 944 984 1003 prwterea
1017 944 1124 987 tum
1149 931 1269 987 ‘ﬁlio
1297 948 1315 986 :
1342 934 1399 987 Si
1423 932 1619 987 abieris

94 1031 224 1101 [.60
270 1029 463 1098 pariter
511 1028 842 1090 moriemur,
892 1034 946 1079 et
995 1025 1264 1092 relinques
1307 1024 1618 1093 genitricem

92 1138 227 1176 meam
267 1122 505 1185 viduam,
551 1120 934 1188 orphanosque
975 1129 1262 1186 germanos
1302 1129 1474 1169 meos.
1515 1114 1619 1167 Sed

94 1232 189 1268 cum
213 1230 319 1267 eum
362 1215 477 1267 haec
512 1212 674 1265 verba
719 1211 933 1278 penitus
961 1208 1196 1262 retinere
1225 1223 1328 1261 non
1364 1218 1620 1275 possent,

99 1311 243 1361 furore
267 1321 517 1360 accensus
538 1313 722 1358 contra
754 1303 919 1355 lilium
942 1340 958 1366 ,
989 1310 1043 1354 et
1071 1299 1311 1353 timidum
1339 1315 1460 1354 eum
1490 1298 1626 1353 mol-

95 1403 269 1470 lemque
293 1402 596 1454 exclamans
616 1437 633 1462 ,
666 1395 901 1465 projecta
933 1391 1123 1447 secure
1161 1407 1298 1461 pene
1341 1391 1624 1445 cerebrum

95 1494 184 1561 ejus
209 1491 359 1545 illisit.
389 1490 495 1545 Sed
528 1489 617 1543 ille
648 1490 701 1540 in
732 1495 882 1555 parte
911 1498 1168 1540 excussus
1193 1525 1209 1550 ,
1242 1486 1404 1536 ictum
1432 1481 1627 1536 ferien-

98 1586 151 1637 tis
170 1582 335 1637 evasit.
363 1581 615 1636 Ascensis
639 1580 867 1648 denique
892 1576 1159 1645 equitibus
1184 1573 1454 1636 abierunt,
1480 1587 1630 1626 man-

96 1678 200 1729 dans
227 1679 404 1729 iterum
439 1673 644 1738 actori,
681 1679 737 1725 ut
772 1670 936 1724 domo
978 1670 1157 1737 scopis
1200 1667 1450 1721 mundata
1492 1677 1629 1720 stra-

1714 481 1982 548 patrisque
2027 480 2107 531 sui
2158 495 2273 533 ωνο
2315 480 2604 550 prolixiore
2653 486 2824 552 pietas
2876 485 3050 543 divina
3092 504 3290 548 conce-

1713 572 1884 625 deret.

1787 662 2051 717 XXXVII.
2077 662 2194 717 Erat
2223 672 2245 700 ε
2276 672 2451 717 autem
2481 665 2615 733 apud
2647 668 2831 723 urbem
2862 672 3176 728 Suessinnas
3206 675 3289 731 bis

1716 752 1905 805 diebus
1932 753 2299 821 Droctigisilus
2320 752 2365 818 τ,
2390 759 2475 824 qui
2505 769 2718 826 propter
2745 761 2981 827 nimiam,
3004 773 3063 816 ut
3094 764 3289 831 ferunt,

1719 844 2065 912 potationem,
2088 854 2279 913 quarto
2308 846 2536 900 instante
2562 862 2700 902 anno
2725 864 2939 904 sensum
2971 854 3292 921 perdiderat.

1721 938 2047 990 Asserebant
2074 936 2214 990 enim
2241 939 2389 990 multi
2415 938 2628 1003 civium,
2652 941 2793 1009 quod
2826 942 2924 997 hoc
2951 944 2998 997 ei
3026 945 3300 1001 maleficiis

1722 1031 2058 1097 accessisset,
2093 1047 2185 1099 per
2235 1033 2579 1088 emissionem
2626 1037 2983 1092 archidiaconi
3026 1055 3184 1107 quem
3229 1042 3298 1093 ab

1726 1125 1931 1178 h0n0te
1956 1124 2238 1192 repulcrat,
2259 1124 2516 1177 intautum
2546 1133 2602 1177 ut
2623 1126 2756 1179 infra
2784 1143 2962 1182 muros
2989 1129 3134 1183 urbis
3161 1130 3300 1185 hanc

1724 1214 2011 1267 amentiam
2056 1213 2223 1281 magis
2264 1213 2513 1278 haberet;
2548 1214 2592 1267 si
2623 1229 2750 1268 vero
2778 1216 2844 1271 de
2870 1217 3084 1272 civitate
3115 1217 3303 1284 fuisset

1726 1319 1994 1375 egressus,
2011 1306 2196 1375 agebat
2221 1305 2571 1360 commodius.
2594 1306 2833 1374 Cumque
2854 1324 2944 1363 rex
2970 1312 3305 1380 sopradictus

1728 1396 1795 1451 ad
1827 1396 2011 1450 urbem
2039 1396 2294 1462 venisset,
2319 1404 2371 1449 et
2400 1395 2488 1450 hic
2518 1398 2709 1452 melius
2732 1410 2930 1469 ageret,
2954 1416 3057 1454 non
3089 1404 3305 1470 permit-

1729 1489 1942 1543 tebatur
1972 1497 1997 1534 κ
2031 1488 2233 1557 ingredi
2268 1489 2451 1542 urbem
2487 1500 2704 1559 propter
2730 1506 2909 1560 regem
2948 1495 3034 1561 qui
3073 1493 3307 1549 advene-

1728 1592 1832 1635 rat.
1866 1583 1931 1635 Et
1981 1581 2103 1635 licet
2138 1590 2282 1635 esset
2321 1595 2485 1635 vorax
2525 1581 2629 1636 cibi
2670 1596 2733 1637 ac
2773 1594 2981 1651 potator
3010 1585 3115 1639 vini
3157 1596 3309 1641 extra

1734 1674 1971 1737 modum,
2003 1684 2056 1727 et
2084 1672 2223 1727 ultra
2254 1688 2411 1741 quam
2443 1673 2825 1728 sacerdotalem
2851 1677 3111 1733 cautelam
3134 1676 3308 1743 decet,

97 1770 201 1837 gulis
226 1783 432 1822 scamna
464 1765 722 1833 Operiret.
749 1760 853 1818 Sed
885 1762 971 1815 ille
995 1758 1387 1829 parvipendens
1411 1759 1631 1812 manda—
1663 1762 1705 1817 Β
1736 1774 1913 1819 tamen
1939 1764 2138 1818 nullum
2164 1764 2231 1818 de
2259 1778 2323 1818 eo
2350 1763 2669 1819 adulterium
2693 1766 2952 1834 quispiam
2977 1778 3060 1822 est
3081 1769 3309 1823 locutus.

98 1872 182 1914 tum
220 1862 358 1930 ejus,
404 1876 527 1915 cum
584 1857 789 1923 turbis,
837 1856 974 1909 sicut
1002 1852 1266 1916 diximus,
1299 1852 1538 1905 virorum
1568 1863 1632 1904 ac

99 1953 333 2007 mulierum
408 1959 534 2006 aute
582 1948 729 2004 fores
779 1944 982 2001 domini
1028 1944 1109 1998 sui
1157 1943 1336 2005 stetit,
1388 1944 1636 2009 Operieus

103 2043 345 2099 adventum
392 2044 574 2112 bujus.
608 2041 707 2107 Qui
752 2040 1001 2103 veniens,
1040 2035 1217 2091 statim
1248 2034 1518 2102 ingressus
1549 2032 1640 2087 do-

100 2154 240 2204 mum,
266 2139 336 2193 ait
365 2156 378 2191 :
420 2136 531 2191 Cur
564 2152 669 2189 non
709 2141 835 2188 sunt
870 2143 1085 2186 scamna
1127 2128 1241 2183 haec
1276 2134 1462 2193 cperta
1501 2133 1639 2180 stra-

102 2232 236 2296 gulis,
277 2240 363 2284 aut
404 2229 600 2283 domus
639 2226 815 2294 scopis
856 2221 1150 2277 mundata?
1180 2216 1245 2272 Et
1274 2218 1488 2273 elevans
1526 2230 1637 2268 ma-

104 2335 198 2373 num
232 2335 341 2374 cum
381 2321 528 2383 sica,
573 2325 732 2385 caput
762 2311 996 2368 ltominis
1040 2310 1296 2374 libravit;
1340 2306 1640 2376 ceciditque

101 2424 139 2465 et
165 2422 385 2465 mortuus
417 2421 523 2465 est.
555 2406 706 2475 Quod
737 2418 966 2460 cernens
998 2403 1136 2455 filius
1166 2400 1395 2454 hominis
1422 2398 1638 2462 mortui,

103 2504 260 2559 emissa
297 2521 357 2559 ex
398 2504 633 2557 adverso
666 2500 848 2554 lancea
870 2538 887 2564 ,
916 2505 1105 2551 contra
1133 2493 1465 2547 Waddonetu
1512 2490 1643 2544 diri-

103 2598 194 2664 git:
228 2598 365 2667 cujus
408 2594 645 2650 mediam
685 2594 863 2645 alvum
906 2590 1013 2643 ictu
1066 2586 1365 2656 penetravit
1410 2598 1438 2635 a
1494 2591 1643 2650 tergo

102 2701 275 2755 egressa
304 2685 519 2741 falarica
560 2693 612 2748 ³,
645 2693 700 2736 et
729 2694 892 2734 ruens
932 2679 996 2732 ad
1049 2689 1281 2740 terram,
1327 2675 1643 2727 adveniente

104 2779 397 2832 multitudine
450 2790 576 2846 qua:
630 2773 852 2828 collecta
906 2770 1109 2833 fuerat,
1172 2767 1438 2834 lapidibus
1489 2763 1641 2818 obrui

103 2872 245 2939 cmpit.
284 2871 429 2925 Tunc
468 2868 690 2937 quidam
732 2867 799 2918 de
841 2864 924 2918 bis
962 2864 1049 2934 qni
1094 2871 1352 2917 venerant
1390 2875 1512 2913 cum
1542 2874 1641 2921 eo,

104 2962 212 3015 inter
245 2964 438 3017 imbres
479 2975 676 3016 saxeos
716 2958 1038 3012 accedentes
1064 2998 1079 3021 ,
1122 2965 1434 3024 coopertum
1474 2968 1639 3024 sago,

104 3070 149 3106 ac
172 3059 345 3124 populo
381 3055 664 3124 mitigato,
694 3051 929 3122 ejulante
961 3052 1069 3102 ﬁlio
1110 3049 1259 3116 ejus,
1302 3062 1532 3115 euntque
1555 3062 1645 3099 suo

1743 1855 2120 1909 Verumtamen
2148 1854 2200 1909 itt
2232 1856 2477 1922 sequenti
2506 1870 2627 1909 cum
2655 1857 2790 1924 apud
2829 1857 3187 1913 Sauriciacum
3218 1863 3313 1916 vil-

1740 1948 1844 2002 lam
1869 1945 1895 1983 δ
1917 1949 2286 2015 episcoporum
2314 1946 2545 2017 synodus
2571 1960 2848 2019 aggregata
2878 1949 3079 2017 fuisset,
3098 1952 3312 2021 jussunt

1738 2047 1825 2093 est
1851 2047 1911 2092 ut
1938 2039 2122 2092 liceret
2148 2041 2198 2093 ei
2227 2038 2428 2107 ingredi
2462 2042 2645 2093 urbem
2677 2056 2851 2095 suam.

1811 2131 2101 2187 XXXVI“.
2128 2131 2260 2185 Cum
2287 2138 2465 2186 autem
2498 2131 2746 2186 Faileuba
2779 2133 2959 2204 regina
2984 2132 3311 2190 Cbildebertl

1741 2225 1905 2295 regis,
1937 2233 2089 2291 partu
2135 2223 2277 2278 edito
2319 2238 2442 2278 mox
2488 2224 2773 2289 exstincto,
2805 2234 3113 2294 aegrotaret,
3143 2227 3316 2297 attigit

1747 2334 1907 2373 aures
1937 2319 2054 2385 ejus
2083 2331 2290 2382 sermo,
2321 2317 2460 2386 quod
2491 2316 2703 2386 quidam
2737 2317 2816 2371 vel
2846 2328 3026 2373 contra
3057 2333 3173 2373 eam
3192 2360 3206 2384 ,
3234 2321 3318 2374 vel

1742 2419 1927 2463 contra
1951 2407 2346 2463 Brunichildem
2369 2409 2605 2476 reginam
2631 2422 2791 2478 agere
2813 2419 3149 2464 conarentur.
3163 2410 3321 2465 Cutn-

1742 2520 1847 2573 que
1876 2502 2176 2560 confortata
2207 2502 2275 2556 ab
2304 2502 2642 2557 incommodo
2662 2543 2677 2569 ,
2708 2502 2774 2556 ad
2805 2505 2945 2571 regis
2976 2506 3314 2572 praesentiant

1745 2596 2106 2659 accessisset,
2156 2593 2330 2647 omnia
2381 2603 2485 2647 tam
2534 2594 2581 2648 ei
2630 2608 2787 2662 quam
2836 2594 2989 2647 matri
3037 2594 3153 2662 ejus
3204 2612 3324 2664 quae

1745 2684 1983 2738 audierat
2009 2684 2286 2738 reseravit.
2320 2682 2490 2737 Verba
2534 2691 2710 2735 autem
2755 2682 3117 2750 hujuscemodi
3150 2695 3326 2750 erant,

1745 2777 1888 2848 quod
1917 2776 2128 2833 scilicet
2160 2776 2453 2846 Septimiua
2480 2774 2495 2812 ί
2535 2774 2710 2828 nutrix
2738 2774 2995 2827 infantum
3025 2775 3169 2843 ejus,
3193 2791 3326 2830 con-

1745 2870 1869 2924 sxlio
1896 2868 2127 2923 suadere
2153 2868 2311 2922 vellet
2338 2867 2470 2936 regi.
2496 2876 2550 2918 ut
2582 2864 2748 2934 ejecta
2781 2874 2969 2927 matre,
2996 2864 3326 2934 conjugeque

1748 2960 1928 3014 relicta
1950 3000 1964 3022 ,
1994 2960 2149 3013 aliam
2180 2957 2459 3012 sortiretur
2488 2970 2736 3021 uxorem,
2769 2965 2821 3009 et
2863 2956 2941 3010 sic
2982 2970 3101 3009 cum
3133 2956 3325 3012 eodem

1748 3064 2077 3119 quaecunque
2096 3048 2311 3114 vellent,
2326 3048 2408 3101 vel
2430 3056 2548 3102 actu
2570 3055 2808 3117 agerent,
2822 3046 2906 3101 vel
2929 3047 3173 3115 precibus
3186 3047 3329 3102 obti-

106 3161 176 3210 per
198 3163 375 3214 equum
408 3147 639 3202 elevans
659 3182 675 3205 ,
708 3144 884 3194 adlmc
914 3141 1179 3193 viventem
1201 3139 1382 3191 domui
1413 3137 1644 3192 reduxit.
1676 3129 1722 3192 C
1755 3152 1963 3196 ncrent.
1985 3140 2146 3211 462
2172 3139 2320 3206 Quod
2354 3138 2396 3191 si
2428 3138 2510 3191 his
2535 3152 2625 3191 rex
2660 3136 2823 3191 nollet
2849 3138 3187 3207 acquiescere
3210 3152 3332 3207 qum

104 3235 178 3289 Sed
206 3240 428 3308 protinus
468 3236 579 3291 sub
621 3234 871 3302 lacrymis
914 3230 1097 3284 uxoris
1127 3245 1190 3283 ac
1223 3231 1448 3282 filiorum
1490 3229 1648 3297 spiri-

105 3336 190 3381 tum
224 3328 507 3383 exhalavit.
559 3324 821 3395 Explicita
862 3324 1022 3392 igitur
1055 3330 1159 3376 tam
1192 3321 1475 3375 infeliciter
1506 3334 1608 3373 vita
1631 3357 1646 3382 ,

107 3417 214 3473 ﬁlius
240 3421 351 3488 ejus
380 3420 445 3474 ad
477 3431 666 3487 regem
697 3415 860 3479 abiit,
897 3426 1089 3482 resque
1116 3411 1233 3479 ejus
1263 3411 1515 3466 obtinuit.

161 3509 377 3567 XXXVI.
409 3512 581 3582 Igitur
606 3523 748 3561 anuo
774 3521 879 3577 quo
912 3520 1070 3574 supra
1099 3505 1248 3570 regni
1278 3505 1403 3565 sui.
1432 3502 1649 3558 Chizde-

108 3600 255 3657 berlus
284 3619 375 3658 rex
421 3600 745 3657 morabatur
774 3612 895 3652 cum
922 3611 1150 3667 conjuge
1177 3607 1229 3651 et
1256 3605 1425 3650 matre
1450 3609 1546 3649 sua
1573 3599 1654 3649 tn-

108 3692 163 3743 lra
198 3695 467 3748 terminum
512 3687 695 3753 urbis,
734 3701 895 3758 (luam
935 3686 1339 3755 Strataburgum
1379 3683 1408 3723 δ
1440 3692 1651 3739 vocant.

110 3780 230 3835 Tunc
264 3784 357 3838 viri
397 3784 692 3846 fortiores,
736 3780 825 3850 qui
866 3780 918 3834 in
959 3778 1089 3833 urbe
1126 3785 1281 3832 erant
1318 3775 1653 3831 Suessionica

110 3875 200 3927 sive
229 3876 477 3931 Meldensi
517 3884 570 3938 ο,
600 3880 864 3928 venerunt
888 3872 950 3924 ad
984 3886 1105 3925 eum
1145 3868 1423 3922 dicentes:
1457 3868 1530 3921 Da
1562 3882 1658 3920 no-

110 3966 172 4018 bis
197 3984 347 4022 unum
374 3967 444 4022 de
477 3964 612 4020 ﬁliis
644 3964 776 4029 tuis,
810 3970 864 4015 ut
904 3960 1202 4015 serviamus
1242 3957 1290 4011 ei
1312 3997 1329 4022 ,
1369 3957 1574 4011 scilicet
1600 3965 1659 4010 ttt

110 4068 158 4111 i‘e
184 4059 421 4130 progenie
452 4068 544 4112 tua
582 4054 769 4125 pignus
797 4056 1091 4108 retinentes
1120 4049 1427 4114 nobiscum,
1453 4046 1660 4103 facilius

118 4150 394 4204 resistentes
422 4145 695 4212 inimicis,
732 4145 990 4199 terminos
1021 4141 1166 4195 urbis
1195 4150 1297 4195 tum
1325 4137 1352 4175 ἀ
1384 4138 1661 4203 defensare

114 4239 404 4297 studeamus.
460 4240 531 4295 At
572 4236 661 4291 ille
702 4235 916 4305 gavisus
966 4235 1186 4298 nuntio,
1227 4230 1661 4297 'lheodobertum

116 4329 251 4387 ﬁlium
280 4349 434 4388 suum
480 4329 760 4386 seniorem
791 4325 950 4397 461
982 4324 1109 4378 illuc
1137 4322 1469 4392 dirigendum
1500 4322 1663 4376 desti-

116 4431 214 4486 nat;
260 4425 340 4477 cui
385 4420 722 4485 comitibus,
764 4414 1107 4479 domesticis,
1164 4412 1456 4487 majoribus
1503 4421 1664 4480 atque

1754 3232 2036 3296 suadebat,
2077 3231 2193 3300 ipso
2239 3228 2515 3283 maleﬁciis
2563 3228 2904 3295 interempto,
2940 3226 3162 3285 elevatis
3210 3227 3334 3284 ﬁliis

1752 3326 1868 3395 ejus
1896 3325 1950 3379 in
1983 3339 2226 3395 regnum,
2260 3322 2472 3392 repulsa
2502 3321 2845 3375 nihilominus
2871 3327 3043 3375 matre
3071 3335 3253 3374 eorum
3281 3330 3336 3376 et

1755 3419 1870 3471 avia
1893 3458 1908 3481 ,
1942 3416 2039 3485 ipsi
2083 3422 2331 3483 regerent
2360 3427 2605 3483 regnum.
2639 3411 2807 3479 Hujus
2837 3410 2979 3465 enim
3009 3409 3218 3465 consilii
3244 3425 3336 3464 so-

1755 3510 1866 3562 cios
1894 3506 2204 3576 pronuntiat
2224 3518 2343 3559 esse
2369 3502 2802 3573 Sunnegisilumi
2835 3502 3084 3557 comitem
3113 3502 3336 3567 stabuli,

1758 3610 1811 3654 et
1844 3597 2252 3667 Gallomagnunt
2291 3596 2738 3661 referendarium,
2767 3596 2933 3664 atque
2974 3592 3337 3659 Droctulfum,

1756 3690 1846 3759 qui
1875 3690 1939 3744 ad
1969 3689 2216 3743 solatium
2248 3688 2557 3757 Septiminae
2582 3687 2646 3741 ad
2677 3686 3014 3742 nutriendum
3043 3687 3182 3754 regis
3213 3701 3340 3755 par.-

1758 3781 1912 3835 vulos
1936 3780 2106 3833 fuerat
2126 3778 2299 3833 datus.
2318 3777 2554 3847 Denique
2574 3777 2934 3845 corripiuntur
2950 3776 3003 3830 lti
3021 3776 3151 3845 duo,
3164 3776 3341 3845 Septi-

1762 3873 1905 3925 tnina
1937 3869 2184 3924 videlicet
2210 3878 2263 3922 et
2292 3867 2619 3922 Droctulfus.
2639 3866 2747 3922 Nec
2776 3880 2946 3932 mora,
2969 3865 3174 3920 extensi
3201 3865 3343 3921 inter

1759 3961 1971 4030 stipites
1998 3975 2116 4015 cum
2148 3957 2516 4013 vehementius
2544 3956 2902 4022 caederentur,
2935 3955 3215 4025 proﬁtetur
3242 3956 3343 4011 Se-

1763 4054 1981 4124 ptimina
2010 4067 2069 4107 se
2096 4052 2263 4106 virum
2296 4065 2450 4104 suum
2476 4049 2687 4104 Jovium
2713 4048 2990 4105 maleﬁciis
3011 4047 3346 4104 interfecisse

1761 4148 1832 4201 ob
1854 4162 2092 4201 amorem
2118 4144 2391 4209 Droctulli,
2409 4143 2687 4212 ipsumque
2707 4156 2888 4198 secum
2909 4154 3089 4198 scorto
3110 4140 3346 4199 misceri.

1767 4238 1846 4293 De
1876 4237 1958 4292 his
1986 4252 2105 4307 qua:
2133 4250 2290 4305 supra
2320 4235 2552 4295 diximus
2576 4234 2753 4290 causis
2780 4234 2976 4304 pariter
2999 4234 3345 4300 confitentur,

1766 4341 1821 4387 et
1850 4340 2178 4386 memoratos
2202 4328 2347 4383 viros
2374 4329 2428 4383 in
2461 4326 2566 4383 hoc
2593 4327 2823 4382 consilio
2854 4326 3064 4381 habitos
3090 4324 3345 4383 indicant.

1767 4422 1876 4477 Nec
1906 4436 2091 4489 mora,
2123 4422 2463 4491 inquiruntur
2492 4426 2548 4473 et
2576 4417 2673 4486 ipsi
2706 4434 2719 4470 :
2752 4417 2846 4472 sed
2876 4414 3204 4472 conscientia
3234 4424 3349 4469 ter-

116 4513 319 4569 “Wiliis
339 4555 355 4580 ι
382 4524 437 4571 ει
467 4510 727 4568 omnibus
759 4506 847 4579 qui
889 4508 953 4561 ad
993 4506 1348 4569 exercendum
1389 4505 1661 4558 δετνίῑίυιη
1694 4505 1746 4567 D
1774 4523 1958 4580 rente,
1989 4512 2244 4568 latebram
2276 4511 2410 4565 infra
2438 4509 2786 4565 ecclesiarum
2834 4516 2987 4574 septa
3017 4506 3241 4575 petiere.
3267 4506 3351 4561 Ad

118 4606 267 4674 regale
294 4617 448 4663 erant
478 4603 774 4661 necessarii
800 4601 1060 4670 delegatis
1078 4642 1094 4669 ,
1120 4615 1303 4654 mense
1332 4606 1485 4654 sexto
1513 4599 1668 4667 hujus

120 4711 221 4752 attul
242 4698 431 4755 direxit
456 4698 585 4755 eum
610 4695 759 4767 juxta
792 4696 1116 4749 voluntatem
1141 4693 1405 4758 virorum,
1429 4693 1517 4762 qui
1547 4708 1671 4747 eum

121 4799 143 4836 θ
182 4802 293 4859 rege
342 4789 717 4862 ﬂagitaverant
772 4784 1281 4839 transmittendum:
1330 4782 1671 4851 suscepitque

178 4889 199 4917 ³³
225 4881 527 4947 Phalarica,
557 4895 650 4935 seu
683 4877 916 4932 Falarica
943 4918 957 4942 ,
988 4876 1202 4947 proprie
1228 4873 1502 4947 est‘telum
1536 4875 1664 4947 mis-

122 4948 203 5019 sile
239 4968 337 5019 quo
384 4943 612 5007 turrium
660 4943 1098 5019 propugnatores
1126 4943 1202 4999 uti
1251 4944 1530 5019 solebant,
1585 4946 1654 4998 sit

123 5014 294 5091 dictum
321 5038 348 5075 a
377 5025 538 5091 phata
559 5064 573 5084 ,
604 5014 744 5088 quod
776 5014 962 5071 turrim
991 5016 1221 5091 ligneam
1242 5014 1514 5091 designat.

179 5089 202 5125 δ
241 5085 438 5147 Primus
472 5085 747 5151 omnium,
794 5099 850 5140 ιιι
892 5097 1039 5155 putat
1085 5085 1367 5155 Valesius,
1400 5086 1662 5151 Argento-

125 5168 271 5230 ratum
320 5160 609 5230 Gregorius
658 5170 837 5213 noster
864 5155 1151 5230 appellavit
1178 5154 1579 5223 Strataburgum
1630 5193 1642 5208 .

128 5228 256 5283 Unde
294 5227 447 5285 Infra'
469 5232 564 5285 lib.
606 5245 638 5283 ι
662 5270 674 5287 .
717 5242 835 5295 cap.
870 5228 951 5289 l9,
982 5227 1056 5278 ait
1079 5227 1554 5295 Argentoratensem
1585 5241 1669 5277 ur-

127 5298 237 5361 bem,
278 5318 429 5368 quam
478 5317 610 5352 rium:
658 5300 1280 5368 Strateburgttntaocant.
1330 5294 1420 5368 Sic
1465 5297 1662 5368 dictum

128 5380 220 5429 cst,
265 5364 398 5436 quod
448 5369 589 5423 forte
636 5379 762 5422 tunc
799 5370 881 5420 via
925 5364 1128 5436 publica
1168 5366 1281 5419 sive
1308 5364 1560 5420 militaris
1589 5366 1659 5419 ibi

127 5446 249 5489 esset
267 5435 485 5493 multum
510 5439 861 5507 frequentata.
887 5435 1092 5507 Etenim
1116 5450 1215 5491 vox
1237 5436 1662 5505 Strateburgum,

130 5507 353 5569 oppidum
384 5512 436 5562 in
467 5505 631 5563 strata
650 5551 664 5572 ,
699 5509 747 5561 id
776 5517 857 5560 est
884 5510 933 5559 in
968 5505 1053 5558 via
1085 5507 1314 5574 positum
1345 5514 1519 5560 sonat.

194 5585 218 5646 '_
252 5576 458 5646 Begm.,
494 5579 596 5643 Qui
622 5579 676 5630 in
703 5578 828 5631 urbe
854 5575 1125 5631 Meldensi.

198 5636 218 5669 "
248 5636 391 5700 ‘Zol'b.
424 5636 765 5710 a'.,"tcrminos
789 5649 923 5700 orbis
957 5647 1051 5698 tui.

186 5735 203 5757 ι
242 5711 294 5766 lu
315 5717 427 5770 Vat.
452 5730 503 5772 et
532 5719 679 5772 Cotti.
702 5731 750 5770 a.
778 5720 979 5787 reliqua
1016 5714 1170 5785 hujus
1200 5714 1318 5771 libri
1347 5728 1467 5771 cum
1496 5715 1668 5783 capite

1776 4620 1911 4677 quos
1943 4620 2039 4661 rex
2075 4607 2190 4672 ipse
2230 4603 2557 4672 procedens,
2585 4601 2661 4656 ait
2696 4618 2709 4653 :
2744 4599 3068 4670 Egredimini
3114 4599 3167 4653 in
3202 4597 3349 4667 judi-

1776 4699 1950 4762 cium,
1978 4705 2035 4751 ut
2063 4707 2449 4765 cognoscamus
2473 4695 2541 4747 de
2567 4691 2649 4746 his
2676 4707 2796 4762 quae
2828 4692 2980 4746 vobis
3004 4688 3351 4759 objiciuntur,

1776 4786 1821 4840 si
1869 4800 1993 4840 vera
2040 4786 2147 4839 sint
2191 4798 2258 4837 an
2305 4783 2459 4839 falsa.
2485 4783 2615 4838 Nam
2657 4798 2777 4854 ego,
2806 4792 2866 4837 ut
2891 4784 3100 4854 Opinor,
3128 4783 3184 4835 in
3216 4779 3354 4833 hanc

1772 4880 1942 4950 primo
1968 4877 2241 4946 sequentis
2273 4875 2395 4928 libri
2428 4876 2643 4931 desunt.

1844 4947 1862 4986 τ
1903 4949 2112 5001 “eam.
2139 4943 2484 5001 Doctiaisilus.

1947 4962 2064 5010 egm
2074 4986 2086 4999 .
2098 4987 2112 5010 ,
2139 4962 2484 5010 υοειιθιδιιιω.

1844 4963 1858 4986 ι
1903 4963 2112 5015 Itegm.,
2139 4963 2484 5013 uocugtsuus.

1842 5026 1867 5066 ε
1900 5020 1989 5083 Sic
2019 5018 2141 5071 Bec.
2166 5025 2220 5070 et
2250 5016 2470 5085 Regm.;
2503 5014 2683 5070 caeteri
2717 5028 2843 5068 vero
2874 5009 3203 5075 econtrario,
3231 5024 3350 5076 pars

1766 5088 2051 5142 mittebatur
2075 5086 2291 5156 ingredi.

1839 5157 1866 5195 δ
1900 5158 2067 5226 Vulgo
2097 5148 2314 5218 S'ourci,
2346 5169 2439 5209 seu
2472 5156 2659 5210 Saurci
2678 5195 2693 5220 ,
2720 5151 2866 5206 vicus
2899 5150 3037 5205 haud
3069 5148 3252 5218 procul
3283 5149 3352 5203 ab

1768 5230 1954 5284 Axona
1986 5227 2147 5280 ﬂuvio
2178 5227 2403 5293 positus.

1846 5298 1860 5335 ί
1902 5300 2086 5365 llegm.
2134 5291 2191 5350 et
2234 5295 2385 5347 Coll».
2433 5309 2529 5357 m.,
2579 5293 2917 5365 Septimaua;
2960 5291 3125 5343 semel
3177 5296 3353 5343 tamen

1770 5362 2142 5439 Septimaniam
2169 5365 2583 5439 etiscptiminam
2607 5362 2891 5439 appellarit.

1846 5430 1859 5489 i
1900 5438 2045 5491 Cnlb.
2074 5451 2169 5500 m.,
2206 5430 2595 5504 Souiuigisilum
2635 5430 2690 5487 et
2716 5430 3104 5504 Calfomauuat.
3134 5432 3349 5504 Regum

1775 5505 2228 5577 Domnigist‘lnm...
2261 5501 2652 5575 Gallomagum;
2694 5510 2747 5558 et
2786 5504 2865 5577 sic
2896 5503 3144 5577 inferius.
3174 5501 3354 5577 Gallo-

1775 5572 1996 5649 magnus
2023 5588 2171 5649 pater
2201 5576 2294 5630 fuit
2329 5572 2610 5649 Palatinae,
2636 5591 2756 5644 qua:
2793 5572 3104 5649 podegisilo
3142 5573 3353 5643 nupsit,

1773 5660 1834 5705 ut
1866 5644 2037 5706 refert
2056 5648 2373 5703 Fortunatus
2399 5645 2488 5701 lib.
2519 5663 2613 5715 vn,
2638 5663 2756 5717 cap.
2784 5644 2838 5700 6.
