3942 6190
645 299 750 354 515
1611 294 1669 351 s.
1711 290 2043 348 cnsconn
2088 286 2389 343 EPlSCOPl
2432 287 2860 343 Tenos-essm
3791 295 3871 348 ηδ

639 415 923 472 ecclesiam
948 411 1065 480 fuga
1089 406 1275 477 dilapsi
1307 420 1408 460 non
1436 405 1808 470 fuissetis,nisi
1834 419 1928 457 vos
1949 403 2220 453 eonscictt'
2255 401 2295 454 Α
2332 408 2570 452 nostrum
2604 400 2902 453 Maroveum
2935 399 3242 468 episcopum
3262 443 3275 464 ,
3305 409 3359 454 et
3396 401 3672 469 conjuncti
3714 419 3870 471 argua-

643 512 719 564 tia
749 507 1048 563 terruisset.
1077 503 1453 557 Verumtamen
1499 497 1903 562 promissionem
1939 496 2129 549 habete
2155 495 2220 546 de
2327 509 2445 546 mus
2488 509 2604 545 eam
2657 509 2672 546 :
2728 492 3133 561 emendatisque
3182 495 3406 561 negotiis
3460 495 3796 548 restituaudni
3833 501 3870 550 in

645 603 786 667 vita,
813 595 1018 653 etiamsi
1050 589 1342 661 culpabiles
1369 587 1733 642 inveniamini.
1759 584 2050 639 Christiani
2075 586 2214 637 enim
2325 586 2706 637 monasterium
2737 593 2996 647 vestrum,
3026 600 3093 636 ne
3124 584 3464 653 dispergatur
3495 585 3721 650 luxuria,
3745 587 3873 658 ω

641 706 858 756 sumus;
883 684 1295 742 nefasestenim
1319 683 1400 737 vel
1426 680 1741 735 criminosos
1765 678 2065 732 abeeclcsia
2093 678 2211 730 edn.
2325 676 2466 744 quod
2507 687 2688 730 sancta
2734 675 3074 744 Radegnndis
3100 676 3314 745 jejuniis
3343 686 3396 730 et
3423 679 3750 732 orationibus
3783 694 3874 733 crc-

642 798 763 838 ctos
800 781 1010 852 punire.
1040 780 1188 835 Tunc
1229 777 1402 831 educti
1446 773 1604 834 foras,
1639 787 1757 826 cum
1800 785 1923 840 rege
1961 781 2218 824 venerunt
2326 769 2456 831 bris,
2486 768 2945 837 eleetnOsyitisque
2975 767 3342 834 frequentibus
3370 771 3698 838 aggregavit.
3729 771 3782 824 Et
3807 772 3872 823 illa

646 874 713 926 ad
738 871 996 940 judicium
1033 885 1043 921 :
1078 866 1406 932 discussique
1433 865 1742 923 reclamant,
1769 861 2007 912 dicentes
2041 877 2052 911 :
2085 860 2218 924 Quia
2327 859 2636 926 respondit:
2663 858 3137 927 Nequaquam,sed
3165 858 3232 911 ad
3258 874 3409 929 reges
3438 861 3652 914 ibimus.
3683 861 3736 914 Et
3762 876 3872 928 ego:

647 964 938 1031 Septimina
965 975 1085 1014 cum
1118 957 1385 1014 Droctulfo
1413 954 1512 1008 hoc
1540 953 1691 1006 nobis
1717 951 1996 1006 consilium
2025 953 2222 1020 patefe-
2325 952 2500 1015 Quare
2535 949 2723 1003 rationi
2753 947 2777 984 ἀ
2813 950 3099 1003 resistitis?
3129 951 3198 1003 ob
3227 967 3384 1017 quam
3415 966 3536 1004 rem
3583 953 3873 1005 sacerdotale

647 1056 738 1108 cit.
762 1054 866 1108 Sed
897 1067 992 1106 nos
1015 1057 1358 1106 exsecrantes
1382 1061 1444 1099 ac
1473 1045 1766 1113 fugientes,
1793 1058 2063 1109 nunquam
2095 1059 2223 1096 cou-
2326 1043 2581 1093 monitum
2612 1056 2716 1094 non
2746 1041 2972 1094 auditis?
2992 1041 3191 1094 Vereor
3213 1056 3280 1095 ne
3303 1042 3582 1109 conjuncti
3610 1043 3873 1096 sacerdotes

645 1145 848 1198 sentire
877 1143 1141 1196 voluimus
1171 1141 1270 1192 hoc
1297 1137 1490 1191 scelus.
1522 1137 1582 1188 Et
1615 1151 1705 1188 rex
1742 1152 1756 1188 :
1789 1136 1878 1196 Si,
1905 1133 2101 1202 inquit,
2127 1149 2224 1187 vos
2325 1132 2680 1186 Ecclesiarum
2711 1147 2804 1185 vos
2835 1145 2863 1183 a
2895 1131 3274 1199 communione
3305 1142 3647 1186 retnoveant.
3664 1134 3742 1187 Sic
3761 1134 3871 1185 enim

647 1235 843 1289 nullam
889 1232 1284 1288 conniventiam
1333 1227 1730 1296 pra-buissetis,
1765 1226 1962 1278 nostris
2005 1225 2224 1279 auribus
2325 1235 2378 1276 et
2403 1223 2470 1276 ab
2499 1223 2928 1277 antecessoribus
2959 1224 3011 1275 in
3040 1223 3270 1290 epistola
3296 1238 3455 1291 quam
3481 1227 3551 1277 ad
3581 1227 3773 1277 beatam
3794 1225 3871 1276 lia-

647 1328 828 1395 utique
851 1320 1454 1380 iutulissetis.Verumne
1476 1332 1602 1385 ergo
1624 1324 1726 1378 est,
1746 1332 1839 1368 vos
1862 1315 1912 1368 in
1940 1315 2037 1368 hac
2063 1330 2221 1367 causa
2323 1314 2622 1382 degundem
2654 1313 2706 1366 in
2738 1313 2888 1366 initio
2918 1313 3074 1378 hujus
3099 1314 3534 1383 congregationis
3563 1315 3870 1382 scripserunt,

647 1418 939 1487 praebuisse
965 1426 1314 1474 consensum,
1348 1423 1468 1463 cum
1504 1408 1604 1462 hoc
1637 1421 1832 1462 nostra:
1861 1409 2097 1460 scientia:
2129 1420 2219 1458 oc-
2327 1405 2552 1459 habetur
2593 1408 2852 1458 insertum
2903 1422 2919 1458 :
2969 1403 3120 1473 cujus
3166 1405 3502 1474 exemplaria
3544 1406 3668 1460 huic
3700 1406 3869 1460 lectioa‘

645 1512 746 1564 culi
773 1505 1044 1562 vo‘uistis?
1069 1506 1134 1559 Et
1157 1504 1332 1558 statim
1360 1500 1514 1570 ejecti
1541 1501 1704 1563 foras,
1725 1500 1911 1552 iterum
1941 1499 2220 1552 ecclesiam
2325 1497 2558 1549 inserere
2592 1497 2812 1562 placuit.

647 1603 930 1670 petierunt.
951 1597 1242 1666 Septimina
1270 1609 1394 1648 vero
1423 1608 1542 1645 cum
1574 1591 1846 1644 Droctull'o
1876 1591 2223 1643 vehementer

645 1709 806 1758 caesa,
830 1708 890 1746 ac
913 1689 1166 1746 canteriis
1194 1686 1436 1742 accensis
1467 1686 1516 1737 in
1547 1684 1682 1738 facie
1713 1686 2008 1746 vulnerata,
2034 1681 2221 1735 ablatis

646 1785 894 1838 omnibus
919 1797 1034 1850 qua:
1069 1779 1315 1843 habebat,
1347 1778 1396 1829 in
1425 1775 1753 1843 Marilegium
1784 1783 1809 1810 ⁸
1841 1773 2019 1826 villam
2053 1773 2220 1825 dedu-
2257 1759 2300 1817 Β

645 1876 819 1938 citur,
851 1884 906 1926 ut
945 1872 1150 1927 scilicet
1184 1869 1344 1940 563
1389 1869 1605 1921 trahens
1645 1868 1874 1928 molam,
1905 1865 1986 1917 his
2017 1881 2134 1930 qua:
2173 1865 2221 1916 in

649 1967 890 2039 gyua-cio
934 1972 1086 2019 erant
1131 1964 1349 2028 positae,
1383 1974 1478 2026 per.
1505 1958 1620 2012 dies
1650 1959 1889 2028 singulos
1917 1959 2116 2009 farinas
2157 1955 2222 2008 ad

651 2061 816 2112 victus
846 2055 1173 2111 necessarias
1205 2059 1548 2122 praepararet.
1577 2049 1906 2104 Drocmlfum
1935 2057 2112 2102 autem
2145 2049 2222 2100 in-

643 2149 771 2204 cisis
809 2148 1020 2218 capillis
1053 2153 1106 2200 et
1134 2146 1379 2206 auribus,
1408 2143 1472 2195 ad
1508 2142 1720 2195 vineam
1751 2141 2094 2194 excolendam
2126 2138 2222 2193 de-

643 2240 982 2307 legawruut,
1013 2237 1108 2292 sed
1155 2245 1272 2304 post
1313 2235 1427 2287 dies
1460 2247 1656 2300 paucos
1689 2231 1808 2300 fuga
1840 2233 2111 2294 dilabitur,
2144 2233 2224 2283 in-

644 2333 974 2400 quisitusque
1008 2329 1076 2379 ab
1121 2336 1300 2380 actore
1327 2325 1352 2363 δ
1385 2327 1576 2379 iterum
1621 2325 1684 2377 ad
1718 2339 1890 2392 regem
1922 2324 2220 2388 deducitur,

647 2422 825 2489 ibique
867 2419 1089 2475 tnultum
1134 2433 1305 2471 caesus
1347 2417 1537 2470 iterum
1567 2416 1632 2468 ad
1664 2417 1873 2468 vineam
1904 2431 2060 2483 quam
2095 2417 2221 2470 reli-

647 2524 832 2574 querat
875 2509 1194 2564 destinatur.
1240 2511 1304 2562 At
1350 2523 1476 2562 vero
1525 2508 1896 2576 Sunnegisilus
1943 2519 1997 2561 et
2045 2508 2223 2562 Gallo-

647 2618 871 2669 magnus
916 2609 1105 2668 prtvatt
1149 2614 1175 2650 a
1221 2600 1379 2651 rebus
1421 2612 1551 2666 quas
1582 2615 1608 2649 a
1642 2598 1770 2651 lisco
1802 2609 2134 2662 meruerant,
2167 2597 2219 2652 in

644 2693 890 2748 exsilium
925 2689 1291 2745 retruduntur.
1324 2689 1428 2743 Sed
1465 2689 1798 2742 \enieuttbus
1831 2689 2052 2758 legatis,
2083 2692 2222 2745 inter

645 2800 778 2852 quos
804 2782 1036 2852 episcopi
1068 2792 1241 2846 erant,
1267 2798 1296 2834 a
1324 2797 1446 2850 rege
1474 2779 1895 2847 Guntchramno,
1912 2793 1966 2846 et
1997 2785 2221 2852 petenti-

645 2877 744 2930 bus
773 2891 866 2943 pro
892 2874 1080 2943 his,ab
1104 2873 1292 2928 essilio
1320 2884 1636 2928 revocantur
1659 2891 1673 2928 :
1700 2875 1889 2943 quibus
1919 2875 2046 2928 nihil
2075 2875 2220 2929 aliud

642 2978 726 3022 est
756 2971 1019 3034 relictum,
1051 2968 1151 3022 nisi
1183 2967 1323 3034 quod
1354 2967 1551 3022 habere
1581 2969 1851 3038 proprium
1881 2969 2214 3024 videbantur.

2825 1626 2888 1663 EX
2898 1626 3108 1664 EMPLAR'
3137 1625 3422 1664 ενιετοιε.

2405 1738 2422 1770 ι
2465 1719 2702 1774 Dominae
2732 1720 3054 1775 beatissima:
3086 1731 3140 1773 et
3171 1724 3221 1774 in
3251 1720 3469 1774 Christo
3505 1719 3751 1774 Ecclesia:
3779 1719 3872 1772 lilia

2331 1810 2660 1879 Radegnndi,
2679 1811 2986 1879 Eufronius,
3007 1811 3381 1876 Praetextatus,
3403 1812 3718 1875 Germanus,
3737 1812 3869 1872 Felix,

2330 1902 2681 1966 Domitianus,
2705 1903 2988 1966 Victorius,
3015 1913 3066 1957 tt
3098 1905 3387 1957 Domndus
3419 1902 3654 1973 episcopi
3683 1914 3723 1957 ο.
3749 1901 3873 1956 Solli-

2327 1995 2429 2048 cita
2459 2008 2578 2048 sunt
2609 1997 2805 2065 jugiter
2836 1998 2973 2049 circa
3005 2014 3172 2065 genus
3205 2001 3496 2050 humanum
3533 1998 3788 2050 immensze
3811 1998 3871 2046 di-

2328 2086 2566 2140 vinitatis
2593 2089 2868 2152 provisura
2901 2089 3156 2154 remedia,
3186 2106 3281 2142 nec
3307 2089 3375 2141 ab
3406 2089 3714 2143 assiduitate
3739 2088 3871 2141 benc-

2329 2180 2565 2232 ficiorum
2589 2194 2805 2233 suorum
2825 2195 3141 2248 quocunque
3166 2181 3282 2234 loco
3304 2181 3382 2235 rel
3410 2191 3647 2250 tempore
3663 2180 3868 2233 videntur

2326 2272 2609 2339 aliquando
2639 2271 2909 2339 sejuncta,
2942 2285 3060 2324 cum
3097 2271 3211 2338 pius
3239 2287 3417 2325 rerqu
3453 2274 3662 2326 Arbiter
3691 2271 3804 2322 tales
3829 2271 3866 2320 in

2328 2361 2635 2416 hmieditate
2658 2364 2878 2416 culturae
2905 2363 3281 2416 ecclesiasticae
3305 2379 3563 2431 personas
3587 2363 3763 2428 ubique.
3781 2361 3862 2412 dis-

2325 2457 2586 2519 setninat,
2617 2456 2807 2524 quibus
2838 2471 3017 2524 agrum
3061 2455 3177 2525 ejus
3219 2457 3421 2510 intenta
3455 2456 3748 2525 operatione
3770 2454 3864 2506 περί

2327 2558 2498 2602 rastro
2529 2550 2844 2613 colentibus,
2871 2551 2934 2603 ad
2963 2551 3168 2605 felicem
3200 2555 3409 2604 centeni
3446 2553 3643 2604 numeri
3676 2551 3860 2603 reditetn

2325 2640 2500 2694 divina
2535 2643 2790 2708 temperie
2819 2641 3013 2696 Christi
3047 2658 3084 2695 St
3107 2657 3199 2711 ges
3236 2644 3403 2697 valeat
3443 2643 3725 2710 pervertire.
3748 2639 3860 2691 Tan-

2326 2741 2432 2784 tum
2483 2730 2640 2800 igitur
2687 2731 3028 2802 benignitatis
3071 2733 3186 2801 ejus
3234 2752 3290 2788 se
3339 2735 3537 2802 passim
3585 2731 3859 2799 dispensruio

2325 2822 2598 2891 profutura
2645 2824 2890 2877 dill'undit
2912 2866 2926 2889 ,
2959 2836 3012 2877 ut
3047 2825 3171 2878 illud
3219 2840 3482 2894 nusquam
3513 2825 3723 2894 deneget
3748 2819 3857 2890 ψιυὰ

2322 2913 2576 2982 prodesse
2601 2915 2780 2966 multis
2805 2916 3064 2984 agnoscit.
3085 2916 3318 2982 Quarum
3346 2931 3685 2983 personarum
3707 2927 3856 2965 exem-

2324 3003 2408 3069 plo
2436 3005 2771 3058 sanctis~imo
2797 3020 2915 3059 cum
2943 3006 3274 3073 judicaturus
3302 3005 3604 3069 advenerit,
3632 3003 3796 3058 habeat
3818 3001 3853 3051 in

715 3103 954 3158 XXXIX.
987 3103 1040 3158 ln
1072 3105 1396 3156 monasterio
1425 3117 1550 3158 vero
1579 3103 1905 3170 Pictavcnsi,
1937 3105 2212 3161 insidiante

2325 3093 2564 3161 plurimis
2607 3095 2747 3163 quod
2795 3107 3036 3151 eoronet.
3069 3097 3249 3166 laque
3291 3113 3417 3151 cum
3470 3099 3583 3168 ipso
3629 3093 3852 3151 catholica:

642 3194 854 3250 diabolo
879 3196 928 3247 in
952 3193 1112 3247 corde
1137 3191 1627 3264 Cbrodieldis,qu:e
1647 3210 1707 3250 se
1727 3196 2026 3252 Chariberti
2050 3214 2216 3266 quon—
2265 3189 2290 3191 “
2327 3189 2599 3258 religionis
2638 3205 2830 3246 exortu
2863 3193 3154 3260 coepissent
3184 3193 3480 3248 Gallicanis
3510 3195 3560 3246 in
3591 3191 3759 3244 finibus
3784 3202 3852 3238 te-

641 3287 762 3339 dam
796 3285 934 3352 regis
963 3284 1120 3337 ﬁliam
1151 3283 1452 3349 asserebat,
1482 3295 1601 3339 orto
1626 3287 1906 3354 seandalo,
1932 3288 2042 3356 ipsa
2081 3305 2216 3357 qun-
2323 3287 2573 3340 nerandm
2625 3289 2743 3340 fidei
2794 3288 3080 3353 primordia
3119 3285 3139 3326 ¹
3195 3289 3493 3356 respirare,
3523 3300 3575 3344 et
3617 3287 3766 3342 adhuc
3801 3281 3849 3334 ad

641 3391 749 3446 que
779 3375 930 3443 quasi
959 3377 1026 3430 de
1054 3373 1366 3444 parentibus
1394 3376 1595 3430 conlisa
1625 3379 1872 3446 regibus,
1901 3382 2103 3435 exactis
2133 3397 2218 3435 sa-
2322 3393 2616 3446 paucorum
2645 3392 2885 3432 notitiam
2916 3389 3040 3434 tunc
3068 3379 3352 3434 ineffabilia
3391 3383 3740 3450 pervenissent
3762 3378 3850 3430 Tri-

644 3471 936 3522 crament's
969 3481 998 3519 a
1030 3467 1547 3532 sanctimonialibus,
1582 3477 1638 3523 ut
1668 3469 1873 3538 injectis
1905 3473 1954 3524 in
1985 3473 2217 3526 ahbatis-
2320 3470 2499 3523 uitatis
2551 3470 2841 3524 Dominica:
2888 3483 3255 3537 sacramenta;
3309 3490 3374 3527 ne
3431 3475 3552 3542 quid
3601 3474 3678 3526 hic
3717 3467 3849 3522 minus

641 3573 754 3611 sam
787 3557 1148 3611 Leuboveram
1174 3557 1507 3623 criminibus,
1536 3574 1595 3613 ea
1628 3564 1956 3616 monasterio
1986 3564 2212 3632 dejecta,
2318 3561 2639 3629 acquireret,
2665 3577 2820 3628 quam
2854 3562 2903 3614 in
2936 3562 3081 3615 orbis
3111 3563 3308 3615 circulo
3339 3563 3730 3631 praedicantibus
3753 3570 3849 3622 arp-

642 3648 808 3716 ipsam
832 3649 1214 3702 substituerunt
1240 3647 1604 3716 principalem.
1629 3649 1961 3720 Egressaque
1990 3662 2073 3707 est
2094 3667 2214 3707 cum
2319 3651 2474 3704 stolis
2494 3651 2782 3714 obtineret,
2801 3650 3010 3704 beatum
3037 3652 3313 3704 Martitnnn
3346 3652 3622 3722 peregrina
3645 3651 3703 3702 de
3721 3647 3850 3711 stirpe

641 3741 988 3810 quadraginta
1018 3749 1109 3793 aut
1131 3753 1196 3793 eo
1223 3738 1448 3808 amplius
1475 3738 1682 3807 puellis,
1702 3749 1757 3794 et
1777 3743 2091 3797 consobrina
2121 3757 2214 3797 sua
2317 3741 2382 3794 ad
2409 3741 2852 3795 illuminationem
2884 3743 3063 3810 patria!
3090 3742 3334 3812 dignatus
3358 3755 3446 3797 est
3469 3744 3704 3810 dirigere,
3725 3737 3848 3790 inise-

644 3833 831 3887 Basina
865 3833 971 3884 lilia
1001 3830 1314 3899 Chilperici,
1344 3830 1529 3886 dicens
1559 3849 1571 3884 :
1605 3831 1736 3899 Quia
1765 3833 1900 3886 vado
1930 3835 1996 3888 ad
2028 3850 2215 3902 paren-
2321 3833 2548 3887 ticerdia
2578 3836 2914 3887 consulente.
2944 3834 3041 3898 Qui
3082 3833 3203 3887 licet
3245 3835 3610 3902 apostolorum
3652 3837 3848 3894 tempore

640 3936 722 3980 tes
752 3939 900 3980 meos
929 3938 1104 3993 reges,
1136 3931 1192 3976 ut
1220 3923 1298 3976 eis
1327 3924 1707 3979 contumeliam
1741 3935 1974 3979 nostram
2005 3927 2214 3982 innote-
2317 3941 2421 3978 non
2457 3925 2642 3988 fuerit,
2673 3936 2849 3978 tamen
2884 3925 3226 3993 aposto‘ieam
3273 3926 3504 3993 gratiam
3551 3940 3647 3978 non
3684 3916 3846 3986 ell'ugil.

638 4031 790 4071 scere
818 4016 1023 4070 valeam
1059 4033 1071 4067 :
1103 4011 1226 4083 quia
1259 4029 1364 4068 non
1397 4023 1454 4068 ut
1484 4015 1603 4068 lilia:
1643 4032 1862 4084 regum,
1893 4017 1986 4071 sed
2019 4025 2074 4071 ut
2103 4032 2215 4070 tna-
2315 4017 2446 4071 Nam
2477 4017 2615 4087 quod
2651 4017 2817 4070 deluit
2847 4017 2899 4069 in
2934 4017 3140 4081 ordine,
3161 4019 3466 4087 suppleturu
3497 4029 3574 4071 est
3605 4017 3656 4070 in
3680 4024 3846 4064 merer-

640 4109 808 4161 larum
830 4106 1138 4160 ancillarum
1166 4105 1358 4174 genita:
1383 4105 1434 4158 in
1468 4107 1568 4158 hoc
1595 4107 1711 4159 loco
1739 4107 2097 4160 bumiliamur.
2124 4107 2210 4161 ln-
2315 4109 2382 4162 de
2417 4127 2428 4160 :
2462 4108 2713 4165 quoniam
2747 4107 2908 4179 465
2952 4123 3180 4176 sequens
3207 4109 3398 4174 gradus
3431 4109 3504 4163 illi
3534 4105 3653 4161 nihil
3681 4104 3844 4155 subtra-

640 4200 764 4253 fclix
797 4212 858 4250 ac
888 4197 1057 4250 facilis
1085 4205 1109 4234 ο
1143 4210 1247 4248 non
1281 4196 1586 4260 recordans,
1619 4197 1671 4248 in
1700 4211 1801 4263 qua
1832 4211 1890 4248 se
1924 4197 2213 4252 humilitate
2319 4199 2416 4264 hit,
2442 4203 2529 4268 qui
2561 4199 2766 4253 meritis
2797 4200 3088 4254 antecellit.
3119 4199 3283 4268 Hujus
3313 4215 3547 4270 quoque,
3578 4191 3844 4253 reverentis-

638 4291 789 4343 beata
836 4286 1195 4355 lladegundis,
1228 4301 1347 4353 qua:
1394 4285 1494 4339 hoc
1541 4286 1769 4338 instituit
1808 4288 2210 4351 monasterium,
2315 4288 2448 4341 sima
2482 4289 2616 4354 lilia,
2651 4289 2703 4342 in
2735 4289 2883 4342 vobis
2924 4289 3359 4358 congratulamur
3397 4290 3624 4343 rediviva
3666 4294 3843 4348 surgere

635 4383 942 4437 exhibebat.
965 4381 1189 4449 Egressa
1217 4394 1346 4448 ergo
1375 4378 1444 4430 ab
1471 4393 1536 4431 eo
1555 4377 1782 4431 Turonis
1805 4379 2038 4442 advenit,
2063 4379 2214 4433 data-
2315 4393 2561 4445 supernae
2608 4378 2909 4432 dilectionis
2955 4378 3196 4446 exempla
3215 4419 3230 4442 ,
3277 4379 3641 4447 propitiatione
3681 4373 3840 4428 divina-

636 4489 736 4542 que
760 4471 911 4525 nobis
934 4469 1276 4533 salutatione,
1294 4469 1401 4522 ait:
1428 4467 1710 4536 Deprecor,
1732 4477 1913 4521 sancte
1939 4471 2208 4532 sacerdos,
2240 4481 2292 4542 D
2319 4471 2448 4525 Nam
2479 4472 2777 4525 declinante
2807 4480 3046 4540 tempore
3075 4473 3254 4526 saeculi
3277 4481 3559 4536 vetustate,
3582 4466 3721 4523 vestri
3745 4477 3840 4518 sen-

635 4577 691 4615 ut
723 4564 814 4614 has
845 4560 1201 4632 puellas,qum
1231 4561 1283 4614 in
1314 4573 1557 4628 magnam
1583 4558 1931 4614 humilitatem
1956 4562 2023 4614 ab
2048 4563 2209 4616 abba-

637 4660 762 4708 tissa
796 4652 1095 4707 Pictavensi
1125 4652 1358 4706 redactae
1387 4659 1533 4715 sunt,
1563 4649 1833 4703 custodire
1860 4651 2115 4720 digneris,
2146 4667 2207 4707 ac

633 4751 811 4801 cibum
855 4748 1114 4814 prmbere,
1143 4747 1312 4797 donec
1351 4757 1449 4810 ego
1491 4756 1608 4796 eam
1653 4740 1718 4794 ad
1766 4755 1918 4810 reges
1960 4752 2207 4810 parentes

637 4849 878 4902 nostros,
909 4849 1284 4903 exponamque
1313 4835 1393 4887 eis
1423 4848 1542 4902 quas
1573 4833 1822 4901 patimur,
1853 4844 1906 4887 et
1942 4843 2201 4890 revertar.

632 4936 835 5003 Quibus
864 4946 962 4999 ego
990 4930 1075 4984 aio
1100 4945 1112 4980 :
1144 4929 1201 4984 Si
1229 4928 1493 4981 abbatissa
1523 4927 1760 4996 deliquit.
1779 4938 1870 4983 aut
1895 4930 2202 4985 canonicam

633 5027 866 5097 regulam
895 5025 946 5079 in
973 5021 1151 5092 aliquo
1175 5018 1533 5090 praztermisit,
1553 5021 1868 5075 accedamus
1891 5021 1958 5076 ad
1988 5021 2202 5076 fratrem

705 5195 730 5222 η
761 5185 922 5251 Vulgo
964 5179 1201 5251 Marleint
1246 5175 1404 5251 hodie
1440 5173 1644 5251 dicitur
1672 5175 1721 5251 in
1765 5174 1997 5251 Alsatia,
2027 5178 2199 5232 media

633 5256 744 5309 fere
772 5244 1020 5308 viavinter
1053 5245 1421 5303 Molshemium
1442 5283 1460 5311 ,
1491 5244 1786 5309 Molslteim,
1813 5258 1866 5298 et
1894 5247 2195 5313 Tabernas,

632 5327 874 5387 Saverne,
907 5322 998 5375 ubi
1023 5323 1262 5372 visuntur
1292 5318 1622 5387 etiamnunc
1651 5317 1789 5369 villae
1820 5317 1978 5387 regia;
2008 5318 2198 5372 rudera

631 5395 768 5446 inter
795 5384 1044 5459 oppidum
1072 5389 1308 5459 ejusdem
1343 5385 1571 5459 nominis
1597 5395 1651 5438 et
1671 5388 1839 5459 vicum
1863 5384 2093 5459 Kirkem,
2111 5387 2199 5455 qui

630 5465 788 5537 etiam
817 5457 940 5537 olim
969 5477 1123 5537 suum
1157 5458 1386 5537 habebat
1415 5457 1665 5536 palatium
1695 5458 1918 5524 regium.
1950 5457 2022 5510 De
2054 5468 2198 5510 utro-

628 5547 733 5600 que
763 5533 814 5583 in
847 5530 934 5582 lib.
962 5546 1010 5582 Iv
1041 5529 1108 5582 de
1135 5542 1194 5581 re
1226 5528 1594 5594 Diplomatica.

694 5601 728 5642 ιιι
761 5601 814 5653 Id
841 5609 920 5652 est
953 5607 1297 5665 procuratore
1325 5596 1511 5648 domus
1541 5595 1699 5662 regiae
1729 5594 1889 5646 illius.

633 5740 674 5801 ὓ
703 5680 727 5709 ε
761 5670 849 5749 Sic
874 5669 1029 5721 codd.
1052 5683 1179 5727 mss.
1205 5669 1272 5720 At
1293 5665 1440 5732 editi,
1457 5665 1770 5734 [cumquod
1795 5665 1936 5728 idem
1962 5677 2044 5724 est
2065 5667 2201 5738 apud

684 5754 963 5801 regortunt.

684 5754 963 5805 regortunt.

2317 4577 2411 4617 sus
2440 4563 2733 4616 certamine
2764 4562 2895 4617 fides
2925 4562 3203 4617 revirescit
3239 4563 3289 4616 in
3322 4563 3454 4618 flore
3484 4583 3494 4616 :
3525 4571 3575 4617 et
3599 4555 3756 4633 [Forte
3780 4547 3839 4617 ιιι]

2319 4653 2459 4723 quod
2491 4664 2711 4708 veterno
2758 4663 2998 4722 tepuerat
3033 4655 3215 4723 algore
3243 4667 3506 4719 senectze,
3541 4652 3728 4707 tandem
3758 4645 3837 4697 fer-

2315 4750 2492 4799 ventis
2520 4746 2680 4799 animi
2711 4759 2894 4799 rursus
2924 4746 3212 4800 incalescat
3235 4747 3447 4802 ardore.
3470 4745 3569 4800 Sed
3599 4756 3704 4797 cum
3728 4748 3836 4805 pene

2314 4837 2500 4889 eadem
2533 4834 2747 4888 veneris
2776 4850 2840 4889 ex
2875 4844 3056 4900 parte,
3087 4850 3187 4904 qua
3219 4835 3433 4890 beatum
3467 4834 3724 4889 Martinum
3755 4826 3834 4876 huc

2310 4928 2591 4982 didicimus
2616 4928 2908 4982 accessisse
2933 4935 2976 4989 8,
2996 4941 3100 4980 non
3129 4935 3210 4980 est
3237 4927 3430 4981 mirum
3455 4927 3497 4981 si
3523 4925 3655 4979 illum
3677 4911 3832 4972 imitari

2310 5019 2542 5073 videaris
2571 5019 2624 5072 in
2649 5032 2833 5086 opere,
2855 5031 3011 5085 quem
3041 5017 3134 5071 tibi
3162 5017 3352 5071 ducem
3381 5017 3637 5072 credimus
3663 5004 3832 5063 itineris

2379 5171 2406 5209 ά
2442 5174 2574 5227 Editi
2598 5213 2614 5237 ,
2645 5174 2975 5240 responsioni.
3023 5172 3209 5242 Regnt.
3257 5174 3389 5226 infra
3413 5219 3426 5242 ,
3470 5171 3691 5225 monitura
3729 5177 3828 5215 cott-

2308 5255 2545 5296 (erumna.

2381 5325 2403 5350 ε
2437 5313 2719 5367 Eulronius
2745 5313 3090 5372 Turonensis,
3111 5311 3457 5366 Prmtextatus
3489 5310 3826 5374 flotlmmagen-

2305 5385 2398 5448 sis,
2423 5386 2717 5437 Germanus
2742 5383 3077 5445 l'arisiensis,
3103 5381 3244 5435 Felix
3281 5380 3652 5434 Namnetenis.
3682 5373 3826 5448 fluuii.-

2307 5443 2482 5507 tianus
2507 5451 2922 5520 Andegavensis,
2942 5443 3202 5505 Victorius
3233 5451 3609 5504 Rhedonemis.
3627 5456 3672 5496 et
3698 5443 3820 5493 Dom-

2312 5527 2462 5576 nulus
2493 5523 2943 5576 (Lenoniannensis
2971 5523 3202 5586 episc0pi
3236 5522 3400 5572 fttere.
3594 5584 3600 5586 _
3676 5581 3701 5586 __

2385 5593 2403 5630 ί
2443 5594 2629 5646 Mirum
2664 5593 2748 5645 hic
2781 5577 3065 5658 primordia
3100 5577 3218 5644 fidei
3249 5591 3554 5644 Chrisﬁana:
3591 5584 3638 5637 in
3667 5577 3822 5634 Galliis

2309 5665 2372 5716 ad
2404 5674 2636 5728 tempore
2666 5663 2831 5714 sancti
2865 5661 3066 5712 Martini
3098 5664 3358 5713 revocari.

2381 5742 2405 5781 ε
2440 5732 2775 5801 ltadegundis
2815 5731 2917 5784 filia
2943 5739 3058 5785 erat
3087 5731 3346 5785 Bertbarii
3375 5728 3732 5793 'l'horingorutu
3755 5729 3818 5770 rc-
