3942 6190
140 290 236 343 517

1046 291 1368 349 HISTORIA
1412 292 1846 354 FRANCOBUM.
1888 300 2093 357 LIBER
2133 303 2357 362 NONUS

3274 318 3379 372 5l8

139 397 396 452 utilisse
435 414 447 451 ε
488 406 545 451 ul
586 395 739 467 cuius
789 411 849 451 es
901 408 1081 452 secula
1125 400 1365 468 Vesligia.
1397 399 1533 453 felici
1580 410 1701 455 νοιο
1728 411 1773 465 Α
1803 421 1944 465 ctum
1975 424 2078 476 est,
2106 416 2309 469 caelesti
2337 415 2561 485 judicio,
2593 417 2745 474 nobis
2775 423 3097 491 optantibus,
3125 429 3381 493 pchcIla-

138 487 393 555 complens
420 496 470 540 et
495 487 764 556 exempla,
788 495 843 541 et
875 487 1241 545 beatissimum
1270 491 1438 543 virum
1475 491 1525 542 in
1554 500 1701 545 tanto

142 577 222 629 tihi
250 576 408 629 facias
433 592 552 632 esse
581 578 789 632 socium
812 617 825 641 ,
861 579 914 632 in
951 590 1210 648 quantum
1253 591 1454 647 partem
1502 582 1703 652 refugis

142 666 323 723 habere
346 666 416 720 de
443 669 662 722 mundo.
680 668 846 734 Cujus
872 668 1139 737 opinionis
1162 670 1312 724 radio
1340 674 1700 739 tirmniicatite,

142 757 203 808 ita
223 754 398 810 reddis
419 757 744 812 audientium
775 769 987 827 pectora
1019 761 1223 815 cmleSti
1252 762 1453 830 fulgotc
1480 764 1698 829 suffusa,

143 856 193 900 ut
232 849 425 915 passim
472 850 749 916 provocati
796 851 1085 919 puellarum
1136 852 1321 916 animi,
1352 853 1516 908 divini
1569 857 1703 924 ignis

140 940 344 994 scintilla
374 942 643 1007 succensi,
666 945 857 1011 raptim
888 941 1142 997 festinent
1169 944 1324 998 avide
1356 946 1408 998 in
1438 946 1699 1002 cliaritate

140 1025 318 1083 Christi
357 1029 507 1086 fonte
546 1032 708 1086 vestri
753 1032 984 1099 pectoris
1025 1033 1267 1103 irrigari,
1295 1044 1345 1086 et
1375 1034 1575 1089 relictis
1606 1052 1701 1104 pa-

143 1120 364 1176 rentibus
396 1131 448 1177 te
477 1122 579 1176 sibi
612 1122 780 1193 magis
809 1122 1040 1193 eligant,
1072 1138 1229 1192 quam
1274 1134 1517 1178 matrem.
1551 1125 1697 1181 Facit

148 1210 232 1263 hoc
256 1210 422 1278 gratia
441 1251 457 1275 ,
486 1227 592 1264 non
624 1221 833 1265 natura.
863 1210 1024 1281 Igitur
1046 1221 1072 1248 ι
1101 1210 1256 1281 hujus
1281 1212 1441 1267 studii
1477 1223 1595 1268 vota
1624 1217 1702 1268 vi-

138 1303 336 1368 dentes,
378 1306 582 1372 gratias
627 1300 1213 1371 clementiaa'supernae
1259 1306 1577 1372 referimus,
1610 1322 1701 1376 qut

140 1398 417 1452 voluntates
466 1397 743 1453 hominum
786 1412 899 1453 sna:
938 1398 1063 1453 facit
1102 1401 1359 1454 voluntati
1402 1400 1651 1455 conuecti
1684 1420 1697 1454 :

138 1486 363 1555 quoniam
395 1489 722 1543 confidimus
753 1504 885 1557 quas
915 1489 1055 1558 apud
1082 1504 1176 1543 vos
1201 1488 1349 1558 jubet
1376 1490 1580 1560 colligi,
1605 1507 1701 1544 suo

141 1580 237 1633 vult
259 1580 507 1649 amplexu
538 1583 762 1635 servari.
789 1582 853 1635 Et
880 1583 1001 1652 quia
1029 1582 1282 1650 quasdam
1313 1583 1695 1651 comperimus,

136 1669 385 1725 divinitate
416 1672 670 1742 propitia,
693 1673 760 1727 de
785 1674 982 1727 nostris
1011 1674 1297 1727 territoriis
1324 1674 1387 1727 ad
1416 1674 1699 1729 institutio-

1808 512 1912 568 lur,
1936 504 2105 559 donec
2132 510 2469 574 separatione
2499 509 2657 578 facta,
2684 526 2778 581 per
2804 526 3193 583 comp-tentem
3223 536 3380 575 essen

1804 596 1987 649 crandi
2012 596 2252 652 criminis
2282 601 2672 667 pmnitcntiam,
2691 619 2717 655 a
2748 605 2864 658 loco
2892 622 2995 674 quo
3022 624 3232 675 egressa
3264 611 3377 664 fuc-

1806 694 1910 748 rat,
1942 687 2107 755 recipi
2140 690 2393 743 meruerit
2421 700 2473 743 et
2500 691 2735 746 adnecti.
2768 694 3092 764 Adjicientes
3118 700 3295 757 etiam.
3324 712 3381 755 nt

1804 789 1989 830 eorum
2020 779 2110 843 qui
2142 779 2295 834 nobis
2319 781 2634 851 quandoque
2664 787 2960 839 successuri
2982 800 3104 842 sunt
3130 794 3376 845 sacerdo—

1806 874 1906 929 tes,
1926 868 2123 921 similis
2146 871 2607 927 condetnnationis
2636 881 2914 929 teneantur
2933 881 3163 934 astrictzn
3194 896 3377 948 reatu;

1806 964 1861 1009 et
1884 956 1949 1016 si.
1969 959 2111 1025 quod
2142 975 2247 1014 non
2281 962 2571 1029 credimus,
2592 965 2789 1035 aliquid
2818 967 2915 1035 ipsi
2938 970 3201 1026 voluerint
3228 974 3380 1026 aliter

1804 1062 1961 1116 quam
1994 1059 2174 1104 nostra
2206 1052 2523 1109 deliberatio
2550 1058 2805 1120 continet,
2836 1060 3097 1123 relaxare,
3128 1066 3379 1118 noverint

1802 1152 1863 1191 se
1906 1138 2183 1193 nobiscum
2232 1149 2435 1196 teter-no
2474 1141 2660 1198 Judice
2695 1146 2979 1201 deliniente
3015 1160 3326 1205 causaturos
3358 1168 3374 1205 :

1802 1229 1923 1295 quia
1955 1232 2252 1284 communis
2282 1242 2363 1286 est
2390 1233 2577 1288 salutis
2602 1233 2902 1301 instructio,
2921 1238 2965 1291 si
2995 1239 3136 1306 quod
3166 1239 3378 1295 Christo

1810 1322 2137 1388 promittitur
2186 1324 2559 1380 inviolabiliter
2603 1326 2933 1383 observetur.
2983 1330 3133 1397 Quod
3180 1344 3378 1386 nostra:

1802 1411 2262 1469 determinationis
2283 1416 2578 1483 decretum,
2601 1433 2700 1487 pro
2727 1419 2994 1475 firmitatis
3022 1422 3236 1488 intuitu,
3255 1439 3378 1493 pro-

1807 1506 1940 1574 priae
1988 1522 2174 1561 manus
2221 1508 2619 1577 subscriptione
2663 1512 2931 1567 credimus
2974 1513 3329 1569 roborandum
3354 1554 3376 1583 ,

1804 1597 2187 1665 perpetualiter
2206 1613 2235 1651 a
2264 1598 2415 1653 nobis
2441 1600 2655 1653 Christo
2673 1602 2889 1670 auspice
2908 1614 3244 1659 servaturum
3267 1604 3317 1659 ἀ.
3349 1624 3371 1658 ι

1875 1685 2031 1740 Lecta
2076 1686 2233 1757 igitur
2259 1689 2356 1741 hac
2384 1688 2629 1757 epistola,
2652 1689 2988 1747 Chrodieldis
3008 1693 3140 1747 dixit
3181 1712 3193 1747 :
3229 1696 3376 1749 Nun-

139 1777 241 1817 nem
269 1774 459 1819 vestra:
491 1766 687 1835 regula:
712 1766 1140 1821 desiderabiliter
1168 1768 1503 1832 convolasse,
1529 1767 1693 1836 inspi-
1724 1769 1770 1829 Β
1796 1789 1951 1845 quam
1992 1790 2091 1831 nos
2134 1777 2239 1831 ulla
2289 1777 2542 1832 retinebit
2588 1793 2757 1843 mora,
2790 1781 2890 1835 nisi
2928 1782 2995 1836 ad
3038 1798 3211 1853 reges,
3241 1801 3375 1853 quos

135 1853 313 1909 cientes
340 1856 508 1909 etiam
539 1866 733 1911 vestrae
765 1856 1041 1925 petitionis
1070 1856 1383 1924 epistolam,
1411 1859 1637 1913 libenter
1662 1875 1691 1912 a

138 1945 272 2001 nobis
297 1958 580 2017 exceptam
598 1989 613 2014 ,
637 1947 741 2003 hoc
766 1948 984 2003 Christo
1012 1960 1232 2004 auctore
1258 1960 1313 2004 et
1340 1951 1694 2006 remediatore

135 2034 379 2091 ﬁrmamus
410 2055 423 2090 :
464 2048 525 2092 ut
554 2038 676 2094 licet
702 2054 891 2094 omnes
919 2040 1197 2109 aequaliter
1224 2055 1342 2109 quze
1386 2040 1455 2095 ibi
1496 2055 1694 2097 conve-

134 2127 284 2191 niunt,
310 2128 364 2184 in
390 2128 613 2185 Domini
639 2130 900 2185 cltaritate
929 2146 1196 2185 mansura:
1222 2132 1455 2186 debeant
1475 2133 1695 2189 inviola-

135 2216 285 2270 biliter
322 2220 634 2284 custodire.
663 2221 801 2290 quod
835 2221 1082 2276 videntur
1124 2221 1480 2277 libentissimo
1510 2224 1690 2279 animo

131 2310 404 2378 suscepisse
430 2353 442 2376 ,
479 2312 731 2380 quoniam
761 2312 1110 2366 contaminari
1145 2329 1249 2367 nun
1281 2314 1444 2368 debet
1472 2314 1689 2369 Christo

133 2400 241 2456 ﬁdes
275 2405 409 2458 caelo
464 2412 602 2459 teste
648 2406 932 2473 promissa,
962 2405 1047 2459 ubi
1091 2421 1195 2459 non
1244 2406 1359 2460 leve
1397 2406 1573 2461 scelus
1610 2416 1694 2463 est

132 2494 352 2562 templum
385 2493 527 2560 Dei,
557 2494 699 2563 quod
730 2494 896 2559 absit,
919 2496 1121 2566 pollui,
1152 2507 1209 2550 ut
1238 2497 1306 2549 ah
1332 2511 1397 2551 eo
1425 2496 1591 2565 possit
1616 2499 1691 2553 ira

130 2585 461 2642 succendente
488 2585 748 2655 disperdi.
767 2587 966 2642 Tamen
994 2589 1296 2656 specialiter
1317 2589 1621 2653 definimus,
1645 2587 1692 2645 si

128 2686 230 2739 qua,
255 2674 386 2730 sicut
410 2675 626 2730 dictum
656 2688 759 2742 est,
790 2677 860 2733 de
890 2676 1025 2733 locis
1057 2678 1464 2733 sacerdotaliter
1494 2687 1694 2733 nostrae

130 2763 506 2835 gubernationi,
538 2767 766 2823 Domino
794 2769 1140 2837 providente,
1166 2771 1498 2836 commissis,
1521 2769 1575 2825 in
1607 2770 1695 2826 Pi-

131 2863 259 2911 ctava
289 2856 315 2896 δ
344 2858 573 2914 civitate
618 2871 801 2915 vestro
848 2863 1173 2916 monasterio
1219 2860 1383 2932 466
1434 2864 1690 2917 meruerit

135 2951 327 3018 sociari,
354 2952 656 3009 seettndum
709 2954 877 3009 beata:
924 2955 1197 3007 memoria:
1244 2953 1427 3007 domui
1472 2954 1689 3008 Caesarii

131 3026 424 3098 Arelatensis
453 3043 695 3113 episcopi
725 3043 1044 3111 Constituta,
1072 3045 1200 3097 nulli
1232 3044 1301 3098 sit
1326 3045 1547 3099 ulterius
1572 3045 1656 3102 dis

1798 1874 2044 1936 parentes
2065 1876 2275 1920 nostros
2303 1881 2423 1921 esse
2453 1868 2717 1930 novimus,
2740 1870 3073 1927 accedamus.
3107 1874 3375 1931 Venerant

1794 1957 1936 2011 enim
1970 1957 2202 2026 pedestri
2247 1958 2439 2013 itinere
2483 1973 2511 2012 a
2553 1958 2789 2024 Pictavo,
2838 1976 2937 2016 nec
2982 1964 3141 2018 ullius
3177 1967 3374 2035 eqnitis

1794 2044 1870 2118 [1.
1899 2046 2043 2118 equi]
2081 2047 2393 2102 beneficium
2424 2048 2584 2119 567
2618 2050 2909 2106 habuerant
2949 2068 2964 2107 :
3001 2055 3138 2110 unde
3165 2056 3373 2112 anhe‘m

1793 2146 1845 2191 et
1891 2137 2021 2192 satis
2065 2138 2273 2207 exigua:
2319 2150 2491 2193 erant.
2549 2140 2653 2195 Sed
2704 2156 2803 2197 nec
2847 2144 3020 2198 victus
3064 2146 3371 2202 alimoniam

1757 2227 1954 2281 -ullam
1987 2227 2066 2282 eis
2111 2228 2163 2281 in
2194 2229 2275 2283 via
2320 2229 2599 2299 quisquam
2643 2231 2958 2299 praebuerat.
3014 2235 3372 2292 Accesserant

1794 2320 1938 2373 enim
1985 2320 2051 2373 ad
2085 2320 2270 2376 urbem
2319 2330 2557 2375 nostram
2607 2322 2695 2376 die
2726 2324 2894 2391 prima
2941 2326 3143 2381 mensis
3186 2328 3372 2396 primi;

1792 2418 1946 2463 erant
1996 2411 2141 2464 enim
2194 2407 2383 2477 pluvia:
2434 2425 2663 2480 magnae,
2721 2411 2814 2465 sed
2869 2423 2923 2468 et
2972 2413 3073 2469 viae
3101 2414 3373 2473 dissolutas

1791 2508 1947 2553 erant
1974 2514 2004 2553 a
2034 2500 2195 2554 nimia
2225 2502 2581 2557 immensitate
2610 2517 2887 2573 aquarum.

1864 2585 1975 2641 XL.
2020 2589 2382 2645 Detrahehant
2417 2600 2595 2646 autem
2631 2602 2687 2647 et
2711 2593 2778 2647 de
2807 2593 3081 2664 episcopo,
3112 2596 3372 2669 dicentes,

1790 2680 1914 2746 quia
1945 2679 2088 2733 illius
2123 2679 2246 2735 dolo
2276 2691 2330 2735 et
2359 2681 2441 2734 ha:
2486 2683 2731 2745 turbatae,
2759 2691 2814 2736 et
2839 2686 3219 2741 monasterium
3254 2701 3371 2745 erat

1792 2770 2138 2835 derelictum;
2172 2770 2265 2826 sed
2313 2773 2587 2826 materiam
2619 2772 2775 2841 hujus
2804 2775 3038 2829 scandali
3070 2778 3227 2832 altius
3254 2780 3370 2850 pla-

1790 2864 1899 2918 cuit
1930 2865 2241 2920 memorari.
2294 2863 2558 2934 Tempore
2602 2864 2993 2921 Chlotbacharii
3041 2870 3195 2938 regis,
3243 2886 3365 2925 cum

1788 2953 1943 3009 beata
1964 2954 2300 3023 Radegundis
2328 2955 2427 3008 hoc
2449 2958 2828 3011 monasterium
2856 2956 3195 3027 instituisset,
3225 2976 3369 3016 sem-

1793 3060 1886 3112 per
1930 3045 2169 3113 subjecta
2216 3055 2271 3099 et
2309 3043 2567 3098 obediens
2602 3059 2722 3100 cum
2762 3047 2906 3101 omni
2948 3052 3368 3119 congregatione

130 3130 320 3188 cedendi
342 3136 743 3203 licentia,quai,
773 3136 912 3192 sicut
930 3139 1168 3192 continet
1190 3134 1391 3208 regula,
1414 3140 1688 3195 voluntate
1714 3122 1762 3186 C
1794 3150 1887 3188 sua
1926 3135 2285 3192 anterioribus
2315 3134 2412 3189 fuit
2436 3136 2724 3205 episcopis.
2775 3137 3043 3207 Tempore
3069 3155 3196 3194 vero
3224 3138 3366 3211 Sigi-

132 3224 313 3290 propria
338 3226 357 3247 '
386 3226 606 3281 videtur
638 3224 874 3295 ingressa
904 3242 919 3279 :
951 3241 1020 3281 ne
1050 3228 1206 3281 unius
1258 3228 1397 3297 turpi
1426 3227 1689 3284 dedecore

131 3314 324 3372 ducatur
363 3320 417 3374 in
458 3321 669 3375 crimen
711 3320 815 3389 lAf.
844 3320 1110 3395 crimine],
1137 3322 1278 3392 quod
1318 3323 1457 3389 apud
1497 3339 1687 3381 omnes

133 3403 295 3460 emicat
340 3409 392 3463 in
440 3410 671 3465 honore.
708 3410 776 3465 Et
825 3410 945 3466 ideo
981 3411 1050 3474 si,
1080 3412 1226 3482 quod
1274 3422 1479 3469 avertat
1523 3414 1683 3482 Dens,

138 3496 287 3566 aliqua
317 3501 521 3557 insana:
554 3502 752 3557 mentis
782 3503 1109 3559 illicitatione
1139 3520 1393 3562 succensa
1416 3546 1433 3573 ,
1463 3506 1529 3561 ad
1560 3509 1687 3563 tanti

138 3590 375 3655 opprobrii
410 3593 682 3646 maculam
714 3594 1047 3662 praecipitare
1086 3610 1235 3649 suam
1268 3598 1493 3652 voluerit
1524 3600 1689 3655 disci-

134 3678 320 3750 plinam,
346 3682 577 3755 gloriam
607 3692 661 3737 et
684 3698 958 3751 coronam,
983 3694 1037 3739 ut
1057 3684 1260 3741 inimici
1290 3687 1533 3753 consilio,
1552 3690 1688 3744 sicut

135 3768 223 3825 Eva
260 3779 421 3843 ejecta
452 3777 525 3832 de
570 3777 816 3845 paradiso
835 3816 850 3842 ,
876 3791 970 3847 per
995 3778 1418 3848 qualemcunque
1446 3779 1514 3834 de
1541 3781 1689 3836 clau-

132 3869 234 3923 stris
255 3870 411 3941 ipsius
436 3872 777 3936 monasterii,
797 3871 961 3927 immo
977 3873 1044 3928 de
1058 3872 1178 3928 caeli
1206 3888 1370 3944 regno
1393 3874 1543 3929 exire
1569 3892 1688 3942 pcr-

135 3959 316 4027 tulerit,
348 3963 647 4033 mergenda
693 3972 747 4018 et
787 3965 1146 4019 conculcanda
1178 3965 1268 4019 vili
1310 3966 1603 4035 platearum
1633 3969 1685 4023 in

134 4046 245 4116 luto,
274 4064 521 4123 separata
554 4068 582 4106 a
612 4053 986 4108 cemmunione
1015 4066 1216 4121 nostra,
1244 4055 1344 4110 diri
1376 4059 1686 4111 anathema-

134 4136 186 4191 tis
206 4142 409 4200 vulnere
432 4143 686 4199 feriatur.
714 4144 787 4197 Ita
820 4155 876 4197 ut
906 4143 952 4198 si
983 4145 1221 4200 fortassis
1248 4144 1463 4201 Christo
1492 4148 1681 4205 relicto

136 4226 305 4287 homini
335 4234 577 4291 voluerit
606 4235 829 4302 nubere,
858 4235 1071 4291 diabolo
1097 4236 1429 4306 captivante,
1458 4253 1565 4293 non
1594 4255 1686 4294 so-

134 4316 224 4375 lum
249 4325 353 4394 ipsa
377 4343 498 4395 qua:
528 4326 745 4395 refugit,
764 4326 857 4380 sed
883 4326 1043 4382 etiam
1071 4327 1162 4383 ille
1185 4328 1275 4397 qui
1300 4327 1349 4383 ei
1372 4328 1688 4399 coniunctus

135 4422 230 4479 est,
258 4419 423 4488 turpis
454 4417 692 4485 adulter,
716 4427 769 4471 et
800 4417 975 4486 potius
1003 4418 1293 4488 sacrilegus
1319 4435 1477 4489 quam
1517 4421 1684 4477 mari-

1790 3227 1947 3293 berti,
1976 3237 2252 3297 postquam
2276 3227 2550 3281 Marovcus
2570 3227 2938 3298 episcopatum
2970 3229 3117 3285 urbis
3143 3233 3368 3301 adeptus

1789 3327 1891 3383 est,
1925 3317 2159 3388 acceptis
2195 3318 2433 3386 epistolis
2460 3318 2708 3390 S’giberti
2748 3320 2887 3391 regis
2916 3337 3010 3390 pro
3038 3322 3142 3378 fide
3183 3338 3246 3378 ac
3270 3323 3365 3380 de-

1786 3414 2007 3467 votione
2034 3412 2376 3481 Radegundis
2417 3411 2608 3479 beatae,
2642 3413 2693 3467 in
2731 3422 2908 3481 partes
2938 3412 3175 3470 Orientis
3204 3426 3227 3454 °
3259 3404 3366 3473 de-

1788 3506 1929 3562 ricos
1977 3505 2231 3571 destinat,
2276 3520 2371 3575 pro
2403 3505 2695 3560 Dominicte
2738 3505 2914 3561 crucis
2958 3507 3122 3577 ligno,
3151 3523 3215 3563 ac
3244 3526 3365 3566 san-

1787 3606 1996 3651 ctorum
2033 3596 2396 3666 apostolorum
2434 3610 2857 3666 caeterorutnque
2899 3607 3196 3670 martyrum
3240 3602 3366 3656 reli-

1786 3689 1947 3758 quiis.
1993 3690 2091 3756 Qui
2136 3699 2325 3744 euntes
2367 3688 2669 3744 detulerunt
2712 3689 2825 3744 haec
2853 3689 3071 3759 pignora
3116 3707 3133 3746 :
3172 3692 3363 3762 quibus

1785 3780 2003 3843 delatis,
2052 3780 2202 3847 petiit
2248 3782 2429 3849 regina
2476 3779 2818 3849 episcopum,
2845 3789 2932 3854 _ut
2976 3795 3099 3857 cum
3158 3782 3363 3838 honore

1786 3870 1971 3927 debito
2003 3870 2297 3939 grandique
2338 3870 2620 3937 psallentio
2657 3873 2710 3924 in
2750 3873 3076 3926 monasterio
3118 3872 3361 3927 locaren-

1788 3974 1874 4019 tur
1891 3960 1936 4016 ί.
1968 3961 2074 4017 Sed
2102 3959 2191 4015 ille
2220 3960 2519 4029 despiciens
2542 3961 2934 4029 suggestionem
2956 3962 3092 4029 ejus,
3121 3976 3362 4017 ascensis

1787 4053 2089 4121 equitibus,
2131 4050 2272 4105 villae
2312 4065 2371 4105 se
2401 4051 2644 4105 contulit.
2679 4049 2829 4105 Tunc
2863 4052 3044 4121 regina
3075 4051 3265 4107 iterato
3292 4054 3360 4107 ad

1787 4158 1967 4213 regem
1997 4141 2321 4211 Sigibertum
2350 4139 2571 4205 direxit,
2602 4140 2896 4209 deprecans
2935 4151 2992 4195 ut
3033 4140 3362 4209 injunctione

1786 4250 1883 4291 sua
1931 4236 2233 4305 quicunque
2271 4244 2338 4285 ex
2367 4230 2634 4299 episcOpis
2662 4230 2777 4285 haec
2812 4231 3069 4300 pignora,
3116 4246 3237 4289 cum
3267 4233 3359 4288 illo

1787 4341 1892 4398 quo
1920 4325 2152 4380 decebat
2199 4323 2422 4386 honore,
2450 4330 2737 4389 votumque
2772 4321 2889 4391 ejus
2935 4324 3276 4393 exposcehat,
3307 4326 3359 4383 in

1789 4415 2113 4472 monasterio
2156 4413 2465 4467 collocaret.
2531 4411 2606 4465 Ad
2658 4411 2758 4466 hoc
2802 4412 2945 4466 enim
2991 4428 3128 4482 opus
3174 4413 3361 4469 beatus

136 4509 235 4558 tus:
260 4508 338 4561 vel
367 4509 611 4579 quisquis
640 4517 695 4562 ut
721 4508 823 4562 boc
853 4507 1022 4573 fleret,
1046 4524 1306 4564 venenum
1330 4513 1497 4578 magis
1523 4527 1681 4581 quam
1709 4494 1761 4557 D
1791 4507 2077 4564 Eufronins
2103 4506 2252 4559 urbis
2281 4502 2560 4559 Turonicze
2590 4502 2876 4571 episcopus
2905 4503 3217 4573 injungitur.
3257 4505 3359 4573 Qui

137 4596 388 4653 consilium
418 4600 768 4665 ministravit,
794 4598 953 4654 simili
986 4598 1209 4666 ultione,
1233 4600 1370 4655 sicut
1394 4600 1461 4657 de
1489 4603 1576 4659 illa
1599 4604 1680 4660 di-

134 4731 218 4797 gis,
247 4748 305 4788 ex
333 4736 449 4806 ipso
473 4735 733 4807 Gregorio
761 4750 922 4804 supra
954 4738 1044 4792 lib.
1077 4752 1155 4802 nt,
1187 4752 1307 4806 cap.
1337 4736 1391 4791 Α.
1426 4738 1684 4794 Martinus

139 4812 286 4856 autem
313 4818 464 4861 natus
492 4821 577 4862 eat
607 4808 843 4862 Sabaria:
875 4809 928 4861 in
960 4808 1254 4874 Pannonia,
1287 4818 1344 4862 ut
1371 4823 1558 4862 omnes
1588 4824 1684 4862 no-

139 4880 258 4925 runt.

198 4948 221 4976 ⁸
245 4942 444 5018 Regm.,
483 4944 651 5018 Igitur
687 4947 739 5000 in
770 4947 864 5000 tali
901 4947 1067 5001 studio
1106 4963 1341 5013 manens,
1385 4955 1433 5000 et
1472 4946 1569 5000 hoc
1595 4963 1686 5001 nos

141 5017 482 5079 Comperimus.

197 5077 240 5116 5‘
257 5084 370 5137 Bec.
402 5085 553 5140 Colb.
583 5102 657 5140 m.
682 5096 736 5140 et
758 5085 981 5149 Cbesn.,
1005 5084 1295 5140 Pictavina.

201 5157 220 5226 ε
254 5151 335 5226 Sic
362 5152 565 5226 Casiti.;
598 5155 713 5222 alii,
740 5157 964 5226 prodita.
999 5157 1168 5210 Locus
1196 5169 1323 5226 vero
1346 5155 1435 5224 qui
1465 5155 1551 5209 hic
1581 5154 1685 5209 lau-

140 5211 286 5341 ἓξῖιὲ
314 5224 532 5279 habetur
555 5211 677 5294 cap.
698 5211 973 5296 'l'ftegula:
1006 5226 1175 5281 sancti
1200 5211 1414 5279 (Σπειιὲίὶ
1442 5239 1542 5296 pro
1570 5242 1681 5279 mo-

234 5305 245 5340 I
282 5306 357 5341 IIS.

144 5297 357 5345 hiatibus.

198 5352 221 5390 δ
253 5359 402 5426 Editi,
437 5365 762 5420 duraturum.

159 5490 186 5502 ,Α
202 5433 223 5460 ⁸
243 5426 325 5502 liis
344 5434 519 5502 verbis
539 5434 1087 5489 innuitnrMaroveum
1110 5433 1347 5501 acceptis
1367 5446 1396 5485 a
1419 5432 1685 5502 Sigiberto

144 5488 305 5573 litteris
332 5502 390 5573 in
404 5500 669 5573 Orientem
702 5488 910 5558 misisse
936 5504 1001 5557 ad
1032 5488 1305 5558 habendas
1334 5488 1601 5573 reliquias,
1627 5511 1685 5557 ut

146 5572 313 5619 sanctae
357 5567 691 5640 Radegundis
739 5573 1011 5628 devotioni
1061 5574 1411 5627 satisfaceret.
1450 5567 1675 5626 'Tanien

145 5640 319 5721 ieiunii
353 5649 432 5692 est
460 5641 591 5721 illos_
606 5642 832 5697 clericos
871 5643 939 5696 ab
982 5645 1093 5721 ipsa
1124 5643 1469 5721 Badegunde.
1490 5642 1683 5721 missos

146 5692 307 5757 fuisse
346 5692 516 5778 quare
529 5692 634 5768 se
641 5692 857 5769 esset.
873 5692 1339 5770 restitissem";
1347 5692 1682 5777 ’Ῐῐᾱάεῇὶὶὶιᾶὶὲ

1787 4617 1907 4659 cum
1950 4598 2159 4655 clericis
2206 4596 2319 4650 suis
2360 4595 2631 4651 Pictavum
2675 4594 2961 4667 accedens,
3008 4611 3127 4652 cum
3172 4599 3361 4669 grattdi

1790 4742 1932 4795 brato
1977 4740 2030 4791 in
2083 4742 2249 4799 partes
2302 4731 2523 4787 Orientis
2575 4732 2788 4786 clericos
2838 4734 3075 4802 destinat,
3123 4747 3229 4791 etc.
3284 4738 3361 4794 De

1790 4815 1891 4864 hoc
1937 4808 2131 4861 videsis
2182 4805 2351 4857 Vitam
2412 4804 2577 4857 beatae
2626 4803 2966 4871 Radegundis
3009 4821 3040 4859 a
3092 4806 3358 4862 Baudoni-

1790 4882 1873 4935 via
1930 4880 2179 4937 scriptam
2232 4890 2377 4928 num.
2442 4874 2508 4927 18
2556 4881 2612 4927 et
2651 4887 2800 4942 seqq.
2832 4874 2974 4931 Idem
3005 4876 3243 4930 versibus
3270 4892 3359 4930 ex-

1788 4948 1988 5019 pressit
2010 4945 2327 5019 Fortunatus
2354 4944 2403 4996 in
2433 4943 2803 5019 supplemento
2831 4960 2995 4999 carm.
3019 4945 3075 5009 2,
3109 4946 3244 5019 quod
3278 4956 3360 4999 est

1788 5012 1854 5073 ad
1883 5018 2146 5073 Iustinum
2197 5015 2325 5084 imp.
2367 5024 2419 5067 et
2467 5012 2721 5084 Sephiam
2769 5024 3075 5082 augustam;
3132 5017 3357 5084 hymnos

1789 5104 1915 5143 vero
1940 5097 1992 5142 et
2020 5088 2119 5138 alia
2163 5083 2394 5137 carmina
2428 5098 2545 5152 qua:
2586 5082 2687 5139 hac
2713 5086 2993 5137 oceasione
3021 5082 3233 5149 cecinit,
3266 5085 3359 5138 ha-

1790 5159 1981 5212 bentur
2011 5155 2143 5209 libro
2170 5168 2227 5207 ll.

1863 5228 1883 5265 ι
1921 5223 2174 5292 Reliquiae
2201 5222 2302 5275 illa:
2326 5221 2571 5292 Turonos
2598 5220 2818 5292 delatm,
2840 5220 3141 5292 aliquandiu
3176 5223 3225 5276 in
3256 5238 3359 5277 mo-

1790 5296 2024 5351 nasterio
2048 5289 2279 5363 virorum
2311 5306 2339 5343 a
2371 5289 2431 5363 BL
2448 5290 2777 5363 Badeguude
2810 5290 2878 5343 ibi
2910 5290 3150 5363 instituto
3175 5294 3359 5363 jacue-

1788 5374 1933 5429 runt,
1960 5366 2129 5418 donec
2160 5362 2371 5414 tandem
2407 5360 2651 5412 Pictavos
2680 5359 2871 5413 delatae
2913 5369 3057 5414 sunt.
3107 5359 3232 5417 use
3262 5366 3358 5419 fuit

1788 5435 2000 5489 occasio
2025 5431 2301 5501 Gregorio,
2332 5430 2590 5501 nondum
2612 5441 2736 5481 tunc
2780 5430 3059 5501 ep_iscopo,
3092 5435 3356 5491 condendi

1788 5504 2003 5573 oratorii
2044 5498 2253 5573 Sanctae
2292 5499 2508 5573 Crucis,
2561 5498 2633 5573 de
2668 5514 2778 5573 quo
2824 5498 3143 5554 Fortunatus
3170 5504 3262 5556 liti.
3296 5520 3357 5573 tt,

1780 5589 1948 5630 carm.
1973 5572 2027 5626 ὅ.
2056 5572 2188 5625 ane
2212 5580 2363 5625 notas
2387 5569 2634 5623 Brouveri
2667 5570 2717 5623 iii
2747 5570 2844 5624 hoc
2873 5585 3104 5637 carmen,
3124 5583 3174 5627 et
3200 5569 3357 5630 vitatu

1783 5652 1985 5702 sancta:
2013 5640 2349 5713 Radegundis
2381 5655 2410 5695 a
2442 5640 2764 5697 Baudonivia
2793 5642 3069 5713 scriptam,
3102 5657 3157 5697 ιι.
3186 5643 3270 5700 ιιι.
