3942 6190
541 330 642 384 519

541 436 845 510 psallentiu,
876 440 931 487 et
977 443 1253 487 cercurum
1303 432 1609 481 micantium
1655 436 1720 473 ac
1765 420 2111 472 thimiamatts
2142 412 2184 467 Α

536 505 823 599 apparatu,
872 532 1055 577 sancta
1085 520 1323 587 pignora,
1365 514 1586 568 absente
1626 509 1724 564 ioci
1756 507 2031 577 episcopo,
2064 505 2116 557 in

537 595 923 675 monasterium
953 611 1159 666 detulit.
1190 606 1433 662 Posthmc
1460 618 1577 657 cum
1612 597 1880 669 pontilicis
1910 595 1989 649 sui
2017 608 2119 647 sae-

540 712 657 781 pius
683 705 905 777 gratiam
934 707 1217 772 quaereret,
1257 709 1354 751 nec
1386 700 1565 764 posset
1605 688 1850 759 adipisci,
1881 683 2118 740 necessi-

540 777 651 854 tate
682 804 948 852 commota
993 807 1114 845 cum
1162 786 1431 841 abbatissa
1469 798 1564 838 sua
1593 795 1751 850 quam
1795 777 2117 838 instituerat,

544 891 913 944 Arelatensem
959 884 1143 938 urbem
1175 885 1466 950 expetunt:
1503 876 1568 929 de
1597 889 1698 943 qua
1742 872 1921 941 regula
1952 869 2119 923 saneti

544 978 764 1035 Cmsat-ii
794 988 951 1046 atque
981 972 1223 1027 Caesarie:
1256 971 1422 1025 beatae
1450 974 1693 1033 suscepta
1715 1003 1731 1029 ,
1764 965 1903 1030 regis
1932 975 1991 1015 se
2022 959 2123 1012 tui-

546 1072 692 1122 tione
734 1066 1074 1125 munierunt,
1105 1061 1269 1131 568
1294 1059 1498 1113 scilicet
1544 1055 1669 1125 quia
1716 1054 1768 1107 in
1818 1053 1999 1113 illum,
2034 1050 2121 1119 qui

546 1167 727 1227 pastor
751 1172 871 1211 esse
908 1155 1182 1215 debuerat,
1218 1150 1421 1203 nullam
1448 1162 1631 1201 curam
1659 1142 1987 1198 defensionis
2013 1155 2124 1194 suae

546 1257 794 1318 poterant
821 1245 1080 1315 reperire.
1128 1242 1202 1293 Ex
1238 1240 1338 1293 hoc
1366 1236 1622 1291 scandan
1662 1233 1729 1288 de
1757 1234 1844 1287 die
1891 1234 1941 1285 in
1983 1230 2123 1284 diem

548 1346 842 1409 propagato
870 1377 885 1401 ,
939 1342 1149 1401 tempus
1192 1327 1523 1397 migrationis
1567 1327 1738 1380 beatae
1789 1320 2127 1391 Radeguudis

547 1432 765 1484 advenit
796 1446 809 1481 :
840 1441 941 1495 qua
970 1424 1255 1492 migrante,
1302 1420 1492 1474 iterum
1539 1416 1694 1487 petiit
1736 1413 2026 1480 abbatissa,
2069 1426 2127 1466 se

551 1523 653 1576 sub
687 1518 983 1575 sacerdotis
1032 1515 1111 1569 sui
1147 1522 1406 1582 potestate
1432 1511 1645 1581 degere.
1693 1508 1844 1576 Quod
1874 1507 1965 1562 ille
2003 1521 2126 1560 cum

549 1614 782 1684 primum
820 1622 1070 1680 respuere
1098 1605 1369 1668 voluisset,
1395 1603 1621 1658 consilio
1645 1617 1859 1655 suorum
1886 1599 2131 1670 promisit

553 1721 617 1760 se
647 1715 849 1774 patrem
878 1717 1083 1765 earum,
1130 1700 1268 1753 sicut
1306 1698 1525 1766 dignum
1574 1702 1710 1759 erat,
1746 1694 1891 1760 fieri,
1942 1701 1996 1747 et
2040 1692 2127 1746 ubi

1503 308 1559 365 S.
1601 299 1927 362 GREGOIllI
1968 292 2277 354 EPISCOPl
2319 284 2751 347 TlTRONENSlS

3684 269 3799 327 5‘13

2215 422 2352 461 mus.
2384 406 2490 460 Sed
2522 416 2799 471 posnptaut
2840 399 2894 452 in
2939 394 3319 451 monasterium
3347 405 3442 461 per
3470 404 3591 443 eum
3620 385 3805 442 locutu

2218 501 2357 555 unde
2384 514 2444 554 se
2469 496 2892 567 praecipitaverat
2931 491 3143 546 funibus
3170 499 3252 542 est
3279 493 3530 548 attracta,
3562 482 3707 552 petiit
3736 490 3807 535 ut

2218 606 2278 645 se
2321 590 2374 643 in
2399 588 2645 643 cellulam
2694 594 2955 641 secretam
3003 579 3358 641 reclauderet,
3407 575 3597 629 dicens
3628 573 3811 638 :Quia

2220 682 2440 734 multum
2482 677 2695 747 peccavi
2739 677 2791 727 in
2824 672 3101 728 Dominum
3134 680 3185 723 et
3215 668 3469 722 domitam
3498 678 3669 718 meatu
3699 661 3816 715 Ra-

2221 771 2542 841 deguudem,
2573 784 2691 839 quae
2717 768 2823 821 illis
2845 765 3035 820 diebus
3060 770 3335 830 superstes
3365 766 3515 821 erat;
3547 755 3668 808 volo
3693 768 3812 817 me,

2222 864 2313 927 ait,
2342 863 2410 915 ab
2440 862 2537 915 hac
2567 856 2860 929 frequentia
2890 853 3319 924 congregationis
3353 851 3516 904 t0tius
3537 860 3817 907 amovere,

2222 964 2277 1007 et
2302 953 2672 1022 paenitentiam
2707 967 2799 1017 pro
2844 947 3099 1017 negleCtis
3130 945 3262 999 meis
3301 956 3483 1011 agere.
3518 938 3644 993 Scio
3668 936 3819 990 enim

2224 1047 2344 1113 quia
2373 1044 2678 1098 misericors
2702 1051 2783 1095 est
2808 1039 3084 1102 Dominus,
3108 1045 3161 1090 et
3185 1034 3407 1089 remittit
3430 1028 3818 1087 confitentibus

2225 1152 2285 1190 se
2320 1145 2554 1205 peccata.
2584 1135 2652 1188 Et
2683 1135 2917 1203 ingressa
2950 1140 3033 1185 est
3078 1132 3130 1183 in
3169 1127 3436 1183 cellulam.
3477 1125 3611 1179 Cum
3640 1131 3820 1175 autem

2229 1229 2330 1282 hoc
2364 1227 2670 1281 St-andalum
2708 1232 3033 1289 commotum
3079 1222 3295 1281 fuisset,
3327 1230 3383 1273 et
3415 1209 3751 1269 Chrodielﬂis
3784 1229 3821 1265 a

2226 1319 2629 1375 Guntchramno
2660 1333 2787 1384 rege
2818 1330 3063 1386 regressa
3092 1321 3257 1380 esset,
3298 1313 3411 1365 haec
3440 1311 3691 1375 disrupto
3720 1321 3823 1357 no-

2229 1412 2431 1465 cturnis
2458 1411 2603 1466 boris
2641 1409 2848 1465 cellulae
2878 1408 3018 1463 ostio
3047 1421 3262 1476 egressa
3293 1413 3374 1459 est
3404 1418 3434 1455 a
3465 1399 3821 1461 monasterio,

2230 1510 2284 1557 et
2320 1501 2385 1555 ad
2406 1501 2785 1556 Cbrodieidem
2833 1498 2985 1563 abiit,
3018 1498 3207 1562 multa,
3234 1494 3372 1550 sicut
3400 1495 3549 1564 prius
3602 1492 3826 1552 iecerat,

2231 1612 2289 1650 cr
2311 1598 2451 1650 mina
2480 1596 2546 1650 de
2570 1595 2835 1651 abbatissa
2870 1603 3244 1663 prorumpens.

2305 1688 2437 1743 XLI.
2491 1688 2624 1742 Dum
2680 1696 2854 1742 autem
2906 1688 3020 1739 haec
3062 1691 3387 1753 agerentur,
3434 1677 3829 1746 Gundegtsilus

553 1796 846 1850 necessitas
876 1793 1081 1856 fuisset,
1111 1804 1261 1845 suam
1292 1787 1533 1858 przebere
1564 1784 1947 1838 defensionem.
1983 1781 2132 1838 Unde
2163 1785 2211 1845 B
2241 1777 2667 1847 llurdegalensis,
2691 1774 2959 1846 adjunctis
2981 1788 3161 1828 secum
3186 1772 3398 1827 Nicasio
3418 1768 3775 1838 Egoiismensi
3802 1777 3826 1803 ε

559 1887 759 1940 factum
792 1892 874 1938 est
902 1893 958 1938 ut
990 1882 1173 1936 abiens
1200 1879 1267 1933 ad
1295 1876 1690 1931 Childebertum
1724 1889 1904 1946 regem
1936 1888 2137 1943 pra‘ce-

556 1980 790 2048 ptionem
821 1977 1069 2042 eliceret,
1101 1982 1157 2025 ut
1184 1972 1235 2025 ei
1266 1970 1368 2026 hoc
1392 1968 1777 2023 monasterium
1798 2006 1815 2034 ,
1846 1965 1984 2021 sicut
2008 1964 2136 2019 reii-

557 2086 688 2141 quas
718 2068 1020 2139 parochias,
1050 2064 1365 2136 regulariter
1409 2063 1568 2117 liceat
1596 2059 1899 2129 gubernare
1929 2067 1978 2112 ³.
2032 2056 2140 2112 Sed

560 2166 743 2218 nescio
770 2162 922 2230 quid,
959 2158 1150 2219 credo.
1195 2156 1371 2209 adhuc
1398 2154 1450 2207 in
1482 2152 1597 2222 ejus
1625 2149 1819 2205 animis
1849 2147 2140 2212 residebat,

559 2264 619 2308 ut
657 2254 739 2306 ha:
778 2252 969 2321 puella:
1014 2253 1281 2311 asserunt,
1331 2242 1471 2313 quod
1521 2251 1760 2296 moveret
1807 2239 2140 2295 scandalum.

563 2344 657 2397 llis
706 2356 830 2396 vero
860 2336 1293 2397 intendentibus,
1334 2344 1391 2388 ttt
1428 2333 1492 2387 ad
1520 2335 1681 2404 regis,
1714 2334 1853 2389 sicut
1890 2332 2144 2397 diximus,

564 2431 904 2501 praesentiam
924 2434 1303 2496 'pr0perarent,
1329 2423 1576 2479 dedimus
1604 2426 1684 2477 eis
1729 2423 2030 2487 consilium,
2063 2420 2147 2474 di-

563 2533 790 2578 centes:
822 2516 1099 2573 luteuditis
1148 2522 1334 2569 contra
1383 2514 1665 2576 rationem,
1698 2518 1753 2563 et
1794 2508 1940 2563 nullo
1988 2507 2146 2562 modo

564 2614 717 2669 vobis
746 2627 807 2667 ea
837 2610 1006 2666 series
1054 2604 1217 2662 inseri
1247 2612 1447 2675 potest,
1476 2617 1594 2671 qua:
1623 2599 2012 2671 biasphemium
2059 2613 2149 2652 ar-

565 2713 702 2760 ceat.
724 2701 829 2758 Sed
854 2702 919 2765 si,
952 2713 1003 2754 ut
1029 2697 1283 2759 diximus,
1308 2697 1568 2751 rationem
1598 2691 2021 2761 praetermittitis,
2050 2705 2148 2746 nec

567 2796 781 2849 salubre
825 2790 1101 2846 consilium
1147 2788 1305 2842 vultis
1349 2786 1612 2855 accipere,
1652 2787 1735 2840 vel
1768 2786 1870 2839 hoc
1898 2782 2148 2851 conjicile

567 2886 622 2939 in
652 2882 842 2936 animis
886 2880 1101 2945 vestris,
1133 2888 1193 2932 ut
1233 2874 1504 2946 prmterito
1550 2873 1759 2928 hiberni
1809 2872 1968 2941 hujus
2012 2880 2150 2925 tem-

566 2991 718 3044 pore,
765 2972 905 3043 quod
951 2971 1001 3025 in
1044 2969 1144 3024 hoc
1178 2981 1343 3021 verno
1372 2965 1620 3033 accessit,
1651 2979 1772 3019 eum
1822 2978 1966 3017 aurae
1996 2976 2147 3017 com-

566 3067 838 3121 modiores
882 3063 1098 3125 iuerint,
1144 3072 1249 3126 quo
1292 3056 1435 3113 ducit
1476 3056 1741 3123 voluntas,
1788 3069 2009 3124 pergere
2051 3068 2146 3106 va-

569 3150 746 3212 leatis.
796 3152 947 3221 Quod
994 3150 1272 3206 consilium
1322 3158 1503 3216 aptum
1551 3147 1920 3215 suscipientes,
1962 3143 2149 3197 subse-

566 3255 765 3316 quente
813 3251 1019 3307 testate,
1068 3239 1269 3293 relictis
1298 3237 1551 3300 Turonis,
1601 3235 1815 3291 caneris
1862 3234 2149 3288 sanctimo-

566 3340 794 3396 niaiibus
829 3332 1209 3391 commendatis
1242 3330 1577 3386 consobrina:
1604 3344 1735 3395 sum,
1762 3326 2100 3383 Chrodieldis
2122 3324 2150 3364 ι’

566 3432 631 3484 ad
676 3441 853 3495 regem
882 3423 1340 3480 Guntcbramnum
1384 3419 1632 3476 accessit.
1683 3421 1727 3473 A
1756 3432 1861 3487 quo
1900 3430 2149 3486 suscepta

568 3538 631 3575 ac
660 3518 972 3575 tnuneribus
1003 3515 1284 3578 honorata,
1315 3512 1544 3567 Turonis
1589 3518 1673 3565 est
1712 3524 1975 3579 regressa,
2005 3509 2149 3564 Con—

566 3612 797 3667 stantina
829 3607 933 3664 filia
963 3604 1227 3676 Burgolini
1260 3604 1312 3657 in
1343 3601 1668 3657 monasterio
1701 3600 2151 3669 Augustidunensi

567 3704 778 3765 relicta,
797 3707 1132 3769 exspectans
1161 3694 1440 3764 episcopos
1466 3694 1555 3762 qui
1584 3707 1613 3746 a
1639 3706 1764 3761 rege
1790 3690 1995 3746 fuerant
2015 3690 2153 3760 jussi

566 3791 844 3857 advenire,
873 3797 929 3844 et
964 3800 1181 3843 causam
1228 3784 1460 3854 ipsarum
1501 3797 1623 3837 cum
1657 3781 1926 3837 abbatissa
1967 3781 2150 3837 discu-

567 3897 703 3940 tere.
754 3882 931 3938 Multze
977 3888 1152 3935 tamen
1201 3892 1268 3933 ex
1314 3876 1399 3931 his
1438 3889 1470 3930 a
1505 3875 1731 3931 diversis
1776 3875 2155 3930 circumventas

572 3975 917 4033 matrimonio
962 3972 1221 4043 copulatae
1264 3979 1410 4038 sunt,
1461 3970 1771 4040 priusquam
1802 3968 1919 4024 haec
1957 3985 1986 4023 a
2030 3983 2155 4038 rege

577 4068 970 4140 regrederetur.
1024 4065 1262 4132 Cumque
1290 4062 1663 4131 praestolantes
1691 4061 2001 4124 adVentum,
2037 4059 2156 4113 nul-

569 4160 676 4215 lum
704 4159 1011 4226 episcopum
1034 4154 1289 4209 advenire
1314 4151 1630 4217 sensissent,
1651 4150 1920 4206 Pictavum
1950 4164 2157 4218 regres-

568 4264 644 4306 sa:
682 4256 827 4316 sunt,
861 4256 915 4303 et
954 4261 1016 4301 se
1047 4246 1181 4300 infra
1214 4244 1485 4299 basilicam
1516 4244 1684 4297 sancti
1717 4242 1902 4297 liilarii
1948 4251 2157 4297 tutavc-

569 4349 713 4401 runt.
759 4335 1097 4406 congregatis
1134 4334 1299 4405 489
1338 4348 1519 4389 secum
1575 4334 1802 4394 furibus,
1850 4333 2155 4399 homicidis,

569 4429 848 4494 adulteris,
878 4425 1225 4494 omniumque
1254 4425 1533 4480 criminum
1564 4426 1672 4479 reis
1691 4466 1707 4490 ,
1741 4424 2073 4479 stabilieutes
2098 4440 2157 4479 se

2241 1880 2296 1924 et
2322 1867 2548 1926 Sailario
2589 1868 2957 1935 Petragnrico,
2995 1880 3059 1918 ac
3098 1865 3213 1932 ipso
3250 1862 3495 1916 Marnveo
3527 1857 3835 1913 Pictavensi

2240 1956 2531 2028 episCOpis,
2563 1970 2629 2009 eo
2658 1954 2798 2024 quod
2844 1953 3001 2023 hujus
3030 1953 3179 2007 urbis
3207 1948 3518 2017 metropolis
3555 1956 3722 2012 esset,
3756 1945 3831 1999 ad

2241 2048 2517 2103 basilicam
2543 2047 2713 2101 sancti
2748 2044 2937 2100 Hilarii
2967 2044 3202 2107 advenit,
3234 2055 3462 2112 arguens
3484 2039 3581 2093 bas
3600 2037 3833 2108 puellas,

2243 2146 2295 2193 et
2336 2138 2387 2192 in
2420 2137 2803 2191 monasterium
2836 2136 3090 2189 reducere
3127 2138 3367 2202 cupiens.
3419 2131 3524 2186 Sed
3558 2145 3682 2184 cum
3719 2128 3836 2184 ilhc

2243 2228 2563 2284 obstinatius
2595 2228 3008 2290 reluctarentur,
3050 2236 3104 2279 et
3142 2225 3228 2278 hic
3267 2239 3388 2279 cum
3431 2222 3650 2292 reliquis
3675 2221 3833 2289 juxta

2244 2321 2524 2389 epistolam
2554 2319 2800 2388 superius
2828 2316 3152 2372 nominatam
3198 2316 3277 2372 eis
3317 2313 3838 2369 excommunicatiu-

2248 2433 2367 2473 nem
2419 2416 2698 2482 indiceret,
2741 2428 3034 2484 exsurgens
3081 2411 3232 2467 turba
3281 2407 3840 2477 murionumsprtefa-

2249 2519 2447 2575 turum,
2477 2516 2622 2563 tanta
2662 2522 2757 2562 eos
2785 2508 2837 2561 in
2872 2507 2985 2574 ipsa
3017 2504 3183 2559 sancti
3214 2502 3400 2557 Hilarii
3435 2500 3653 2553 basilica
3682 2498 3840 2552 mede

2249 2602 2521 2666 mactavit,
2548 2608 2606 2653 ut
2629 2598 3002 2654 corruentihus
3025 2597 3078 2650 in
3102 2595 3404 2664 pavimento
3423 2589 3713 2659 episcopis,
3736 2589 3833 2640 vix

2248 2706 2575 2761 consurgere
2607 2698 2865 2759 possent;
2897 2687 2989 2743 sed
3016 2697 3070 2741 et
3098 2684 3305 2741 diaconi
3338 2695 3392 2738 et
3420 2681 3605 2749 reliqui
3647 2679 3843 2735 clerici

2250 2784 2510 2853 sanguine
2534 2782 2731 2852 perfusi
2751 2822 2767 2847 ,
2804 2794 2925 2834 cum
2957 2777 3188 2834 effractis
3215 2775 3476 2844 capitibus
3498 2772 3662 2843 470
3688 2771 3839 2824 ὺέιδί-

2252 2874 2408 2928 licam
2441 2883 2567 2928 sunt
2593 2871 2821 2942 egressi.
2862 2869 2993 2924 Tam
3025 2869 3317 2922 immensus
3346 2865 3489 2919 enim
3527 2878 3642 2924 eos,
3676 2870 3753 2926 et,
3783 2870 3845 2914 ut

2253 2968 2439 3034 credo,
2466 2966 2679 3022 diabolo
2707 2974 3050 3034 cooperante,
3080 2977 3244 3031 pavor
3271 2960 3581 3024 obsederat,
3606 2965 3844 3025 διῄει-ρ-

2252 3047 2460 3114 dientes
2499 3073 2527 3110 a
2572 3058 2690 3110 loco
2720 3066 2938 3120 sancto,
2974 3068 3074 3109 nec
3104 3054 3206 3109 sibi
3237 3051 3619 3109 valedicentes.
3667 3064 3844 3101 unus-

2174 3143 2227 3213 C
2256 3153 2478 3223 quisque
2521 3166 2617 3221 per
2643 3151 2781 3206 viam
2810 3166 2966 3219 quam
3004 3149 3242 3216 arripere
3282 3145 3475 3215 potuit,
3530 3141 3841 3212 repedaret.

2253 3241 2433 3297 Adfuit
2481 3240 2608 3295 huic
2636 3240 2927 3295 calamitati
2965 3248 3019 3295 et
3061 3236 3365 3293 Desiderius
3410 3234 3668 3288 diaconus
3697 3231 3843 3301 Sya-

2253 3333 2355 3403 grii
2400 3331 2886 3402 Augustidtmensis
2937 3329 3217 3398 episcopi,
3276 3326 3363 3396 qui
3418 3340 3523 3378 non
3586 3323 3845 3392 inquisito

2252 3425 2441 3481 Clemti
2468 3437 2490 3465 ε
2518 3426 2752 3480 ﬂuminis
2780 3425 2939 3491 vado,
2988 3439 3093 3493 quo
3125 3423 3350 3491 primum
3383 3421 3528 3475 littus
3556 3419 3737 3489 attigit
3762 3428 3847 3472 est

2256 3520 2548 3589 ingreSsus,
2601 3531 2664 3571 ac
2707 3526 2924 3570 natante
2975 3530 3113 3584 equo
3158 3515 3288 3582 ripa:
3330 3511 3602 3567 ulterioris
3645 3526 3843 3576 campo

2255 3622 2472 3665 evectus
2520 3618 2621 3665 est.
2659 3609 2735 3663 Ex
2778 3608 2880 3664 hoc
2915 3607 3254 3662 Chrodieldis
3293 3606 3629 3660 ordinatores
3669 3602 3843 3673 eligit,

2258 3701 2411 3755 villas
2437 3698 2746 3754 monasterii
2775 3698 3032 3767 pervadit,
3058 3705 3111 3750 et
3134 3709 3476 3764 quoscunque
3489 3692 3555 3747 de
3572 3702 3846 3746 monasteo

2259 3796 2339 3849 rio
2373 3794 2615 3863 arripere
2637 3791 2916 3860 potuisset,
2953 3790 3119 3858 plagis
3148 3803 3211 3841 ac
3239 3786 3473 3841 caedibus
3502 3785 3727 3839 aii'ectos
3749 3799 3846 3836 suo

2258 3886 2472 3941 servitia
2503 3883 2840 3952 subjugabat,
2869 3883 3075 3935 minans
3102 3880 3218 3933 utsi
3245 3877 3630 3931 monasterium
3660 3885 3844 3946 posset

2262 3978 2469 4048 ingredi
2513 3976 2835 4031 abbatissam
2874 3973 2943 4028 de
2974 3987 3129 4027 muro
3172 3970 3460 4038 projectum
3505 3976 3664 4021 terra:
3711 3965 3847 4033 deji-

2260 4076 2429 4124 reret.
2460 4066 2612 4133 Quod
2639 4080 2760 4120 cum
2791 4064 3136 4118 Childeherto
3165 4062 3275 4131 regi
3306 4059 3606 4115 nuntiatum
3634 4056 3845 4119 fuisset,

2259 4159 2437 4213 statim
2478 4158 2679 4211 directa
2730 4153 3053 4208 auctoritate
3100 4150 3349 4220 praecepit
3390 4146 3630 4203 Macconi
3665 4143 3847 4200 comiti

2261 4262 2320 4307 ut
2345 4253 2460 4306 litec
2490 4254 2786 4317 reprimere
2829 4249 2972 4303 Otnni
3021 4247 3317 4302 intentione
3354 4244 3598 4299 deberet.
3634 4241 3849 4296 Gunde-

2260 4346 2446 4414 gisiltts
2474 4353 2652 4397 autem
2680 4356 2801 4396 cum
2834 4341 2932 4394 bas
2951 4354 2980 4393 a
3004 4335 3381 4394 communione
3408 4348 3707 4402 suSpensas
3731 4348 3846 4390 cum

2261 4435 2492 4502 caeteris,
2522 4442 2581 4487 ut
2608 4432 2861 4498 diximus,
2894 4430 3201 4496 reliquisset
3236 4426 3526 4497 episc0pis,
3567 4425 3849 4495 epistolam

570 4521 635 4576 ad
670 4520 889 4587 bellum,
919 4528 1079 4587 atque
1115 4516 1355 4571 dicentes
1382 4532 1396 4568 :
1428 4516 1559 4583 Quia
1588 4514 1788 4585 reginae
1825 4528 2029 4581 sumus,
2058 4531 2144 4570 net

2263 4543 2328 4582 ex
2373 4542 2471 4582 suo
2501 4524 2834 4592 fratrumque
2873 4520 3216 4592 praesentium
3268 4518 3483 4572 nomine
3528 4515 3847 4582 conscripsit

570 4613 721 4682 prius
750 4614 803 4666 in
832 4609 1215 4665 monasterium
1244 4616 1484 4661 nostrum
1536 4606 1887 4674 ingredimur,
1932 4607 2033 4663 nisi
2061 4610 2157 4663 ab-

572 4706 768 4763 batissa
816 4704 1064 4772 ejiciatur
1091 4701 1258 4756 foras.
1292 4702 1419 4755 Erat
1462 4700 1533 4755 ibi
1581 4709 1706 4755 tunc
1737 4701 1980 4757 reclausa
2006 4718 2156 4770 quae-

573 4801 718 4866 dam,
740 4814 860 4867 qua:
883 4805 1006 4850 ante
1030 4809 1226 4865 paucos
1252 4809 1420 4849 annos
1441 4809 1535 4863 per
1564 4809 1771 4849 murum
1796 4809 1855 4850 se
1876 4794 2151 4865 dejiciens,

573 4893 641 4947 ad
679 4890 950 4946 basilicam
997 4884 1167 4941 sancti
1202 4885 1381 4939 Hilarii
1414 4884 1671 4955 confugit,
1698 4886 1865 4940 multa
1912 4885 1967 4940 in
1994 4886 2158 4940 abba-

575 4984 761 5039 tissam
808 4980 1035 5036 crimina
1062 4992 1340 5045 evomens,
1371 4992 1490 5047 qua:
1536 4986 1713 5033 tamen
1742 4978 1875 5032 falsa
1900 4976 2156 5047 cognovi-

650 5128 675 5154 η
710 5115 1005 5181 Specialem
1035 5112 1193 5184 hujus
1219 5112 1439 5180 insignis
1470 5111 1569 5165 loci
1593 5125 1779 5184 curam
1804 5127 1968 5184 reges
1990 5114 2158 5184 nostri

580 5204 790 5255 semper
829 5188 1085 5251 habuere,
1111 5182 1183 5239 'ut
1214 5193 1367 5255 patet
1386 5197 1456 5255 ex_
1489 5182 1765 5255 capitulari
1799 5183 2052 5237 Ludovici
2084 5185 2157 5238 Pii

582 5253 720 5312 circa
751 5273 945 5311 aunttm
974 5256 1079 5310 822
1118 5256 1255 5322 apud
1284 5253 1577 5315 Balnzium,
1609 5253 1749 5317 quod
1783 5262 1951 5306 totum
1981 5263 2063 5306 est
2091 5256 2160 5322 de

583 5327 684 5381 hoc
712 5328 1054 5382 monasterio.
1104 5318 1301 5380 Locum
1354 5324 1583 5378 habebat
1627 5322 1766 5377 inter
1810 5318 2158 5389 monasteria,

582 5413 701 5465 qure
737 5399 802 5449 ab
831 5398 974 5450 omni
1006 5395 1189 5449 militia
1222 5407 1273 5446 et
1313 5394 1454 5448 dono
1493 5395 1856 5465 libera,solas
1889 5394 2162 5447 orationes

585 5463 894 5535 imperatori
919 5467 1203 5529 debebant,
1236 5476 1293 5519 ut
1319 5473 1465 5527 patet
1492 5479 1557 5517 ex
1590 5463 1787 5535 Notitia
1815 5478 1877 5517 ea
1905 5464 1970 5515 de
2004 5480 2061 5518 re
2092 5466 2169 5519 fa-

585 5534 745 5590 ctain
775 5548 1047 5590 conventu
1074 5534 1514 5603 Aquisgranensi,
1545 5549 1632 5586 an.
1665 5534 1789 5587 8l7.

656 5603 684 5643 δ
716 5607 874 5668 Editi,
901 5606 1096 5659 caneris
1122 5604 1513 5656 accommodatis
1545 5604 1857 5658 consobrina?
1882 5620 1985 5658 sua:
2008 5603 2169 5659 Citra-

592 5676 758 5730 dieldi
788 5673 1283 5740 sanctimonialibus,
1316 5674 1383 5724 ad
1413 5689 1602 5740 regem,
1624 5683 1729 5725 etc.

664 5759 683 5784 ε
718 5748 803 5802 Al.
832 5787 847 5812 ,
911 5743 1278 5799 Ecolesiuensi.
1332 5742 1658 5811 Subscripsit
1715 5756 1866 5800 conc.
1926 5745 2167 5800 Matisco-

2263 4620 2327 4672 ad
2362 4617 2672 4673 sacerdotes
2701 4614 2847 4681 illos,
2876 4613 2966 4679 qui
2999 4620 3126 4665 tunc
3153 4625 3276 4663 cum
3298 4621 3421 4677 rege
3446 4605 3848 4663 Guntcbramno

2260 4710 2472 4766 fuerant
2494 4708 2764 4778 aggregati
2797 4704 2815 4746 ί
2839 4723 2853 4760 :
2893 4719 2922 4758 a
2940 4704 3130 4775 quibus
3159 4705 3275 4758 hac
3300 4701 3561 4771 rescripta
3589 4697 3841 4769 suscepit.

2764 4853 3043 4893 Ειειιριλιι
3074 4848 3365 4891 BESCRIP’I’I.

2345 4975 2597 5032 «Domnis
2625 4987 2837 5040 semper
2864 4970 2973 5023 suis
2997 4979 3045 5034 κ,
3079 4976 3238 5038 atque
3269 4963 3557 5035 apostolica
3572 4962 3705 5018 sede
3738 4962 3846 5030 dig-

2270 5110 2419 5165 nensi
2454 5124 2510 5173 It,
2539 5107 2631 5161 ubi
2659 5106 2850 5159 dicitur
2896 5101 3139 5156 Nicasius
3176 5100 3606 5173 Aquilius-miunt.
3637 5098 3850 5152 Gunde-

2269 5182 2456 5250 gisilus
2499 5168 2679 5232 autem
2707 5174 3138 5250 _l;urdegaleusis
3181 5168 3423 5226 laudatur
3466 5186 3495 5224 a
3539 5168 3851 5230 Fortunato.

2272 5244 2364 5305 lib.
2396 5265 2485 5312 vn,
2515 5263 2683 5301 carm.
2707 5244 2795 5297 51.

2341 5319 2368 5357 ἀ
2403 5310 2709 5375 moriones,
2759 5331 2888 5375 seu,
2943 5324 3001 5365 ut
3049 5312 3207 5366 habet
3261 5319 3478 5364 sanctus
3535 5310 3849 5374 Augustinus

2274 5392 2431 5453 epist.
2457 5389 2566 5443 ’145
2595 5386 2662 5440 ad
2710 5386 3094 5448 Marcellinum,
3150 5382 3453 5440 moriones,
3485 5379 3534 5433 id
3580 5390 3665 5434 est
3708 5376 3848 5435 fatui.

2273 5462 2351 5517 sic
2380 5461 2507 5514 dicti
2536 5476 2563 5510 a
2594 5458 2778 5511 Graeca
2806 5470 2946 5526 voce,
2970 5453 3174 5526 μορρὸς.

2347 5543 2370 5567 ε
2405 5530 2545 5584 Editi
2567 5544 2684 5583 cum
2715 5529 2835 5579 Bec.
2857 5564 2872 5591 ,
2907 5516 3076 5587 Gleni,
3109 5520 3265 5589 vulgo
3305 5536 3341 5573 .e
3368 5518 3553 5582 Cluin,
3588 5518 3779 5572 ﬂuvius
3802 5516 3845 5565 in

2277 5602 2567 5670 Vigennam
2596 5596 2843 5670 iniiuens.

2353 5659 2371 5708 ἶ
2397 5665 2786 5736 Augustuduni,
2805 5673 2881 5736 ut
2909 5663 3177 5718 existimat
3205 5659 3470 5736 Valesius.
3552 5714 3573 5736 _,

2348 5752 2372 5789 Β
2404 5723 2624 5807 ἤρξω,
2667 5723 2895 5790 Dominis
2944 5736 3083 5800 suis,
3130 5740 3297 5801 atque.
3355 5727 3668 5798 Legendum
3727 5723 3845 5781 forte
