3942 6190
105 240 184 292 δίει
1024 235 1338 291 HISTORIA
1379 234 1820 291 FRANCORUM.
1867 235 2070 293 LIBER
2107 239 2348 295 NONUS.

3224 253 3328 308 5‘22

105 356 329 419 uissimis,
384 355 722 421 Gundegisilo
760 397 773 418 ,
805 356 1015 411 Nicasio
1046 366 1098 412 et
1128 359 1352 413 Saﬂ‘ario
1374 368 1422 422 ⁸,
1456 358 1647 413 Αἰιὶιθ-
1681 363 1725 419 Α
1755 371 1852 423 pus
1883 367 2190 413 reverenter
2237 361 2428 412 saluto.
2481 359 2726 416 Famulus
2767 373 2942 417 vester
2983 366 3128 421 Felix
3178 371 3328 428 salu.

105 450 215 509 rius,
246 447 513 516 Syagrius,
543 445 943 510 Auuacltarius,
991 447 1310 519 Hesychius.
1345 449 1641 517 Agroecola,

108 538 322 602 Urbicus,
353 537 526 600 Felix,
560 539 820 603 Veratius,
859 540 984 592 item
1015 538 1186 603 Felix,
1225 549 1280 594 et
1312 540 1647 594 Bertchram-

109 644 191 682 nus
217 628 470 697 episcopi.
508 627 738 682 Litteras
765 640 952 683 vestrae
984 630 1347 695 beatitudinis,
1395 641 1646 700 quantum

107 729 348 772 reserante
374 719 558 774 nuntio
605 719 674 774 de
711 729 884 774 vestra
914 722 1174 790 sospitate
1203 721 1387 790 gavisi,
1437 722 1620 788 excepi

108 824 218 871 mus,
247 817 444 863 tantum
475 810 543 864 de
582 808 770 880 ,περι-ἰῇ
811 827 969 879 quam
1015 826 1112 865 vos
1145 811 1429 880 pertulisse
1473 812 1645 880 signa-

107 901 199 964 stis,
249 915 347 953 non
379 901 591 955 modico
622 916 854 956 maerore
898 903 1272 973 astringimur;
1303 901 1428 955 dum
1468 913 1520 956 et
1558 917 1646 957 re—

107 989 202 1056 gula
230 990 634 1057 transcenditur,
668 1000 724 1045 et
753 991 898 1046 nulla
921 993 1220 1046 reverentia
1253 991 1495 1061 religioni
1520 1004 1640 1046 ser-

108 1089 251 1133 vatur.
295 1080 396 1136 Sed
427 1081 549 1149 quia
595 1081 868 1136 indicastis
917 1081 1232 1144 mouachas,
1277 1096 1394 1150 quze
1431 1081 1500 1136 de
1536 1097 1650 1135 mo-

109 1172 307 1226 uasterio
335 1171 488 1226 bona;
520 1173 794 1228 memoriae
833 1172 1191 1244 Radcguudis,
1228 1171 1510 1242 iu~tigaute
1538 1173 1647 1226 dia-

108 1265 224 1328 bolo,
251 1263 460 1321 fuerunt
487 1267 765 1339 digresste,
802 1268 942 1336 quod
975 1268 1174 1321 nullam
1204 1283 1233 1320 a
1258 1267 1406 1320 vobis
1436 1270 1650 1336 acquie-

109 1360 248 1411 verint
291 1363 677 1414 eorrectionem
709 1361 914 1420 audire.
954 1360 1112 1432 471
1148 1375 1245 1414 nec
1293 1359 1424 1412 infra
1460 1375 1647 1412 mena-

111 1449 226 1501 sterii
251 1451 327 1503 sui
353 1461 529 1519 septa,
571 1453 638 1505 de
667 1465 772 1520 quo
809 1466 1040 1522 egressae
1076 1452 1307 1514 Iueraut,
1354 1451 1648 1505 voluissent

113 1543 271 1595 reverti
305 1561 316 1594 :
350 1544 571 1613 insuper
611 1545 844 1598 basilicae
883 1543 1064 1597 domui
1115 1543 1294 1597 lIilarii
1338 1557 1430 1611 per
1473 1543 1648 1597 cat-des

109 1645 277 1688 vestras
301 1649 710 1704 vestrorumque
733 1637 982 1704 injuriani
1017 1639 1278 1692 intulisse.
1314 1636 1648 1705 Qtlnptopltrr

109 1727 222 1794 ipsas
240 1743 267 1783 a
295 1731 687 1784 communionis
714 1730 881 1800 gratia
914 1730 1012 1783 visi
1059 1729 1267 1784 fueritis
1295 1727 1645 1797 suapeudet'e,

108 1833 152 1869 ac
187 1834 268 1885 per
305 1822 400 1875 hoc
430 1830 669 1876 nostram
713 1821 904 1876 exinde
943 1820 1358 1875 mediocritatem
1403 1819 1644 1889 elegistis

107 1913 362 1968 consulere.
413 1913 577 1983 Igitur
609 1915 732 1982 quia
784 1915 982 1983 optime
1018 1925 1114 1966 vos
1154 1912 1399 1966 novimus
1447 1919 1642 1966 statuta

108 2016 329 2056 canonum
360 2007 691 2074 percurrisse
715 2002 762 2070 ι’,
794 2021 856 2058 ac
884 2006 1080 2073 regula:
1109 2006 1492 2073 plenitudinem
1515 2021 1645 2062 con-

108 2096 273 2160 linrre,
317 2108 369 2149 ttt
395 2097 485 2167 qui
522 2098 575 2150 in
608 2097 804 2151 talibus
832 2097 1142 2151 excessibus
1171 2097 1417 2152 videntur
1456 2099 1645 2165 depre-

109 2185 253 2248 hendi,
284 2204 382 2241 non
414 2189 593 2244 solum
635 2187 1214 2253 excommunicatione,
1257 2203 1440 2242 verum
1481 2191 1640 2241 etiam

108 2279 384 2341 tunuiteutie
419 2279 786 2334 satisfactione
814 2279 1040 2333 debeant
1069 2279 1304 2334 coerceri
1337 2297 1348 2330 :
1387 2293 1449 2332 ea
1481 2279 1547 2332 de
1576 2293 1638 2332 re

108 2368 317 2424 addentes
347 2387 466 2426 cum
517 2373 884 2427 venerationis
927 2373 1069 2426 cultu
1111 2385 1334 2426 summae
1376 2371 1644 2426 aviditatis

109 2457 360 2515 ddvctiouis
409 2463 747 2525 inStinctum,
800 2462 1097 2517 iudicamus
1135 2478 1197 2517 ea
1238 2478 1354 2532 qua:
1379 2462 1643 2518 deliuistis

110 2565 182 2602 nos
233 2555 620 2610 concordanter
673 2561 866 2608 vestras
941 2555 1222 2608 sententiae
1291 2554 1594 2606 consentire
1621 2595 1636 2615 ,

109 2647 404 2718 quoadusque
450 2649 505 2704 in
550 2648 792 2718 synodali
840 2648 1068 2702 concilio
1106 2647 1360 2703 Kalendis
1414 2646 1642 2699 Novem-

109 2735 253 2791 bribus
293 2740 488 2808 puriter
545 2739 725 2806 positi,
773 2737 1072 2793 debeamus
1107 2737 1332 2792 censilio
1374 2736 1488 2806 pari
1535 2749 1643 2791 sra—

110 2837 234 2893 ttare,
262 2832 482 2902 qualiter
515 2831 698 2886 talium
729 2831 1002 2886 temeritas
1051 2830 1259 2884 frenum
1287 2829 1643 2884 districtionis

111 2923 237 2986 inussit
276 2931 534 2996 accipere,
584 2938 641 2978 ut
682 2925 938 2992 deinceps
983 2925 1112 2979 nulli
1170 2923 1328 2978 liceat
1352 2923 1453 2978 sub
1505 2924 1644 2978 hunc

112 3014 272 3080 lapsum
319 3017 552 3074 faciente
595 3017 848 3086 jactantia
881 3015 1070 3070 similia
1118 3024 1443 3084 perpetrare.
1496 3017 1644 3069 Atta-

1754 459 1863 502 ture
1901 465 2184 517 prtesumo.
2232 449 2452 502 llutnilis
2499 460 2674 506 vester
2719 463 2878 521 atque
2919 452 3080 526 472
3123 470 3328 518 amatur

1750 540 1897 594 Felix
1931 541 2104 594 audeo
2133 541 2391 595 salutare.
2424 543 2644 596 IIumilis
2673 554 2831 614 atque
2859 548 3117 605 obediens
3148 566 3325 610 vester

1751 633 2164 689 Bertchramuus
2193 635 2474 702 episcopus
2506 638 2736 692 salutare
2759 654 3039 706 praesumo.
3070 664 3087 693 ι

1821 725 1979 780 XLII.
2023 727 2125 781 Sed
2163 737 2215 780 et
2257 727 2520 782 abbatissa
2563 731 2808 784 recitavit
2846 735 3120 800 epistolam
3169 753 3324 805 quam

1753 816 1908 868 beata
1941 816 2279 886 Badegundis
2302 820 2570 888 episcopis
2591 859 2606 884 ,
2639 821 2726 889 qui
2756 835 2855 875 suo
2889 832 3126 892 tempore
3155 835 3326 890 erant,

1751 905 1905 974 dirigi
1973 907 2157 960 voluit.
2215 907 2378 976 Cujus
2435 923 2572 962 nunc
2630 911 2819 965 iterum
2883 913 2994 981 ipsa
3057 915 3327 971 abbatissa

1751 997 2076 1064 exemplaria
2103 998 2168 1051 ad
2199 998 2490 1053 vicinarum
2520 1001 2726 1056 urbium
2757 1004 3063 1061 sacerdotes
3091 1007 3283 1063 direxit
3311 1027 3325 1074 ;

1750 1091 1903 1157 cujus
1934 1091 2034 1145 hoc
2059 1100 2142 1146 est
2169 1094 2459 1159 exemplar.

2235 1199 2512 1238 EXEDIPLAB
2551 1200 2842 1240 EPISTOLE.

1827 1288 1843 1319 ι
1889 1271 2101 1325 Domnis
2130 1275 2326 1327 sanctis
2374 1286 2424 1328 et
2473 1277 2762 1340 apostolica
2806 1278 2931 1333 sede
2979 1281 3324 1348 dignissimis,

1751 1361 1802 1416 lu
1831 1363 2044 1416 Christo
2075 1367 2333 1430 patribus,
2364 1367 2614 1420 omnibus
2640 1368 2907 1436 episcopis
2929 1412 2941 1434 ,
2985 1371 3324 1441 Radeguudis

1754 1458 2048 1522 peccatrix.
2099 1456 2359 1524 Congruie
2407 1457 2732 1526 provisionis
2785 1470 2907 1514 tunc
2960 1461 3328 1519 roborabiliter

1752 1547 1817 1598 ad
1852 1548 2097 1601 eII'ectum
2145 1551 2310 1602 tendit
2351 1550 2664 1617 exordium,
2711 1567 2833 1606 cum
2874 1555 3208 1622 generalibus
3237 1573 3327 1625 pa-

1753 1636 1942 1703 tribus,
1993 1638 2215 1692 medicis
2255 1654 2317 1693 ac
2353 1642 2672 1707 pastoribus,
2716 1644 2870 1696 ovilis
2913 1645 3017 1698 sibi
3057 1647 3327 1704 commissi

1681 1733 1726 1791 B
1752 1743 1909 1784 causa
1941 1730 2158 1785 auribus
2202 1732 2459 1796 traditur,
2496 1729 2654 1802 cujus
2697 1737 2943 1789 sensibus
2981 1741 3328 1794 comntenda~

1750 1829 1834 1874 tur
1863 1839 1876 1874 ε
1909 1837 2133 1890 quorum
2168 1824 2506 1894 participatio
2535 1830 2601 1879 de
2630 1824 2907 1892 charitate,
2942 1831 3222 1884 consilium
3254 1832 3321 1886 de

1747 1923 2032 1982 potestate,
2076 1914 2383 1985 suffragium
2417 1917 2483 1970 de
2508 1919 2747 1970 oratione
2779 1917 3090 1974 miniStrare
3129 1928 3324 1989 poterit

1746 2007 2125 2058 interventum.
2169 2006 2232 2058 Et
2260 2008 2509 2076 quoniam
2545 2007 2671 2061 olim
2701 2009 2892 2063 vinclis
2928 2012 3202 2066 Iaicalibus
3229 2015 3324 2068 ab-

1745 2095 1944 2158 sOluta,
1969 2097 2143 2149 divina
2175 2098 2488 2166 providente
2519 2111 2571 2152 et
2602 2099 2894 2167 inSpii-unte
2922 2101 3227 2170 clementia,
3254 2107 3323 2162 ad

1748 2184 2017 2256 religionis
2066 2203 2306 2240 normam
2335 2191 2450 2242 visa
2488 2203 2606 2242 sum
2642 2192 2959 2259 voluntarie,
3011 2194 3145 2249 duce
3169 2195 3324 2250 Chri-

1745 2288 1850 2347 sto,
1908 2279 2186 2343 translata,
2233 2282 2345 2334 haec
2384 2297 2565 2349 prome
2613 2284 2806 2336 mentis
2857 2285 3034 2339 studio
3069 2289 3307 2355 cogitans

1745 2372 1904 2424 etiam
1935 2371 2002 2424 de
2041 2372 2261 2424 aliarum
2309 2371 2673 2439 profectibus,
2719 2384 2794 2439 ut,
2839 2378 3184 2433 annuntiante
3217 2381 3322 2434 Do-

1746 2461 1913 2525 tninu,
1953 2478 2068 2516 mea
2099 2462 2359 2516 desideria
2394 2465 2736 2518 efﬁcerentur
2775 2466 2988 2534 reliquis
3025 2471 3318 2536 profutura,

1746 2552 2056 2608 instituentc
2085 2565 2245 2622 atque
2290 2569 2667 2610 retttutterante
2708 2561 3198 2624 przecelleutissin'to
3222 2567 3321 2618 do-

1748 2657 1873 2698 mno
1888 2661 2009 2715 rege
2031 2645 2362 2711 Chlothario,
2391 2649 2770 2703 monasterium
2795 2651 3089 2719 puellarum
3107 2655 3319 2712 Pictava

1749 2737 1877 2792 urbe
1901 2738 2174 2804 constitui,
2213 2738 2622 2808 conditumque,
2664 2754 2916 2810 quantum
2947 2745 3074 2797 mihi
3109 2749 3322 2801 muniti-

1747 2829 1920 2882 centia
1947 2830 2141 2898 regalis
2170 2837 2255 2884 est
2283 2829 2490 2899 largita,
2525 2829 2659 2882 facta
2684 2829 2970 2887 donatione
3000 2835 3212 2890 dotavi:
3241 2839 3322 2891 in-

1747 2935 1907 2986 super
1943 2920 2340 2990 congregationi
2384 2934 2480 2989 per
2519 2937 2605 2974 me
2641 2920 2853 2976 Christo
2883 2934 3167 2992 praestante
3204 2927 3320 2982 col-

1746 3013 1926 3078 lectas,
1971 3013 2206 3082 regulam
2247 3013 2346 3068 sub
2386 3027 2488 3083 qua
2534 3023 2716 3068 sancta
2758 3013 2995 3069 Ctesaria
3039 3016 3217 3088 deguit
3242 3029 3265 3059 ε
3299 3037 3315 3074 :

112 3117 202 3156 tuen
226 3107 334 3174 quia
362 3122 458 3163 nos
490 3121 586 3162 sua
614 3107 847 3162 dictione
873 3106 1101 3162 domnus
1147 3107 1341 3160 Paulus
1369 3106 1640 3176 apostolus
1670 3116 1714 3179 (ς
1746 3120 1902 3172 quam
1942 3104 2244 3160 sollicitudo
2281 3104 2421 3159 beati
2450 3102 2668 3158 Ctesarii
2709 3104 2960 3161 antistitis
2993 3110 3320 3168 Arelatensis

114 3191 174 3254 l”
195 3193 311 3251 Tim.
344 3213 412 3264 tv,
439 3199 504 3267 2)
543 3198 918 3254 indesinenter
944 3197 1156 3253 videtur
1182 3213 1398 3254 monere
1418 3239 1434 3264 ,
1463 3209 1520 3252 ut
1540 3213 1641 3268 op-

115 3294 293 3350 portune
325 3291 790 3360 inopportuneque
835 3291 1127 3344 debeamus
1174 3303 1520 3358 quoscunque
1549 3305 1643 3342 ex-

116 3377 313 3436 cedentes
339 3383 526 3438 sedula
571 3381 948 3451 praedicatione
976 3382 1270 3452 corrigere,
1310 3391 1364 3435 et
1395 3382 1640 3450 pietatem

117 3479 386 3529 litotestatur
423 3474 491 3529 ad
525 3474 706 3527 omnia
737 3473 919 3529 utilem
953 3487 1107 3540 esse,
1151 3473 1268 3528 ideo
1308 3473 1640 3543 suggerimus

117 3558 264 3626 adhuc,
290 3567 610 3620 moratione
636 3565 849 3619 assidua
881 3564 1086 3618 Domini
1111 3564 1531 3620 misericordiam
1561 3566 1643 3620 de

119 3656 354 3713 precemmi
385 3654 450 3726 (Ι
482 3654 620 3708 Tim.
657 3670 728 3718 tv,
761 3654 856 3722 8),
906 3664 963 3708 ut
993 3657 1106 3724 ipse
1133 3656 1349 3724 spiritus
1377 3669 1636 3725 compun-

118 3739 263 3798 ttiunis
309 3745 446 3816 ipsas
488 3747 826 3801 inﬂammare
866 3747 1130 3817 dignetur,
1173 3756 1231 3800 ut
1278 3747 1329 3800 id
1359 3748 1498 3816 quod
1550 3761 1644 3815 per

119 3833 315 3894 delictum
362 3845 489 3898 visa:
528 3851 652 3896 sunt
681 3842 1032 3908 contraxisse,
1081 3842 1236 3913 digna
1280 3841 1667 3909 satisfactione

118 3933 388 4000 ruinam;
425 3946 484 3990 ut
505 3937 561 3990 En
588 3935 913 3991 monasterio
942 3951 1040 3990 suo
1065 3943 1238 3992 vestra
1273 3937 1645 4003 prmdicatione

119 4022 286 4094 animae,
305 4041 417 4097 qua:
439 4026 838 4098 quodammodo
859 4028 1156 4095 perierunt,
1187 4027 1412 4094 proluitio
1432 4025 1646 4081 Chrism

121 4123 426 4183 revertantur;
467 4127 529 4172 ut
569 4119 657 4171 ille
698 4121 787 4186 qui
823 4133 978 4172 unum
1026 4120 1268 4174 humeris
1314 4119 1516 4172 illatam
1561 4133 1646 4172 er-

121 4213 280 4259 rantem
308 4221 454 4263 ovem
490 4208 560 4261 ad
589 4209 728 4262 ovile
773 4209 1015 4274 reduxit,
1046 4222 1096 4263 et
1125 4210 1192 4263 de
1221 4210 1439 4263 istarum
1475 4222 1646 4263 trans-

120 4297 365 4366 gressione,
407 4302 562 4372 quasi
602 4301 864 4371 acquisito
894 4303 1037 4372 gregi
1088 4304 1422 4372 congaudere
1467 4302 1647 4370 digne-

122 4395 198 4440 tur.
228 4390 326 4447 Hoc
363 4393 648 4464 specialius
680 4395 1008 4463 postulantes
1027 4439 1040 4460 ,
1087 4404 1147 4449 ut
1176 4411 1272 4464 pro
1303 4396 1458 4450 nobis
1489 4397 1649 4449 inter-

1743 3208 1810 3248 ex
1841 3194 2175 3249 institutione
2210 3200 2514 3249 sanctorum
2556 3194 2770 3248 Patrum
2801 3200 3181 3256 convenienter
3209 3205 3322 3256 col-

1745 3284 1890 3355 legit,
1924 3286 2111 3339 ascivi.
2139 3267 2240 3339 Cui
2272 3286 2726 3339 consentientibus
2750 3287 3071 3344 beatissimis
3103 3293 3187 3345 vel
3219 3293 3320 3348 hu-

1738 3375 1826 3447 jus
1876 3379 2153 3444 civitatis,
2215 3381 2297 3432 vel
2360 3380 2578 3448 reliquis
2629 3378 3006 3448 pontiﬁcibus,
3060 3384 3323 3442 electione

1743 3471 1904 3526 etiam
1962 3481 2159 3526 nostra:
2207 3461 2635 3542 congregationis
2680 3473 2928 3528 domnam
2979 3485 3034 3530 et
3078 3493 3318 3534 sororem

1744 3579 1917 3619 meam
1956 3569 2238 3635 Agnetem,
2282 3581 2439 3634 quam
2471 3568 2539 3620 ab
2569 3567 2785 3622 ineunte
2831 3578 2988 3624 tetate
3032 3570 3151 3626 loco
3197 3573 3322 3627 lilia:

1744 3657 1882 3709 colui
1914 3665 1967 3709 et
1995 3657 2214 3711 educavi
2245 3653 2296 3722 ιι,
2327 3658 2652 3712 abbatissam
2695 3660 2926 3722 institui.
2974 3676 3038 3715 ac
3080 3678 3165 3716 me
3205 3674 3322 3731 post

1749 3749 1912 3802 Deum
1944 3747 2060 3816 ejus
2106 3747 2426 3802 ordiuationi
2463 3749 2776 3817 regulariter
2814 3749 3146 3805 obedituram
3175 3768 3322 3808 cum-

1747 3843 1888 3894 misi.
1919 3837 2146 3910 Cuique,
2178 3842 2399 3894 turmam
2439 3841 2782 3908 apostolicam
2815 3844 3180 3911 observantes,
3213 3855 3321 3901 tam

1747 3949 1845 4000 ego
1872 3948 2026 4001 quam
2049 3947 2264 3986 sorores
2286 3933 2352 3986 de
2370 3931 2662 3986 substantia
2686 3945 2894 3988 terrena
2915 3951 3031 4004 qua:
3047 3939 3322 4007 possidere

1749 4025 2078 4087 videbamur,
2106 4023 2256 4076 factis
2277 4023 2475 4076 chartis
2502 4022 2836 4089 tradidimus,
2862 4037 3003 4078 metu
3022 4028 3240 4082 Anauia:
3267 4045 3323 4086 et

1750 4116 2011 4183 Saphirt'e,
2041 4111 2199 4185 473
2231 4114 2282 4167 in
2329 4112 2654 4166 monasterio
2678 4114 2861 4182 positae
2891 4114 3019 4168 nihil
3051 4121 3318 4186 proprium

1754 4218 2106 4262 reservantes.
2139 4206 2244 4261 Sed
2270 4204 2521 4274 quoniam
2553 4204 2755 4259 incerta
2782 4215 2907 4260 sunt
2930 4208 3171 4262 humana:
3193 4226 3322 4265 con-

1751 4300 1968 4354 ditionis
1995 4306 2262 4352 mumenta
2292 4297 2374 4351 vel
2415 4305 2678 4362 tempora,
2706 4299 2902 4366 quippe
2945 4301 3144 4354 mundo
3175 4302 3225 4354 in
3260 4301 3321 4356 ﬁ-

1755 4407 1873 4446 netu
1907 4399 2176 4455 currente,
2203 4405 2324 4444 cum
2347 4389 2509 4457 aliqui
2539 4390 2706 4457 magis
2738 4390 2965 4456 propriae
2993 4407 3150 4460 quam
3185 4392 3323 4447 divi-

123 4483 373 4538 ressionum
402 4495 699 4541 vestrarmu
731 4485 980 4556 suffragia
1013 4487 1394 4551 indesinenter,
1430 4495 1488 4540 ut
1521 4501 1652 4540 con-
1681 4491 1729 4550 ι)
1759 4499 1840 4537 na:
1880 4486 2095 4552 cupiant
2125 4481 2385 4535 voluntati
2431 4486 2665 4545 servire,
2695 4480 2812 4534 zelo
2851 4481 3005 4536 ducta
3051 4481 3144 4539 Dei
3187 4484 3325 4542 hanc

124 4569 312 4642 ﬁdimus,
347 4578 612 4633 tribuatis.
658 4577 946 4633 Peculiaris
995 4587 1173 4635 Vester
1215 4579 1492 4636 {Etherius
1525 4593 1646 4648 pec-

125 4669 240 4718 cator
278 4668 501 4724 salutare
561 4682 846 4738 praesumo.
898 4671 1082 4726 Cliens
1131 4680 1306 4726 vester
1350 4669 1648 4740 Hesychius

126 4766 384 4817 reverenter
427 4764 602 4820 audeo
643 4768 897 4819 salutare.
942 4767 1159 4820 Amator
1192 4773 1372 4820 vester
1397 4765 1650 4834 Syagrius

128 4860 384 4914 reverenter
431 4865 628 4919 saluto.
672 4861 857 4918 Cultor
902 4872 1076 4916 veSter
1128 4859 1353 4914 Urbicus
1407 4869 1652 4930 peccator

126 4933 395 5006 famulanter
429 4955 626 5008 saluto.
656 4953 955 5010 Venerator
979 4964 1157 5007 veSter
1182 4949 1422 5006 Veratius
1455 4949 1653 5009 episco-

130 5117 299 5237 {’O'HIis
325 5135 504 5186 sanctis
540 5143 726 5202 atque,
758 5143 862 5187 etc.
904 5131 1028 5185 Ilmc
1068 5131 1208 5186 enim
1239 5141 1315 5185 est
1351 5129 1648 5184 communis

143 5202 304 5237 tirmnla

143 5202 326 5252 orntula.

184 5272 203 5297 ¹¹
232 5267 468 5326 eraudus
512 5275 563 5326 in
609 5274 881 5340 Sttpplem.
936 5271 1139 5326 Coucil.
1187 5272 1368 5326 Callia:
1420 5272 1558 5324 addit
1603 5281 1649 5324 et

134 5329 348 5412 ﬂleret-eo.
391 5345 523 5397 Infra
561 5329 737 5398 anteit;
770 5345 820 5397 iu
865 5343 1013 5396 Coll).
1067 5361 1136 5394 tn.
1171 5353 1223 5395 et
1263 5343 1450 5412 Regni.
1498 5343 1648 5396 deeSt

135 5405 468 5476 Auuacharius;
505 5427 554 5468 et
583 5415 794 5482 quidem
827 5414 963 5466 inter
985 5429 1076 5467 eos
1106 5415 1191 5482 qui
1220 5405 1646 5473 subscripserunt

135 5483 217 5524 ""n
239 5484 447 5554 occurrit
472 5527 486 5542 ,
533 5486 667 5538 sicut
698 5500 796 5539 nec
825 5486 1122 5554 Agruacula.
1164 5484 1350 5538 Caneri
1382 5498 1507 5535 vero
1535 5499 1640 5535 non

135 5555 186 5587 ro
208 5549 365 5603 ordine
393 5558 832 5621 subscripserunt,
851 5549 954 5622 q'uo
986 5556 1069 5608 hic
1103 5569 1285 5607 eorum
1319 5556 1528 5620 nomina
1557 5569 1641 5607 re-

137 5622 393 5692 ICt’useumr.
448 5624 686 5692 Episcopi
747 5638 919 5677 autem
972 5625 1044 5678 illi
1103 5624 1314 5677 errttnt
1364 5623 1637 5677 Etherius

137 5676 475 5756 Lugdunensis,
494 5676 770 5764 IISyagrius
801 5676 1312 5765 AiigttstuduueuSis,
1357 5699 1636 5750 Auuacha-

337 5792 591 5849 I’ATttUL.
642 5791 810 5849 LXX
825 5791 870 5852 I.

1749 4575 2105 4645 suggestionis
2153 4588 2285 4629 meae
2332 4574 2613 4643 paginam,
2668 4575 2996 4641 apostolatus
3057 4577 3219 4631 vestri
3268 4579 3322 4634 in

1750 4665 1949 4721 ChriSti
1977 4666 2192 4721 nomine
2218 4675 2492 4735 superstes
2521 4669 2732 4736 porrigo
2765 4666 2844 4720 vel
2874 4667 3081 4724 devota.
3112 4673 3173 4725 Et
3201 4675 3322 4743 quia

1754 4775 1990 4830 praesens
2017 4774 2122 4812 non
2149 4760 2285 4811 valui
2308 4800 2322 4823 ,
2353 4759 2504 4827 quasi
2535 4759 2728 4812 vestris
2758 4760 3034 4826 provoluta
3062 4763 3322 4832 vestigiis,

1754 4851 1998 4920 epistola:
2048 4852 2358 4905 vicarietate
2404 4862 2732 4918 prosteruor,
2779 4855 3067 4922 conjurans
3095 4870 3188 4922 per
3222 4853 3321 4907 Pa-

1759 4953 1892 4997 trem
1921 4951 1976 4997 et
2011 4939 2202 4995 Filium
2245 4951 2298 4994 et
2339 4940 2596 5008 Spiritum
2626 4954 2900 5006 sanctum,
2943 4959 3004 4998 ac
3033 4945 3168 4997 diem
3216 4954 3322 4998 tre-

1758 5131 1868 5181 rius
1904 5121 2401 5186 Antissiodorensis,
2452 5122 2728 5175 I-Iesicliios
2775 5122 3316 5190 Gratianopolitanus,

1759 5197 1998 5265 Agrictila
2025 5194 2384 5265 Niverueusis,
2417 5192 2638 5265 Urbicus
2672 5193 2963 5265 Begieusts,
2997 5193 3144 5265 Felix
3181 5198 3321 5251 Iten-

1756 5262 1972 5326 ρίξηηίς,
2020 5267 2253 5316 γειιειηιιε
2278 5263 2676 5338 (Zavelliceusis,
2711 5262 2859 5315 Felix
2897 5263 3321 5338 Catalauncusis,

1759 5339 2096 5392 llertramnus
2125 5333 2562 5388 Cenomanensis.

1828 5409 1851 5444 δ
1889 5407 2090 5460 Exinde
2137 5413 2298 5474 patet,
2351 5403 2569 5474 verbum
2601 5417 2918 5474 percurrere
2969 5420 3069 5457 non
3117 5415 3317 5464 aSsumi

1751 5495 1844 5546 pro
1885 5479 2111 5530 lectione
2137 5472 2545 5540 ‘prceetpitanter
2590 5473 2744 5524 facta.
2783 5473 2912 5526 Vide
2954 5475 3224 5533 dlabillou.
3269 5483 3321 5536 in

1749 5549 2067 5603 Defensione
2096 5547 2392 5600 studi-trum
2425 5547 2861 5605 tutmasticorutu,
2895 5557 2997 5599 art.
3040 5550 3121 5604 l9.

1819 5632 1839 5656 ε
1873 5620 1959 5673 Sic
1987 5633 2115 5674 mss.
2150 5617 2286 5672 Edili
2309 5631 2432 5668 vero
2459 5616 2715 5686 plerique,
2743 5615 2898 5683 degit.

1813 5689 1836 5727 (λ
1871 5690 1958 5744 Sic
1991 5690 2117 5744 [ιλιι.
2146 5707 2156 5717 ·
2182 5690 2304 5754 alii,
2336 5686 2507 5740 eduxi.

2821 5777 2893 5836 17
