3942 6190
594 237 690 263 HT".

597 237 690 289 ΤίίΓὶ
1577 233 1633 288 S.
1674 230 1994 287 GREGORII
2039 229 2333 285 EPISCOPI
2376 231 2804 289 TURONENSlS

3726 234 3849 286 5'24

594 345 764 400 mendi
805 344 1019 413 judicii,
1066 346 1143 399 sic
1186 356 1598 414 reprmscntatos
1636 363 1730 401 vos
1770 363 1871 401 non
1902 342 2156 415 tyrannus
2186 348 2233 407 Α
2262 364 2391 414 quos
2446 360 2697 417 patronos
2741 353 2791 404 in
2844 366 2999 403 causa
3035 349 3125 403 Dei
3157 349 3435 415 diligenter
3482 346 3709 409 ascisco,
3766 350 3847 411 si,

591 446 875 505 oppugnet,
906 436 998 490 sed
1028 438 1295 507 legitimus
1326 455 1418 494 rex
1448 451 1670 495 coronet
1698 459 1709 493 :
1734 451 1793 495 ut
1820 442 1861 495 si
1888 457 2013 496 casu
2039 452 2157 509 post

593 545 766 584 meum
792 529 992 584 obitum
1024 546 1351 600 quaecunque
1382 548 1608 595 persona
1632 577 1646 599 ,
1680 535 1760 587 vel
1796 535 1892 588 loci
1919 535 2155 602 ejusdem

592 618 824 686 pontifex
847 659 862 682 ,
893 634 985 673 seu
1033 630 1265 687 potestas
1298 622 1551 691 principis
1576 663 1590 685 ,
1632 624 1711 676 vel
1766 625 1899 677 alius
1941 625 2152 692 aliquis.

593 712 730 777 quod
764 726 859 767 nec
884 711 993 766 ﬁeri
1026 714 1291 768 credimus
1315 755 1329 778 ,
1362 716 1859 786 congregationem,
1886 702 1967 770 vel
1996 732 2153 769 suasu

596 804 866 868 malivolo,
908 806 987 857 vel
1039 807 1261 876 impulsu
1311 806 1587 874 jndiciario
1637 808 1945 873 perturbare
1988 816 2157 860 tenta-

594 896 753 961 verit,
816 905 906 949 aut
946 899 1179 966 regulam
1229 898 1487 967 frangere,
1533 914 1625 951 seu
1670 899 1991 952 abbatissam
2027 902 2154 952 alte-

592 1000 705 1038 ram
758 1002 915 1055 quam
967 1003 1202 1041 sororem
1261 1004 1430 1042 meam
1484 989 1769 1056 Agnetem,
1810 1004 1965 1057 quam
2029 989 2152 1041 bea~

594 1075 781 1129 tissimi
824 1076 1080 1131 Germani.
1123 1079 1470 1145 prmsentibus
1527 1081 1635 1133 suis
1686 1080 1941 1135 fratribus
1988 1081 2152 1134 bene-

592 1166 754 1219 dictio
786 1169 1154 1231 consecravit;
1183 1178 1272 1221 aut
1314 1170 1424 1238 ipsa
1453 1172 1793 1240 congregatio
1814 1212 1829 1235 ,
1870 1170 2008 1238 quod
2041 1171 2155 1225 ﬁeri

594 1272 696 1311 non
729 1268 919 1325 potest,
950 1259 1125 1312 habita
1172 1261 1587 1313 murmuratione
1631 1271 1832 1313 mutare
1863 1262 2154 1316 contende-

596 1345 685 1411 rit,
715 1347 799 1401 vel
842 1348 1095 1416 quasdam
1139 1348 1526 1404 dominationes
1570 1352 1621 1403 in
1669 1351 2020 1415 monasterio,
2072 1353 2154 1407 vel

589 1439 751 1495 rebus
795 1440 1101 1501 monasterii
1124 1483 1138 1503 ,
1171 1456 1503 1510 quaecunque
1555 1443 1777 1509 persena
1810 1446 1892 1499 vel
1922 1446 2153 1511 pontifex

590 1529 715 1593 loci,
748 1540 939 1599 praeter
967 1546 1099 1600 quas
1127 1541 1493 1585 antecessores
1522 1534 1754 1599 episeopi
1779 1573 1793 1597 ,
1833 1543 1923 1585 aut
1950 1536 2035 1589 alii
2069 1550 2153 1590 me

590 1621 877 1689 superstite
908 1620 1240 1687 habuerunt,
1276 1637 1411 1674 novo
1442 1623 1716 1691 privilegio
1746 1625 2048 1695 quicunque
2074 1626 2152 1679 af—

2259 442 2398 510 quod
2426 442 2578 501 abut.
2610 445 2870 496 exstiterit
2901 442 2986 509 qui
3031 450 3210 493 contra
3266 441 3379 493 haec
3410 438 3609 506 aliquid
3654 438 3842 491 moliri

2260 534 2568 595 tentaverit,
2594 550 2686 601 pro
2734 533 3042 603 repellendo
3083 542 3137 586 et
3166 529 3489 585 confutandu
3518 530 3611 582 Dei
3640 531 3803 582 hoste
3822 570 3841 593 ,

2259 639 2363 677 non
2391 626 2565 692 pigeat
2598 625 2661 677 ad
2711 640 2916 691 regem,
2962 639 3117 690 quem
3163 638 3227 676 eo
3257 634 3499 689 tempore
3548 621 3695 673 locus
3726 620 3841 672 istc

2257 714 2575 781 respexerit,
2609 715 2688 768 vel
2719 714 2781 767 ad
2814 715 3079 767 Pictavam
3112 712 3412 773 civitatem,
3460 724 3559 776 pro
3591 724 3650 762 re
3681 709 3842 761 vobis

2258 815 2379 859 ante
2412 804 2689 857 Dominum
2722 806 3091 857 commendata
3135 817 3448 881 percurrere
3473 845 3487 867 ,
3543 808 3598 853 et
3644 810 3839 853 contra

2258 896 2483 949 aliorum
2516 895 2830 963 injustitiam
2864 902 3215 947 exsecutores
3240 904 3293 946 et
3322 891 3638 945 defensores
3672 890 3841 959 justi-

2258 984 2344 1039 tia:
2371 986 2611 1039 laborare
2639 1004 2652 1049 ;
2686 996 2743 1039 ut
2774 985 2879 1038 tale
2911 985 3057 1039 nefas
3098 984 3246 1036 nullo
3278 983 3435 1035 modo
3478 982 3589 1034 suis
3622 981 3836 1033 admitti

2258 1081 2585 1147 temporibus
2612 1095 2701 1133 rex
2729 1079 2956 1147 patiatur
2982 1077 3296 1136 catholicus,
3324 1090 3420 1128 nec
3447 1074 3677 1127 convelli
3711 1089 3836 1141 per-

2259 1170 2587 1239 mittatqnod
2624 1170 2807 1235 Dei,et
2837 1183 2974 1231 mea,
3003 1176 3057 1220 et
3073 1182 3257 1235 regum
3286 1166 3520 1231 ipsorum
3554 1163 3835 1215 voluntate

2260 1263 2526 1316 firmatum
2556 1271 2658 1316 est.
2694 1260 2861 1314 Simul
2890 1260 3049 1313 etiam
3077 1259 3362 1326 principes,
3394 1272 3530 1323 quos
3562 1257 3704 1309 Deus
3730 1271 3832 1323 pro

2256 1353 2639 1423 gubernatione
2670 1351 2846 1419 populi
2879 1359 2997 1418 post
3026 1350 3305 1402 decessum
3337 1363 3513 1401 meum
3539 1360 3831 1415 superesse

2258 1443 2588 1510 praeceperit,
2620 1442 2839 1507 conjuro
2872 1454 2965 1507 per
3006 1453 3184 1506 regem
3212 1437 3366 1506 cujus
3398 1436 3547 1505 regni
3580 1452 3683 1487 inin
3726 1435 3831 1487 erit

2258 1535 2481 1598 finis,et
2513 1534 2576 1584 ad
2617 1532 2767 1601 cujus
2818 1544 3002 1583 nutum
3050 1544 3211 1598 regna
3259 1530 3595 1594 consistunt,
3631 1528 3718 1595 qui
3749 1528 3834 1578 eis

2256 1623 2471 1676 donavit
2506 1624 2676 1691 ipsum
2712 1623 2888 1675 vivere
2918 1621 3001 1674 vel
3049 1634 3272 1688 regnare
3297 1662 3312 1685 ,
3357 1626 3412 1671 ut
3443 1618 3828 1671 monasterium

594 1712 791 1768 fectare
841 1713 1088 1779 voluerit,
1119 1721 1210 1765 aut
1259 1724 1407 1768 extra
1459 1714 1695 1784 regulam
1734 1715 1926 1769 exinde
1972 1716 2151 1785 egredi
2185 1712 2227 1768 Β
2256 1718 2395 1785 quod
2425 1732 2487 1769 ex
2526 1715 2786 1781 permisso
2832 1724 2885 1768 et
2913 1714 3105 1767 solatio
3135 1714 3450 1765 domnornm
3497 1726 3703 1781 regum,
3738 1726 3830 1776 pa-

588 1802 705 1869 quis
736 1803 1037 1869 tentaverit,
1072 1818 1162 1857 seu
1186 1803 1252 1858 de
1279 1805 1458 1868 rebus,
1484 1820 1616 1873 quas
1647 1806 1697 1857 in
1722 1820 1807 1859 me
1837 1806 2152 1873 praecellen-

588 1894 824 1947 tissimus
870 1894 1095 1948 domnus
1129 1894 1493 1959 Chlotharius,
1542 1896 1627 1950 vel
1678 1897 2147 1963 praecellentissimi

586 1984 765 2039 domni
798 2001 949 2055 reges
978 1985 1083 2058 [Αἰ.
1118 1985 1279 2057 regis]
1308 1987 1397 2041 filii
1427 1988 1505 2041 sui
1535 1989 1878 2044 contulerunt
1908 2008 1921 2042 :
1956 2000 2008 2044 et
2051 2006 2150 2057 ego

586 2092 651 2129 ex
699 2076 812 2145 ejus
858 2077 1231 2147 praeceptionis
1262 2079 1553 2146 permisso,
1588 2080 1911 2132 monasterio
1961 2080 2151 2133 tradidi

586 2167 960 2232 possidendum
984 2209 996 2229 ,
1028 2178 1081 2220 et
1112 2183 1204 2236 per
1246 2169 1586 2223 auctoritates
1636 2170 2152 2237 praecellentissimo-

586 2272 702 2310 rum
735 2258 1046 2311 domnorum
1105 2274 1307 2327 regum,
1339 2258 1673 2323 Chariberti,
1723 2260 2106 2314 Gnntchramni
2134 2303 2148 2322 ,

585 2345 867 2414 Citiiperici
897 2357 949 2398 et
996 2347 1285 2415 Sigibeiti,
1319 2362 1437 2401 cum
1486 2352 1807 2402 sacramenti
1856 2350 2153 2417 interpoSI-

588 2439 730 2489 tione
754 2476 769 2499 ,
815 2444 870 2489 et
897 2450 1110 2489 suarum
1150 2452 1398 2490 manuum
1431 2438 1916 2507 subscriptionibus
1943 2441 2152 2494 obtinui

589 2525 897 2581 confirmari
931 2543 944 2577 :
985 2534 1077 2579 aut
1122 2542 1188 2580 ex
1220 2526 1302 2580 his
1335 2544 1451 2597 quae
1478 2529 1569 2581 alii
1598 2544 1691 2598 pro
1719 2530 2010 2583 animarum
2034 2547 2155 2584 sna-

588 2632 707 2671 rum
746 2615 1003 2682 remedio,
1035 2618 1118 2671 vel
1152 2631 1365 2672 sorores
1404 2618 1598 2673 ibidem
1646 2621 1713 2674 de
1742 2627 1897 2675 rebus
1928 2623 2153 2692 propriis

586 2712 952 2776 contulerunt,
1005 2710 1194 2780 aliquis
1226 2715 1497 2782 princeps,
1526 2722 1613 2767 aut
1646 2714 1903 2782 pontifex,
1934 2726 2025 2769 aut
2056 2733 2144 2785 po-

586 2811 724 2866 teus,
749 2809 842 2855 aut
871 2810 898 2838 ι
929 2800 997 2856 de
1022 2803 1299 2856 sororibus
1326 2803 1613 2873 cujuslibet
1650 2819 1893 2873 personae
1916 2808 2025 2859 ausi
2058 2809 2155 2860 ini-

587 2908 771 2957 nuere,
796 2900 889 2947 aut
926 2892 1138 2947 sibimet
1179 2892 1245 2946 ad
1279 2892 1660 2963 preprietatem
1702 2910 1959 2949 revocare
1988 2898 2151 2950 sacri-

588 2983 709 3053 lego
756 2990 880 3036 voto
930 2982 1301 3047 contenderit,
1347 2982 1417 3035 ita
1470 2992 1701 3037 vestram
1760 2985 2088 3039 sanctitatem
2124 2984 2150 3024 δ

2255 1809 2349 1861 tris
2365 1808 2443 1861 vel
2462 1808 2544 1859 avi
2569 1821 2751 1860 eorum
2779 1805 3142 1859 construxisse
3169 1806 3281 1856 visa
3304 1817 3443 1865 sum,
3466 1812 3517 1855 et
3544 1802 3832 1853 ordinasse

2258 1900 2587 1967 regulariter,
2622 1900 2704 1953 vel
2754 1898 2989 1959 dotasse,
3030 1895 3189 1965 475
3236 1896 3335 1947 sub
3381 1907 3477 1946 sua
3504 1893 3730 1946 tuitione
3772 1902 3832 1945 et

2251 2006 2516 2054 sermone,
2548 2006 2649 2043 una
2696 2005 2813 2044 cum
2843 1988 3045 2055 Agnete
3080 1988 3342 2040 abbatissa
3370 1984 3589 2050 jubeant
3620 1984 3829 2051 guber-

2256 2100 2407 2148 nare,
2437 2094 2488 2136 et
2518 2100 2544 2134 a
2578 2082 2723 2135 nullo
2755 2097 2923 2145 neque
2954 2094 3099 2147 saepe
3128 2080 3318 2132 dictum
3352 2079 3675 2130 abbatissam
3725 2093 3831 2128 no-

2254 2184 2442 2237 stram,
2470 2187 2642 2241 neque
2670 2171 2864 2240 aliqu’.d
2897 2171 2963 2223 ad
2993 2182 3230 2223 nostrum
3254 2169 3636 2220 monasterium
3670 2167 3829 2234 perti-

2254 2278 2386 2317 nens
2419 2264 2713 2327 molestari,
2734 2249 2824 2314 a'ut
2864 2260 3177 2328 inquietari,
3210 2258 3290 2311 vel
3321 2256 3517 2311 exinde
3558 2257 3827 2319 imminui,

2254 2363 2345 2406 aut
2388 2353 2589 2422 aliquid
2636 2353 2826 2405 mutari
2870 2352 3212 2418 permittant;
3253 2349 3345 2402 sed
3388 2349 3555 2418 magis
3601 2363 3699 2417 pro
3732 2348 3825 2401 Dei

2255 2446 2445 2500 intuitu
2476 2459 2575 2498 una
2606 2458 2726 2496 cum
2769 2442 2978 2496 domnis
3012 2439 3299 2509 episcopis,
3334 2441 3470 2509 ipsi,
3503 2455 3589 2495 me
3629 2440 3829 2505 Sttppli-

2254 2547 2409 2589 eunte
2445 2549 2624 2588 coram
2675 2533 3012 2599 redemptore
3058 2533 3329 2601 gentium,
3362 2533 3494 2584 sicut
3542 2533 3620 2585 eis
3668 2547 3826 2584 coni-

2256 2627 2469 2690 mendo,
2503 2623 2767 2681 defensori
2795 2624 3010 2694 jubeant
3044 2632 3099 2678 et
3125 2622 3351 2689 muniri,
3380 2633 3436 2674 ut
3463 2623 3515 2675 in
3540 2623 3700 2687 cujus
3728 2622 3830 2673 hn-

2255 2735 2385 2774 nore
2422 2719 2514 2773 Dei
2566 2718 2790 2773 famulas
2838 2725 3148 2788 protegunt,
3191 2731 3310 2772 cum
3356 2716 3641 2772 defensore
3688 2733 3827 2785 pau-

2254 2827 2439 2881 perum
2483 2819 2538 2865 et
2589 2812 2800 2880 Sponso
2860 2809 3132 2879 Virginum
3160 2811 3167 2878 ξ
3195 2811 3567 2878 perpetualiter
3622 2820 3828 2863 aeterno

2263 2904 2531 2958 socientur
2558 2903 2610 2957 in
2641 2917 2825 2972 regno.
2860 2902 2989 2956 Illud
3016 2900 3043 2937 τι
3073 2917 3284 2971 quoque
3312 2918 3404 2955 vos
3440 2912 3657 2955 sanctos
3695 2918 3831 2972 pon-

2254 2994 2443 3063 tiﬁccs,
2491 3005 2544 3049 et
2588 2995 3111 3064 przecelleutissimos
3139 2993 3367 3047 domuos
3418 3009 3589 3063 reges,
3623 3004 3681 3048 et
3710 2996 3829 3047 uni-

587 3088 1066 3141 successorumque
1102 3071 1265 3145 474,
1292 3083 1584 3127 veSIrurum
1634 3082 1753 3142 post
1801 3074 1999 3139 Deum,
2055 3091 2151 3145 pro
2179 3076 2224 3136 C
2256 3100 2465 3139 versum
2506 3086 2757 3155 populum
2799 3084 3159 3139 Christianum
3185 3125 3200 3149 ,
3248 3085 3473 3153 conjuro
3520 3100 3615 3153 per
3667 3086 3827 3141 ﬁdem

587 3180 708 3220 mea
736 3162 1124 3232 supplicatione
1152 3176 1206 3219 et
1248 3163 1448 3219 Christi
1476 3166 1764 3230 voluntate,
1793 3167 2024 3221 incurrat
2051 3186 2063 3222 :
2096 3178 2151 3223 ut

586 3258 723 3317 sicut
752 3255 1033 3325 praedones
1080 3264 1135 3311 et
1175 3255 1489 3323 spoliatores
1530 3273 1819 3326 pauperum
1849 3268 1996 3313 extra
2027 3275 2150 3329 gra-

589 3353 715 3406 tiam
745 3358 974 3404 vestram
997 3348 1314 3416 habeantur,
1348 3365 1613 3419 nunquam
1638 3351 1703 3405 de
1734 3362 1913 3404 nostra
1946 3356 2148 3419 regula,

588 3446 673 3499 vel
702 3443 769 3498 de
794 3443 954 3498 rebus
981 3442 1312 3507 monasterii,
1345 3444 1725 3498 obsistentibus
1768 3445 1937 3507 vobis,
1975 3446 2153 3500 immi-

588 3554 757 3594 nuere
784 3538 960 3593 valeat
1008 3538 1206 3606 aliquid
1236 3547 1328 3590 aut
1368 3546 1594 3592 mutare.
1643 3538 1752 3592 Hoc
1774 3538 1931 3593 etiam
1961 3538 2154 3606 depre-

590 3646 717 3685 cans
747 3641 802 3684 ut
830 3644 948 3684 cum
978 3629 1119 3683 Deus
1148 3628 1455 3697 praedictam
1490 3629 1737 3682 domnam
1787 3645 2025 3684 sororem
2056 3646 2153 3681 no-

589 3729 753 3773 stram
782 3718 1041 3789 Agnetem
1082 3716 1150 3771 de
1196 3715 1391 3771 saeculo
1439 3719 1666 3785 migrare
1697 3717 1952 3783 voluerit,
1986 3718 2068 3770 illa
2101 3718 2151 3771 in

590 3811 709 3865 loco
737 3811 854 3879 ejus
895 3809 1162 3864 abbatissa
1194 3809 1260 3863 de
1308 3820 1488 3862 nostra
1528 3809 1939 3878 congregatione
1963 3809 2155 3864 debeat

588 3902 851 3968 ordinari,
897 3918 1013 3971 qua:
1047 3901 1155 3954 Deo
1205 3910 1257 3955 et
1287 3900 1385 3967 ipsi
1417 3901 1691 3968 placuerit,
1724 3900 2030 3954 custodiens
2066 3916 2152 3956 re—

588 3994 798 4063 gulam,
831 4003 883 4047 et
922 3991 1049 4046 nihil
1096 3992 1162 4045 de
1216 3993 1484 4059 proposito
1529 3991 1825 4045 sanctitatis
1852 3993 2150 4046 imminuat.

589 4085 721 4141 Nam
755 4096 779 4125 ε
813 4100 1077 4153 nunquam
1128 4087 1335 4154 propria
1389 4097 1477 4138 aut
1520 4086 1881 4157 cujuscunque
1912 4086 2154 4141 veluntas

588 4177 902 4249 praecipitet.
926 4177 1075 4244 Quod
1101 4178 1170 4240 si,
1209 4177 1348 4245 quod
1383 4178 1549 4240 absit,
1585 4188 1766 4231 contra
1812 4179 1902 4231 Dei
1935 4178 2156 4231 manda-

589 4280 699 4324 tum
731 4280 784 4323 et
813 4270 1183 4324 auctoritatem
1219 4285 1401 4337 regum
1448 4269 1638 4338 aliquis
1667 4269 1735 4323 de
1780 4272 2154 4339 suprascriptis

592 4362 979 4417 conditionibus
1006 4376 1185 4415 coxam
1216 4361 1441 4415 Domino
1470 4372 1522 4414 et
1549 4362 1746 4414 sanctis
1766 4361 1883 4428 ejus
1917 4361 2154 4429 precabi-

2254 3177 2571 3231 catholicam
2597 3178 2647 3230 in
2679 3190 2781 3245 qua
2836 3176 3087 3245 baptizati
3118 3175 3267 3239 estis,
3294 3186 3347 3229 et
3380 3175 3648 3228 Ecclesias
3694 3191 3830 3243 quas

2254 3268 2599 3333 conservatis,
2650 3277 2706 3320 ut
2737 3268 2786 3320 in
2835 3267 3053 3321 basilica
3096 3282 3251 3334 quam
3300 3266 3351 3319 in
3396 3278 3593 3320 sanctae
3644 3266 3829 3321 Maria:

2256 3357 2543 3411 Dominicae
2592 3358 2865 3426 genitricis
2920 3356 3173 3411 honorem
3224 3360 3484 3425 coepimus
3533 3359 3827 3423 aediﬁcare,

2257 3450 2342 3502 ubi
2371 3453 2531 3503 etiam
2579 3450 2759 3503 multa:
2814 3464 3026 3504 sorores
3081 3458 3277 3502 nostrae
3328 3450 3557 3503 condita:
3606 3461 3735 3503 sunt
3778 3453 3828 3504 in

2256 3543 2461 3610 requie,
2486 3543 2601 3595 sive
2630 3540 2886 3610 perfecta,
2916 3542 3029 3595 sive
3056 3541 3384 3608 imperfecta,
3415 3556 3535 3595 cum
3570 3556 3656 3594 me
3690 3542 3830 3596 ῡευς

2256 3632 2322 3685 de
2351 3633 2451 3687 hac
2475 3632 2590 3686 luce
2618 3634 2845 3699 migrare
2878 3632 3208 3701 prteceperit,
3242 3634 3619 3701 corpusculum
3644 3650 3829 3687 meum

2258 3723 2329 3776 ibi
2361 3723 2551 3779 debeat
2580 3724 2814 3792 sepeliri.
2845 3723 2994 3789 Quod
3033 3723 3078 3776 si
3119 3725 3237 3792 quis
3278 3724 3420 3777 aliud
3446 3722 3571 3779 inde
3598 3727 3831 3780 voluerit

2258 3825 2346 3869 aut
2375 3815 2483 3868 fieri
2514 3815 2820 3877 tentaverit,
2852 3815 3125 3868 obtinente
3151 3831 3309 3870 cruce
3342 3815 3537 3869 Christi
3588 3827 3642 3871 et
3676 3821 3829 3872 beata

2256 3906 2440 3970 Maria,
2471 3907 2703 3960 divinam
2728 3908 2980 3961 ultionem
3013 3908 3278 3970 incurrat,
3314 3916 3367 3961 et
3393 3908 3543 3961 vobis
3572 3910 3813 3964 intercur

2257 3998 2516 4061 rentibus,
2551 3998 2601 4049 in
2635 3998 2750 4050 loco
2798 3998 2961 4065 ipsius
3008 3997 3246 4051 basilicae
3291 4013 3502 4053 merear
3533 4016 3651 4052 cum
3690 4017 3829 4055 soro-

2258 4104 2373 4142 rum
2403 4089 2812 4158 congregatione
2858 4089 3100 4142 obtinere
3130 4088 3360 4142 loculum
3415 4090 3730 4156 sepulturae.
3770 4092 3830 4143 Et

2258 4190 2315 4231 ut
2365 4179 2479 4232 haec
2509 4180 2823 4248 supplicatio
2869 4195 3022 4243 mea,
3072 4195 3230 4249 quam
3264 4196 3422 4233 manu
3468 4183 3683 4250 propria
3716 4182 3828 4235 sub-

2258 4270 2478 4339 scripsi,
2526 4270 2579 4321 in
2627 4270 2936 4323 universalis
2986 4270 3235 4325 Ecclesia:
3284 4270 3504 4323 archivo
3562 4285 3826 4335 servetur,

2257 4360 2436 4415 effusis
2464 4376 2583 4413 cum
2639 4362 2885 4431 lacrymis
2935 4362 3198 4429 deprecor
3226 4378 3239 4412 :
3272 4374 3531 4428 quatenus
3563 4363 3610 4415 si
3645 4374 3826 4417 contra

592 4456 713 4507 liter
735 4454 1120 4507 commendatis
1142 4467 1318 4520 agere,
1343 4461 1433 4505 aut
1456 4452 1522 4505 de
1545 4466 1767 4519 persona
1798 4462 1887 4506 aut
1908 4452 2149 4507 substan-
2181 4452 2233 4513 D
2258 4454 2527 4522 improbos
2556 4454 2762 4522 aliquos
2804 4454 3090 4509 necessitas
3134 4456 3393 4522 exegerit,
3426 4466 3481 4507 ut
3513 4466 3693 4507 vestra
3741 4456 3826 4507 dc-

592 4548 665 4596 tia
709 4544 987 4597 minuenda
1021 4544 1267 4608 voluerit,
1301 4552 1392 4594 aut
1441 4550 1744 4594 memOratte
1798 4543 1969 4595 sorori
2016 4559 2152 4597 mea:

593 4646 626 4686 Λ
640 4635 780 4704 gneti
826 4632 1108 4685 abbatissae
1136 4632 1407 4685 molestias
1453 4631 1658 4697 aliquas
1689 4630 1887 4685 inferre
1916 4640 2151 4685 tentave—

591 4724 678 4784 rit,
712 4723 823 4784 Dei,
850 4735 903 4775 et
930 4732 1129 4775 sanctae
1158 4723 1329 4775 crucis
1351 4762 1365 4782 ,
1400 4730 1453 4774 et
1482 4722 1649 4774 beata:
1693 4721 1871 4775 Maria:
1916 4721 2153 4776 incurrat

591 4815 872 4886 judicium,
909 4823 960 4867 ct
988 4815 1170 4867 beatos
1201 4813 1534 4866 confesSores
1580 4812 1836 4865 Hilarium
1890 4823 1943 4866 et
1969 4814 2153 4866 Marti-

593 4920 739 4969 nmn,
768 4906 958 4974 quibus
986 4911 1103 4969 p0:l
1134 4902 1296 4955 Deum
1321 4918 1535 4956 Sorores
1566 4919 1710 4957 meas
1746 4902 1933 4956 tradidi
1965 4905 2155 4958 deten-

592 5002 813 5064 dendas,
847 5000 987 5066 ipsos
1018 4997 1205 5051 habeat
1231 4996 1652 5050 centradictores
1678 5006 1731 5050 et
1763 5008 2150 5063 persecutores.

593 5095 669 5147 Te
697 5107 928 5163 quoque,
962 5091 1119 5144 beate
1163 5089 1417 5158 pontifex.
1452 5101 1895 5157 successoresque
1924 5095 2153 5152 vestros,

665 5238 689 5265 ⁸
719 5230 929 5297 licgm.,
961 5236 1047 5280 aut
1090 5226 1261 5297 aliqua
1314 5222 1375 5275 de
1408 5224 1667 5297 sororibus
1691 5223 1799 5297 Iure
1834 5222 2149 5297 imminuere,

594 5309 641 5352 et
670 5302 719 5351 in
748 5294 839 5351 suo
868 5300 1081 5363 propria
1124 5296 1385 5347 traducere
1425 5296 1595 5361 quavis
1626 5294 2003 5345 machinatione
2047 5302 2156 5345 ten-

602 5371 797 5433 taverit,
828 5369 1163 5421 anathemati:
1183 5366 1301 5435 jugi
1332 5364 1505 5433 gladio
1533 5364 1799 5433 feriantur.

669 5438 694 5476 ι)
727 5439 1051 5509 Legcndum,
1085 5452 1139 5489 ot
1169 5446 1311 5504 puto,
1346 5452 1473 5487 iram
1498 5446 1671 5487 vestrm
1712 5435 2015 5499 sanctitatis,
2050 5444 2150 5488 etc.

2261 4546 2505 4600 feusione
2534 4559 2689 4598 soror
2717 4559 2833 4605 mea
2864 4547 3043 4613 Agnes
3070 4543 3357 4608 abbatissa,
3401 4544 3483 4597 vel
3534 4559 3823 4615 congrega-

2260 4639 2333 4692 tio
2360 4636 2496 4705 ejus,
2520 4638 2665 4706 quo“
2687 4635 2919 4691 succurri
2945 4637 3040 4690 sibi
3074 4636 3428 4705 poposcerint,
3449 4644 3640 4691 vestra:
3670 4641 3824 4692 ιιιὶεν-

2269 4728 2506 4781 ricordite
2551 4727 2630 4794 pia
2668 4727 2964 4780 consolatio
3001 4742 3154 4793 opem
3186 4726 3435 4794 pastorali
3469 4729 3822 4781 sollicitudine

2259 4819 2653 4886 subministret;
2684 4835 2779 4874 nec
2807 4819 2875 4873 de
2922 4835 3006 4873 me
3043 4818 3323 4872 destitutas
3365 4833 3423 4873 se
3450 4821 3781 4887 proclament

2263 4914 2452 4981 quibus
2483 4914 2619 4967 Deus
2667 4913 2970 4982 praesidium
3023 4925 3217 4967 vestrm
3262 4915 3444 4982 gratiae
3491 4915 3795 4985 praeparavit

2261 5003 2389 5057 Illud
2422 5002 2569 5055 vobis
2597 5004 2649 5057 in
2678 5004 2924 5057 omnibus
2969 5014 3092 5058 ante
3120 5004 3305 5059 oculos
3348 5018 3694 5072 revocantes,
3738 5022 3812 5074 pet

2261 5096 2457 5162 ipsum,
2488 5094 2577 5162 qui
2610 5094 2677 5148 de
2707 5109 2867 5149 cruce
2913 5096 3140 5164 gloriosa
3176 5095 3445 5163 Virginem
3489 5112 3642 5150 suam
3682 5099 3807 5168 geni

2335 5234 2355 5259 ο
2390 5223 2600 5291 Regm.,

2260 5296 2406 5363 pinu.

2263 5435 2275 5446 .
2330 5363 2514 5488 dﬂQna!
2560 5374 2851 5432 sequuntur
2892 5366 2957 5418 ad
3006 5366 3160 5419 finem
3191 5366 3379 5434 capitis
3404 5376 3676 5420 contracta
3712 5384 3797 5418 sun

2263 5452 2312 5488 Ill
2393 5450 2531 5488 eum.

2261 5452 2312 5489 tn
2346 5450 2531 5504 negm.

2672 5240 2789 5276 nam
2857 5241 3218 5294 nonnunquam
3273 5242 3582 5294 praprm....
3646 5243 3815 5293 pmo-

661 5571 851 5637 fRecte
866 5574 1041 5621 omittit
1062 5569 1281 5621 vuculam
1317 5584 1410 5632 quo
1437 5572 1714 5623 Dominicus
1748 5573 2025 5637 Mansi,qul
2090 5575 2215 5624 hanc
2241 5576 2489 5637 epistolam
2537 5588 2636 5624 suae
2671 5572 2994 5625 Conciliorum
3032 5573 3306 5637 collectioni
3334 5574 3559 5634 inseruit,
3609 5582 3706 5625 tota
3744 5569 3816 5629 fit.

597 5632 808 5686 ωιδιο.

3122 5636 3250 5685 Eon.
