3942 6190
1545 218 2021 393 Hister:
2175 215 2903 391 Daem—ﬁ.

674 462 836 534 479
877 462 914 516 Ι.
950 463 1101 514 Αιιιιο
1133 459 1286 527 Igitur
1316 455 1709 524 qnintodecimo
1737 451 2065 508 Chtldebet'ti
2094 436 2255 505 re-iA
2287 434 2594 516 ptBnilentia
2653 450 2703 501 in
2777 448 2916 501 hunc
2970 449 3182 501 modum
3239 463 3465 503 exorsus
3518 460 3617 502 est.

604 561 711 630 gis,
744 558 999 612 diaconus
1031 564 1213 607 uoster
1245 552 1312 603 ab
1352 552 1483 603 urbe
1526 548 1692 601 Roma
1723 563 1845 601 cum
1875 555 2180 599 sanctorum

603 653 910 721 pignoribus
941 649 1158 702 veniens
1183 655 1229 709 ",
1249 646 1324 698 sic
1350 642 1547 702 retulit,
1566 640 1703 707 quod
1736 653 1876 692 anno
1905 651 2181 706 superiore

602 758 786 798 mense
824 756 964 796 nono
1003 749 1147 793 tanta
1193 737 1536 791 inundatione
1568 732 1776 786 T.beris
1806 731 1998 784 ﬂuvius
2026 728 2050 767 δ
2082 745 2178 783 ιιι·-

605 838 724 893 hem
752 838 973 891 Romam
996 833 1277 897 obtexerit,
1296 840 1352 884 ut
1381 829 1525 884 mdes
1549 832 1779 895 antiqua:
1807 827 2176 889 diruerentur;

604 931 790 983 horrea
818 928 976 982 etiam
1006 923 1247 979 ecclesiae.
1275 923 1531 978 subversa
1574 922 1709 985 sint,
1738 921 1788 974 in
1823 920 2011 987 quibus
2041 931 2179 971 non-

602 1020 741 1072 nulla
766 1017 926 1071 millia
956 1016 1249 1068 modiorum
1275 1012 1433 1065 tritici
1462 1011 1689 1077 periere.
1714 1008 1994 1065 Multitudo
2016 1007 2177 1061 etiam

600 1111 927 1179 serpentium
978 1122 1096 1162 cum
1141 1120 1333 1174 magno
1373 1103 1609 1157 dracone
1652 1102 1703 1155 in
1749 1102 1963 1153 modum
2015 1097 2178 1151 trabis

600 1202 804 1265 validas,
837 1217 929 1269 per
958 1199 1115 1269 hujus
1164 1196 1308 1251 ﬂuvii
1358 1197 1564 1250 alveum
1596 1195 1647 1248 in
1680 1208 1828 1247 mare
1856 1190 2175 1253 descendit;

598 1293 688 1347 sed
714 1291 984 1346 suﬂ‘ocata:
1007 1288 1191 1344 bestia:
1213 1286 1351 1341 inter
1370 1287 1539 1342 salsos
1562 1283 1723 1338 maris
1749 1282 1943 1337 turbidi
1962 1282 2174 1346 ﬂuctus,

599 1383 761 1439 littori
791 1383 975 1451 ejecta
1013 1390 1156 1436 sunt.
1190 1379 1484 1433 Subsccula
1516 1386 1599 1431 est
1628 1376 1693 1429 de
1724 1374 1945 1443 veStigio
1972 1372 2173 1439 clades,

597 1491 752 1544 quam
782 1472 1134 1541 inguinariam
1169 1480 1382 1525 vocant.
1425 1468 1556 1523 Nam
1589 1467 1767 1521 medio
1795 1480 1979 1520 mense
2006 1464 2174 1519 unde-

595 1573 736 1625 cimo
777 1569 1087 1631 adveniens,
1118 1566 1345 1634 primum
1394 1563 1653 1627 omnium,
1685 1562 1834 1631 juxta
1876 1559 2003 1615 illud
2033 1557 2175 1628 quod

597 1664 649 1716 in
683 1660 960 1716 Ezechiele
1006 1658 1262 1728 propheta
1292 1655 1502 1723 legitur,
1536 1656 1579 1708 A
1625 1652 1919 1707 sanctuario
1950 1667 2058 1704 meo
2090 1651 2172 1703 in-

596 1756 746 1821 cipite
777 1759 793 1822 (
819 1750 1006 1805 Ezech.
1039 1766 1118 1813 ιιι,
1165 1748 1259 1817 6),
1294 1744 1561 1814 Pelagium
1603 1759 1791 1815 papam
1843 1743 2093 1813 perculit,
2121 1751 2175 1795 et

2666 581 2855 620 ORATIO
2892 580 3134 620 GREGORII
3177 581 3242 617 AD
3280 580 3506 617 PLEBEII.

2360 678 2378 711 ι
2416 658 2655 729 Oportet,
2690 658 2879 712 fratres
2900 655 3251 719 dilectissimi,
3302 666 3358 709 ut
3391 655 3595 724 ﬂagella
3628 654 3732 707 Dei
3769 671 3886 723 quae

2285 763 2521 807 metuere
2551 761 2768 807 ventura
2799 751 3110 813 debuimus,
3152 752 3341 805 saltem
3376 752 3655 817 praesentia
3696 759 3757 803 et
3789 766 3882 803 es-

2284 856 2432 913 perta
2474 845 2773 900 timeamus.
2831 845 3213 899 Conversionis
3262 844 3414 897 nobis
3462 845 3660 915 editam
3726 846 3882 898 dolor

2283 937 2519 1004 aperiat,
2552 946 2606 990 et
2640 936 2821 989 cordis
2857 935 3025 989 nostri
3064 935 3314 990 duritiam
3348 935 3459 1003 ipsa
3488 977 3502 999 ,
3536 952 3701 1004 quam
3741 939 3882 1002 pati-

2281 1045 2433 1094 mur,
2461 1044 2613 1097 pmna
2647 1030 2902 1083 dissolvat
2945 1047 2958 1082 :
3009 1037 3064 1081 ut
3093 1029 3234 1083 enim
3276 1028 3535 1098 propheta
3568 1039 3710 1083 teSIe
3749 1044 3883 1091 prte-

2280 1123 2477 1177 dictum
2510 1132 2633 1185 est,
2682 1122 2919 1176 Pervenit
2948 1122 3151 1193 gladius
3197 1138 3354 1188 usque
3391 1120 3458 1173 ad
3490 1124 3723 1177 animum
3770 1121 3882 1184 (Je-

2279 1231 2404 1268 rem.
2432 1230 2510 1277 iv,
2545 1214 2655 1284 10).
2712 1214 2849 1268 Ecce
2871 1213 3067 1268 etenim
3096 1221 3285 1265 cuncta
3329 1212 3478 1277 plch
3508 1214 3757 1267 cmlestis
3790 1215 3875 1265 ira:

2282 1321 2533 1363 mucrone
2584 1305 2898 1374 percutitur,
2932 1314 2986 1358 et
3038 1306 3314 1372 repentina
3357 1303 3552 1371 singuli
3595 1305 3753 1356 cmde
3791 1320 3875 1354 ra-

2281 1407 2516 1449 stantur:
2539 1410 2635 1449 nec
2668 1396 2889 1465 languor
2923 1404 3149 1448 mortem
3178 1393 3451 1457 prmveuit,
3479 1393 3573 1445 sed
3606 1394 3875 1461 languoris

2283 1502 2457 1539 moras
2484 1530 2497 1550 ,
2532 1495 2589 1540 ut
2616 1485 2861 1547 cernitis,
2896 1500 3039 1539 mors
3068 1486 3366 1552 pnecurrit.
3398 1483 3702 1537 Percussus
3732 1485 3879 1547 quis-

2279 1594 2380 1647 que
2408 1580 2531 1632 ante
2561 1577 2783 1647 rapitur,
2814 1593 2972 1649 qnam
3012 1578 3075 1630 ad
3112 1579 3337 1631 lamenta
3369 1577 3704 1645 pmoitentize
3746 1593 3876 1630 con-

2279 1684 2534 1728 vertatur.
2587 1671 2815 1726 Pensate
2854 1688 3011 1741 ergo,
3046 1671 3218 1740 qualis
3266 1668 3331 1724 ad
3388 1681 3747 1739 conspectuin
3801 1670 3877 1723 di-

2280 1764 2449 1819 stricti
2495 1762 2698 1819 Judicis
2749 1754 3014 1832 pervenit.
3063 1761 3148 1815 cui
3199 1776 3303 1815 non
3352 1769 3505 1816 vacat
3550 1761 3687 1816 ﬂere
3729 1759 3875 1830 quod

596 1844 711 1897 sine
733 1857 878 1896 mora
904 1841 1160 1910 eXStinxit
1181 1855 1195 1893 :
1220 1854 1321 1908 quo
1346 1837 1820 1902 defuncto,magna
1849 1844 2052 1902 strages
2082 1848 2176 1900 po-
2206 1822 2251 1881 Β
2282 1854 2431 1911 fecit.
2466 1822 2800 1909 “abnalorés
2820 1856 3015 1925 quique
3040 1870 3144 1908 non
3173 1869 3238 1908 ex
3270 1862 3422 1922 parte
3447 1822 3877 1912 subuahun'mr'

598 1936 701 2004 puli
731 1936 796 1989 de
821 1936 921 1989 hoc
942 1933 1128 1988 morbo
1159 1932 1295 1986 facta
1325 1939 1425 1985 est.
1459 1929 1622 2001 480
1650 1928 1754 1983 Sed
1779 1927 1898 1995 quia
1934 1925 2173 1979 Ecclesia

597 2033 687 2085 Dei
742 2031 942 2099 absque
996 2039 1203 2084 rectore
1250 2042 1370 2083 esse
1428 2042 1530 2079 nou
1579 2031 1823 2091 poterat,
1860 2021 2174 2087 Gregorium

594 2123 872 2177 diaconum
906 2123 1055 2191 plebs
1083 2120 1256 2174 omnis
1285 2118 1462 2188 elcgit.
1518 2117 1616 2170 Hic
1643 2116 1786 2170 enim
1817 2115 1885 2168 de
1910 2114 2173 2169 senatori-

598 2219 696 2270 bus
748 2216 955 2281 primis,
986 2215 1053 2269 ab
1099 2211 1458 2267 adolescentia
1504 2210 1729 2264 devotus
1761 2196 1969 2271 Deo,in
2016 2208 2175 2260 rebus

596 2310 824 2379 propriis
854 2322 947 2360 sex
978 2306 1028 2358 in
1058 2304 1239 2357 Sicilia
1264 2301 1587 2355 monasteria
1610 2300 1983 2369 congregavit;
2013 2298 2173 2362 septi-

596 2415 739 2453 mum
772 2400 902 2453 intra
940 2397 1084 2451 trbis
1112 2395 1297 2448 Romm
1329 2409 1508 2448 muros
1539 2392 1803 2447 instituit:
1832 2392 2025 2462 quibus
2060 2402 2175 2443 tan-

597 2503 703 2545 tam
748 2491 1003 2556 dclegans
1046 2494 1307 2541 terrarum
1357 2484 1589 2554 (cpiam,
1631 2495 1830 2553 quanta
1869 2484 1934 2537 ad
1975 2484 2172 2536 victum

595 2583 961 2655 quotidianum
994 2576 1337 2650 praebendum
1382 2576 1672 2643 sulliceret,
1706 2574 1909 2641 reliqua
1938 2572 2175 2626 vendidit

596 2695 717 2735 eum
750 2677 894 2732 omni
928 2675 1175 2742 praesidio
1202 2674 1394 2729 domus
1414 2712 1429 2736 ,
1460 2686 1522 2725 ac
1554 2669 1876 2738 pauperibus
1906 2669 2171 2736 erogavit;

597 2785 649 2829 et
678 2772 767 2843 qui
798 2781 922 2825 ante
951 2771 1122 2825 serico
1152 2778 1451 2831 contectus,
1494 2780 1556 2819 ac
1598 2764 1824 2835 gemmis
1854 2761 2174 2817 micantibus

595 2865 782 2920 solitus
809 2872 923 2917 erat
946 2878 1038 2932 per
1066 2862 1251 2918 urbem
1281 2858 1573 2927 procedere
1596 2856 1888 2916 trabeatus,
1917 2870 2055 2908 nunc
2081 2854 2172 2909 vili

595 2967 873 3013 contectus
914 2956 1107 3010 vestitu
1137 2963 1189 3021 ⁸,
1220 2955 1283 3007 ad
1316 2953 1497 3007 altaris
1527 2950 1785 3005 Dominici
1818 2949 2169 3004 ministerium

595 3059 967 3109 consecratur;
1027 3045 1389 3115 scptimusqne
1440 3042 1598 3097 levita
1650 3038 1678 3077 ἀ
1731 3041 1797 3095 ad
1848 3038 2170 3108 adjutorium

594 3156 745 3209 papae
790 3138 1088 3193 asciscitur.
1129 3137 1406 3205 Tantaque
1452 3134 1502 3190 ei
1546 3132 1868 3188 abstinentia
1909 3131 1964 3185 in
2010 3131 2165 3199 cibis,

2278 1948 2373 2007 sed
2424 1948 2622 2015 pariter
2664 1956 2921 2001 corruunt
2959 1964 2972 1999 :
3025 1946 3217 2000 tlomns
3247 1961 3426 1999 vacuae
3466 1946 3871 2015 relinquuntur,

2278 2040 2506 2094 filiorum
2540 2038 2725 2093 l'uuera
2753 2048 3001 2107 parentes
3031 2038 3287 2103 aspiciunt
3318 2080 3333 2102 ,
3367 2045 3423 2091 et
3445 2038 3526 2091 sui
3559 2053 3655 2091 eos
3685 2037 3754 2089 ad
3791 2039 3870 2089 iu-

2277 2132 2487 2186 teritum
2522 2130 2761 2185 hairedes
2801 2129 3125 2195 praecedunt.
3175 2128 3552 2201 Unusquisque
3590 2143 3731 2198 ergo
3764 2146 3861 2179 no-

2276 2230 2444 2277 strum
2494 2221 2559 2274 ad
2609 2219 2937 2289 poenitentiae
2982 2221 3212 2272 lamenta
3243 2217 3535 2289 confugiat,
3568 2218 3697 2272 dum
3745 2221 3870 2271 ﬂeri

2277 2323 2400 2365 ante
2450 2312 2851 2380 percussionem
2902 2318 3073 2363 vacat.
3126 2288 3460 2363 Revocemus
3507 2288 3657 2363 ante"
3681 2310 3869 2361 oculos

2277 2407 2475 2469 mentis
2493 2404 2746 2473 quidquid
2774 2403 3006 2457 errando
3030 2401 3418 2463 commisimus.
3442 2402 3650 2469 etquod
3682 2400 3867 2469 nequi-

2279 2508 2357 2551 ter
2377 2497 2581 2565 egimus
2608 2494 2783 2547 ﬂendo
2811 2495 3109 2562 puniamus.
3142 2489 3517 2547 Prmeniamus
3541 2493 3735 2558 faciem
3758 2507 3869 2559 ejus

2276 2590 2326 2639 in
2368 2588 2681 2656 confessione
2728 2584 2951 2657 (Psalm.
3002 2599 3152 2650 scrv,
3194 2584 3286 2653 9.),
3333 2592 3388 2638 et
3427 2584 3560 2637 sicut
3590 2584 3865 2650 propheta

2277 2681 2555 2740 admonet,
2588 2677 2831 2735 Levemus
2860 2677 3016 2730 corda
3045 2687 3217 2729 nostra
3249 2692 3364 2729 cum
3400 2675 3626 2728 manibus
3656 2676 3728 2727 ad
3767 2675 3869 2726 Do-

2275 2773 2469 2825 minum
2511 2770 2723 2842 (Tltren.
2757 2785 2835 2827 ιιι,
2866 2769 2978 2824 ill.
3017 2768 3093 2821 Ad
3130 2767 3292 2820 Deum
3325 2768 3518 2835 quippe
3540 2766 3704 2820 corda
3742 2782 3862 2819 cunt

2278 2863 2525 2918 manibus
2558 2864 2734 2917 levare
2762 2872 2844 2914 est
2864 2906 2877 2925 ,
2910 2860 3070 2933 482
3101 2860 3359 2914 orationis
3393 2870 3592 2913 nostra:
3622 2858 3864 2911 studium

2276 2954 2470 3009 merito
2501 2955 2654 3008 home
2687 2953 3011 3019 operationis
3038 2952 3266 3021 erigere.
3314 2950 3415 3004 Dat
3446 2948 3688 3019 profecto
3715 2991 3732 3016 ,
3776 2949 3865 3004 dat

2274 3048 2497 3100 tremori
2528 3052 2712 3097 n0stro
2740 3041 3008 3105 ﬁduciam,
3032 3044 3118 3111 qui
3152 3056 3247 3109 per
3273 3042 3588 3110 prophetam
3618 3042 3818 3096 clamat
3845 3056 3861 3094 :

2278 3136 2419 3190 Nolo
2469 3145 2684 3189 mortem
2722 3133 3006 3204 peccatoris
3028 3173 3043 3196 ,
3084 3132 3174 3185 sed
3212 3140 3265 3185 ut
3303 3142 3627 3186 convertatur
3656 3141 3706 3185 et
3736 3131 3864 3186 uiuat

595 3232 861 3298 vigilantia
895 3231 944 3283 in
976 3226 1324 3289 orationibus,
1358 3226 1645 3281 strennitas
1693 3228 1743 3279 in
1771 3224 1986 3294 jejuniis
2013 3233 2167 3291 erat,
2199 3198 2245 3262 Ο
2278 3226 2491 3300 (Ezeclt.
2526 3198 2847 3295 xxxutpll).
2876 3222 3056 3277 Nullus
3080 3232 3255 3276 autem
3287 3223 3353 3277 de
3384 3223 3726 3292 iniquitatum
3751 3238 3861 3274 sua-

596 3334 655 3378 ut
685 3323 951 3377 inﬁrmato
977 3318 1255 3375 stomacho
1284 3319 1369 3373 vix
1403 3320 1701 3374 consistere
1727 3328 1924 3388 posset.
1954 3316 2173 3371 Litteris

581 3414 985 3484 grammaticis,
1040 3410 1439 3479 dialecticisque
1488 3426 1552 3465 ac
1608 3411 1895 3465 rhetoricis
1943 3409 2013 3463 ita
2056 3418 2175 3464 erat

595 3507 869 3563 institutus
892 3548 907 3570 ,
935 3515 990 3558 ut
1022 3504 1149 3558 nulli
1183 3504 1235 3557 in
1266 3502 1395 3556 urbe
1445 3500 1559 3572 ipsa
1611 3511 1886 3569 putaretur
1926 3515 2045 3555 esse
2072 3516 2175 3555 se—

598 3601 822 3656 cundus.
858 3599 1006 3653 Hunc
1042 3606 1064 3635 ε
1106 3598 1309 3666 apicem
1360 3595 1613 3649 attentius
1640 3594 1799 3666 481
1850 3593 2030 3663 iugere
2059 3602 2175 3647 ten-

596 3704 738 3761 tans,
766 3707 830 3747 ne
861 3690 1001 3760 quod
1035 3690 1183 3757 prius
1214 3689 1502 3756 abjccerat,
1521 3702 1731 3740 rursum
1750 3686 1795 3737 ei
1822 3687 1871 3738 in
1890 3685 2085 3738 smculo
2105 3684 2174 3739 de

598 3785 793 3854 adepto
841 3783 1045 3837 honore
1067 3781 1319 3851 jactantia
1368 3779 1607 3848 qiurdam
1655 3776 2174 3845 subreperetzunde

594 3878 789 3932 factum
831 3885 913 3930 est
953 3883 1011 3929 ut
1038 3871 1314 3941 epistolam
1343 3870 1410 3925 ad
1441 3870 1816 3937 imperatorem
1862 3867 2172 3923 Mauricium

594 3968 871 4038 dirigeret,
900 3967 1053 4035 cujus
1084 3964 1248 4018 tilium
1283 3979 1349 4017 ex
1380 3964 1592 4016 lavacro
1622 3972 1811 4015 sancto
1839 3971 2169 4029 susceperat,

593 4064 877 4129 conjurans
919 4069 974 4114 et
1010 4058 1172 4112 multa
1202 4072 1359 4126 prece
1396 4070 1620 4126 poscens
1650 4070 1718 4109 ne
1764 4070 1992 4123 unquam
2043 4068 2171 4107 con-

592 4167 809 4207 sensum
858 4151 1121 4220 praaberet
1169 4147 1399 4218 populis,
1447 4155 1503 4199 ut
1555 4148 1693 4200 hunc
1744 4145 1899 4214 hujus
1953 4144 2171 4198 honoris

591 4246 759 4313 gloria
802 4243 1133 4298 sublimaret.
1164 4240 1270 4295 Sed
1323 4238 1608 4308 praefectus
1650 4236 1794 4290 urbis
1829 4237 2010 4288 Romae
2037 4235 2171 4289 Ger-

592 4352 783 4392 manus
830 4334 945 4404 ejus
978 4333 996 4371 ί
1026 4331 1330 4397 anticipavit
1366 4330 1642 4389 nuntium,
1675 4336 1727 4381 et
1758 4325 2166 4394 comprehenso,

591 4430 846 4498 disruptis
887 4427 1127 4497 epistolis
1152 4467 1167 4487 ,
1199 4436 1466 4478 consensu
1510 4436 1666 4489 quem
1712 4419 1933 4487 populus
1974 4419 2171 4471 fecerat

592 4522 900 4591 imperatori
946 4520 1159 4574 direxit.
1200 4518 1266 4570 At
1309 4515 1398 4569 ille
1453 4514 1652 4583 gratias
1705 4512 1814 4566 Deo
1860 4525 2023 4581 agens
2072 4525 2169 4579 pro

590 4617 821 4673 amicitia
876 4614 1128 4677 diaconi,
1183 4610 1321 4680 quod
1381 4607 1669 4675 reperisset
1719 4606 1889 4658 locum
1947 4604 2165 4658 honoris

593 4712 711 4781 ejus
742 4719 788 4773 ε,
820 4709 941 4760 data
986 4707 1339 4774 praeceptione
1370 4705 1539 4769 ipsum
1565 4699 1728 4769 jussit
1754 4698 1975 4751 institui.
2007 4697 2165 4751 Cum-

586 4817 693 4871 que
722 4802 773 4856 iu
809 4801 910 4852 hoc
938 4806 1163 4852 restaret
1210 4806 1267 4849 ut
1298 4790 1720 4853 benediceretur,
1754 4799 1809 4844 et
1854 4791 1968 4844 lues
1999 4804 2165 4857 popu-

588 4900 693 4951 lum
759 4894 1061 4948 devastaret
1096 4931 1110 4951 ,
1165 4888 1383 4941 verbum
1438 4884 1504 4936 ad
1557 4882 1761 4950 plebem
1815 4896 1911 4949 pro
1964 4879 2165 4950 agenda

656 5021 681 5048 λ
723 5008 917 5062 Confer
948 5007 1039 5058 lib.
1074 5003 1184 5057 Ide
1215 5001 1395 5057 Gloria
1429 5000 1606 5062 Mart.,
1637 5012 1757 5062 cap.
1789 4994 1878 5048 83.

654 5082 681 5121 δ
718 5085 864 5134 llanc
894 5076 1103 5130 Tiberis
1144 5073 1539 5127 inundationem
1590 5076 1852 5121 memorat
1896 5067 2008 5128 ipse
2033 5064 2163 5120 Gre-

585 5154 764 5218 gorius
794 5154 861 5205 M.
894 5150 985 5202 lib.
1016 5162 1071 5199 ιιι
1102 5146 1469 5218 ῡὶιιιοκημοειιι.
1497 5141 1582 5201 ll),
1605 5149 1659 5193 et
1684 5138 1874 5218 [Baulos
1905 5138 2165 5217 Diaconos

587 5206 676 5277 lib.
710 5239 764 5275 ιιι
811 5222 879 5274 de
924 5218 1098 5273 Gcstis
1146 5206 1506 5283 Langobarth
1536 5225 1655 5283 cap.
1686 5206 1757 5283 24
1784 5218 1847 5283 et
1866 5223 2039 5283 seqtp,
2074 5207 2162 5283 qui

584 5304 637 5345 et
668 5296 717 5344 in
755 5294 866 5346 Vita
892 5290 1057 5344 Sancti
1081 5278 1501 5357 Gregorii,cd_ita
1530 5278 1743 5357 Saieulo
1770 5295 1785 5331 ι
1818 5278 2162 5357 Benedictino

586 5363 724 5415 inter
767 5372 882 5415 acta
912 5362 1009 5416 SS.
1044 5350 1393 5421 0rd.'tiostri,
1426 5354 1691 5423 integrum
1722 5350 1835 5403 fere
1864 5350 1963 5402 hoc
2004 5357 2164 5416 caput

584 5430 825 5497 Gregorii
856 5432 1022 5485 nostri
1054 5430 1356 5496 descripsit.

664 5489 1009 5554 c‘lldonastico
1056 5489 1283 5558 scilicet,
1315 5512 1473 5565 quem
1524 5494 1787 5565 omnibus,
1821 5489 2082 5546 abdicatis
2112 5490 2163 5542 in

584 5574 915 5626 monasterio
943 5569 1114 5624 sancti
1145 5564 1366 5622 Androm
1391 5583 1419 5619 a
1445 5581 1503 5619 se
1528 5566 1743 5618 condito
1775 5564 1955 5615 Romae
1982 5576 2167 5613 susce—

588 5644 682 5709 pit,
716 5641 802 5694 ubi
849 5640 1183 5694 Bcocdicﬂna
1231 5638 1429 5706 Regula
1469 5636 1842 5709 vigebat._Qna
1883 5634 1949 5685 de
1978 5630 2162 5709 redis-

587 5705 939 5769 sertationetn
963 5710 1127 5766 edidit
1155 5705 1485 5765 Mabillouius
1538 5719 1681 5760 tumo
1712 5705 1751 5757 li
1782 5716 1889 5758 vet.
1921 5706 2159 5757 Attalect.

2198 4571 2251 4630 D

2276 3336 2394 3375 rum
2424 3318 2756 3373 immanitate
2782 3316 3030 3383 deSperet
3063 3333 3076 3369 :
3110 3326 3422 3371 veternosas
3451 3331 3684 3383 namque
3717 3315 3858 3367 Nini-

2275 3410 2501 3466 vitarum
2544 3409 2726 3477 culpas
2780 3407 3024 3460 triduana
3068 3406 3381 3474 pmniientia
3424 3406 3683 3461 abstersit
3709 3402 3854 3475 (Jan.

2276 3520 2356 3569 nt,
2387 3504 2511 3568 lO);
2552 3511 2603 3556 et
2644 3515 2935 3556 conversus
2979 3500 3114 3554 latro
3148 3498 3272 3553 vitae
3314 3500 3564 3568 praemia,
3611 3500 3777 3553 etiam
3811 3499 3857 3551 in

2276 3598 2385 3664 ipsa
2418 3596 2676 3650 sententia
2726 3609 2836 3648 sua:
2882 3592 3067 3646 mortis
3109 3596 3340 3648 emeruit
3365 3591 3519 3664 (Luc.
3557 3607 3716 3659 mn,
3748 3590 3856 3659 45).

2275 3687 2539 3742 Mutemus
2568 3685 2673 3757 [ΑΙ.
2705 3683 2959 3755 levemus]
2989 3684 3148 3752 igitur
3169 3683 3359 3749 corda,
3389 3692 3444 3737 et
3474 3696 3858 3747 prmsumamns

2276 3793 2373 3833 nos
2400 3779 2508 3847 jam
2539 3779 2843 3845 percepisse
2872 3775 3013 3843 quod
3044 3775 3289 3843 petimus.
3322 3775 3491 3828 Citius
3532 3774 3595 3827 ad
3642 3789 3855 3844 precem

2274 3868 2441 3923 Judex
2473 3869 2725 3933 ﬂectitur,
2761 3868 2803 3921 si
2836 3884 2862 3918 a
2899 3866 3159 3936 pravitate
3184 3882 3274 3917 sua
3307 3866 3505 3935 petitor
3532 3866 3850 3935 corrigatur.

2276 3959 2591 4014 lmminente
2636 3974 2765 4028 ergo
2812 3967 2972 4013 tanta:
3011 3957 3485 4011 animadversionis
3520 3956 3725 4026 gladio,
3764 3969 3853 4009 nos

2277 4053 2595 4123 importunis
2622 4052 2833 4106 ﬂetibus
2858 4051 3189 4105 insistamus.
3226 4048 3304 4103 Ea
3334 4063 3589 4118 namque,
3618 4064 3743 4116 quae
3774 4047 3851 4100 iu-

2274 4156 2424 4215 grata
2454 4161 2574 4201 esse
2601 4145 2904 4199 hominibus
2932 4142 3307 4211 importunitas
3335 4142 3492 4205 Solet,
3524 4140 3734 4209 judicio
3763 4140 3851 4192 Ve-

2274 4239 2447 4293 ritatis
2478 4238 2649 4303 placet
2678 4251 2695 4291 :
2724 4236 2847 4303 quia
2874 4234 2990 4302 pius
3017 4248 3079 4286 ac
3107 4232 3414 4287 misericors
3442 4231 3584 4285 Deus
3614 4233 3776 4287 vulta
3798 4243 3850 4282 se

2276 4328 2525 4397 precibus
2566 4325 2775 4381 veniam
2805 4326 2979 4394 exigi,
3010 4321 3102 4393 qui
3146 4333 3400 4392 quantum
3451 4339 3727 4377 meremur
3756 4336 3848 4375 non

2274 4420 2390 4474 vult
2410 4419 2569 4473 irasci
2596 4435 2611 4483 ;
2646 4418 2730 4470 hic
2757 4417 2954 4471 etenim
2986 4431 3080 4484 per
3104 4415 3434 4483 psalmistam
3463 4413 3593 4467 dicit
3624 4433 3634 4465 :
3674 4413 3849 4467 Inroca

2274 4529 2351 4564 me
2379 4514 2432 4565 in
2461 4513 2544 4564 die
2572 4509 2915 4563 tribulationis
2948 4517 3070 4569 tute.
3094 4517 3140 4560 et
3166 4508 3381 4570 eripiam
3412 4517 3461 4559 te
3492 4518 3582 4560 :et
3618 4504 3847 4578 magni/i-

2275 4604 2413 4658 cabis
2439 4619 2516 4656 me
2544 4601 2769 4673 (Psalm.
2804 4616 2948 4665 χιιι,
2983 4600 3098 4667 l5).
3128 4599 3245 4667 Ipse
3274 4613 3403 4667 ergo
3432 4598 3533 4651 sibi
3571 4607 3725 4652 testis
3751 4606 3842 4654 est,

2275 4696 2396 4763 quia
2423 4693 2790 4747 invocantibus
2816 4692 3053 4745 misereri
3079 4691 3373 4751 desiderat,
3407 4689 3494 4758 qui
3523 4688 3773 4743 admonet
3798 4694 3845 4737 ut

2274 4788 2570 4841 invocetur.
2595 4784 2846 4846 Proinde,
2866 4783 3055 4836 fratres
3076 4780 3400 4844 cltarissimi,
3417 4781 3647 4833 contrito
3672 4778 3841 4838 corde,

2274 4888 2327 4935 et
2355 4879 2609 4934 correctis
2635 4878 2906 4946 operibus,
2932 4876 2999 4929 ab
3026 4874 3142 4943 ipso
3173 4874 3317 4928 feriae
3341 4881 3544 4941 quartze
3573 4871 3744 4942 primo
3763 4866 3840 4922 di-

2341 4987 2369 5027 d
2400 4989 2497 5043 Diu
2538 5003 2652 5040 mos
2684 4988 2771 5041 ille
2819 4987 3003 5039 Romae
3052 4985 3251 5053 viguit,
3280 4994 3338 5038 ut
3385 4983 3598 5038 nonnisi
3648 4995 3837 5051 septem

2272 5062 2503 5123 diaconi,
2534 5060 2741 5111 scilicet
2773 5057 3079 5127 regionarii,
3107 5056 3431 5127 haberentur
3453 5055 3507 5108 in
3538 5054 3835 5127 memoriam

2271 5142 2474 5200 septem
2505 5126 2948 5200 diaconorunigab
2976 5126 3233 5200 apostolis
3265 5126 3617 5196 .lerosolymis
3647 5126 3838 5179 institu-

2273 5197 2469 5255 torum.
2503 5201 2579 5254 De
2611 5201 2692 5252 his
2717 5200 2837 5253 vide
2869 5198 3143 5252 Mabillou.
3176 5197 3473 5250 Comment.
3508 5198 3559 5250 in
3602 5197 3839 5251 Ordinem

2276 5274 2434 5337 llom,
2466 5286 2584 5339 cap.
2613 5271 2665 5325 5.

2343 5354 2364 5379 ε
2399 5336 2849 5409 ριιίιέδθιιιιιιιιωι·
2876 5339 2941 5393 ad
2973 5339 3131 5393 ﬂnem
3177 5352 3292 5405 cap.
3320 5346 3594 5391 contracta
3648 5336 3837 5390 sun-Cm

2271 5416 2489 5485 Reguu,
2516 5414 2694 5479 inquo
2726 5428 2839 5485 inec
2886 5413 3053 5464 sancti
3087 5410 3333 5485 Gregorii
3383 5410 3559 5485 oratio
3604 5410 3833 5485 habetur.

2345 5477 2381 5522 Γ
2410 5477 2629 5551 Aliquot
2676 5484 2762 5553 ed.
2789 5525 2803 5541 ,
2847 5496 3120 5553 germania:
3161 5482 3308 5550 ejus,
3360 5478 3514 5549 quasi
3569 5477 3835 5547 prxfccws

2269 5556 2437 5611 sancti
2462 5554 2703 5623 Gregorii
2724 5551 2890 5606 frater
2914 5551 3089 5605 fuerit.

2345 5637 2368 5673 ις
2413 5613 2603 5678 Paulus
2630 5626 2770 5675 diae.
2806 5624 2857 5676 in
2892 5623 3004 5675 Vita
3037 5621 3206 5674 sancti
3236 5618 3505 5691 Gregorii,
3536 5635 3592 5672 eo
3614 5617 3743 5687 quod
3764 5613 3831 5663 lo-

2272 5713 2385 5752 cum
2408 5696 2665 5765 deferendi
2691 5696 2734 5749 ei
2757 5695 2965 5748 honoris
2992 5696 3281 5750 repeririet.
