3942 6190
640 290 737 347 551

1628 286 1686 342 S.
1726 284 2052 344 GREGORII
2092 281 2401 338 EPISCOPI
2439 278 2877 338 TURONENSIS

3810 275 3893 329 ὅδὲ

641 410 771 465 tium
816 408 1081 465 sociorum
1128 404 1392 473 exposuit.
1444 404 1556 471 Qua
1600 404 1668 459 de
1713 418 1873 458 causa
1927 403 2215 471 imperator
2243 402 2295 460 Α
2321 396 2541 467 intelligi
2572 397 2748 462 datur,
2786 395 2888 448 hoc
2916 394 3127 461 signum
3158 390 3259 445 sibi
3286 388 3683 461 Langobardos
3711 406 3887 459 μημι-

640 501 795 555 valde
825 499 1101 564 molestus,
1129 496 1399 566 pollicitus
1429 506 1513 553 est
1540 497 1724 554 ulcisci
1754 507 1981 553 mortem
2005 513 2214 562 eorum,

638 594 789 665 juxta
818 596 865 647 id
905 594 1049 661 quod
1084 591 1412 648 Childeberti
1456 593 1595 663 regis
1621 592 1884 662 judicium
1918 592 2220 662 promulga-

641 695 744 740 ret.
778 683 927 740 Tunc
956 684 1024 739 ab
1052 685 1372 754 imperatore
1416 694 1760 748 muneratus,
1794 697 1914 737 cum
1962 696 2087 750 pace
2132 698 2217 735 re-

640 792 859 847 gressus
886 786 968 832 est
996 787 1044 831 ι.

712 872 800 927 Ill.
834 871 924 926 llis
949 869 978 909 δ
1004 886 1035 924 a
1060 868 1329 939 Grippone
1358 867 1703 925 Childeberto
1728 870 1840 939 regi
1867 868 2222 931 relatis,rcon-

644 960 820 1017 festim
850 962 1149 1017 exercitum
1172 962 1222 1015 in
1254 961 1455 1015 Italiam
1491 962 1819 1015 commoveri
1855 959 2013 1028 jubet
2053 974 2117 1013 ac
2147 961 2223 1013 vi-

642 1055 775 1124 ginti
800 1054 965 1110 duces
993 1053 1060 1108 ad
1094 1053 1566 1125 Langobardorum
1593 1060 1807 1122 gentem
1839 1051 2214 1107 debellandam

643 1146 844 1215 dirigit.
866 1145 1102 1213 Quorum
1132 1146 1344 1199 nomina
1378 1160 1481 1199 non
1508 1145 1684 1213 putavi
1709 1144 1921 1199 lectioni
1943 1159 2008 1199 ex
2030 1143 2219 1198 ordine

642 1240 949 1294 necessario
997 1239 1696 1312 inserenda.-Auiloualdtts
1727 1252 1749 1275 ο
1792 1254 1922 1294 vero
1963 1239 2068 1293 dux
2098 1253 2218 1292 cum

645 1332 964 1387 Vinthrione
986 1340 1255 1386 commoto
1286 1330 1587 1399 Campaniae
1612 1329 1826 1399 populo,
1852 1344 1974 1384 cum
1999 1330 2064 1383 ad
2094 1329 2222 1382 Met-

646 1435 848 1479 tensetn
882 1424 1093 1488 urbem,
1116 1439 1234 1492 quae
1255 1425 1302 1478 ei
1322 1425 1371 1477 in
1396 1424 1586 1478 itinere
1608 1425 1709 1476 sita
1731 1432 1864 1487 erat,
1886 1422 2220 1486 accessisset,

646 1524 819 1570 tantas
849 1515 1054 1584 praedas
1085 1524 1335 1585 tantaque
1380 1514 1664 1568 homicidia
1705 1528 1768 1568 ac
1806 1513 1983 1569 caades
2028 1528 2220 1582 perpe-

644 1608 824 1671 travit,
857 1617 913 1659 ut
944 1608 1148 1660 hostem
1183 1606 1408 1675 propria:
1450 1606 1648 1673 regi0ni
1692 1615 1965 1674 putaretur
2001 1604 2222 1662 inferre.

647 1701 751 1754 Sed
783 1714 835 1754 et
863 1699 952 1754 alii
974 1715 1181 1769 quoque
1202 1701 1362 1754 duces
1390 1701 1636 1754 similiter
1656 1716 1778 1755 cum
1804 1699 2083 1770 phalangis
2106 1701 2225 1756 suis

2322 489 2547 544 ravisse.
2560 488 2711 544 Tunc
2726 487 2877 557 pauci
2898 492 3259 550 transeuntes,
3277 492 3462 539 contra
3484 484 3884 551 Langobardum

2323 584 2465 641 hunc
2490 585 2854 646 decertantes,
2876 586 3286 651 prostraverunt
3312 594 3432 635 eum
3456 597 3470 645 ;
3495 587 3558 634 et
3587 594 3720 635 erce
3739 580 3886 634 οιιιιιῑς

2321 677 2590 731 exercitus
2620 673 3086 739 Langobardorum
3118 673 3171 725 in
3202 671 3377 741 fugam
3408 687 3609 725 versus
3635 672 3885 739 praeteriit.

2324 770 2387 824 lli
2413 783 2623 839 quoque
2653 775 2991 821 transeuntes
3020 763 3216 819 (lumen
3242 807 3255 829 ,
3295 764 3499 818 nullum
3544 764 3619 819 de
3650 764 3711 818 iis
3745 780 3879 833 repe-

2323 862 2491 926 riunt,
2518 860 2619 915 nisi
2651 867 2854 913 tantum
2883 866 3331 928 recognoscentes
3357 866 3688 925 apparatum
3715 866 3888 910 castro-

2324 969 2463 1018 rum,
2490 954 2576 1008 ubi
2608 953 2689 1007 vel
2722 952 2872 1006 focos
2904 951 3236 1013 habuerant,
3266 948 3351 1003 vel
3378 948 3619 1004 tentoria
3666 949 3881 1003 ﬁxerant.

2331 1044 2574 1114 Cumque
2602 1043 2807 1099 nullum
2834 1044 2901 1097 de
2926 1044 2990 1097 iis
3012 1041 3513 1111 deprehendisscnt,
3535 1040 3605 1095 ad
3627 1052 3794 1095 castra
3812 1058 3885 1094 sua

2324 1138 2556 1207 regressi
2580 1146 2721 1202 sunt,
2752 1137 2930 1205 ibique
2960 1135 3025 1188 ad
3053 1150 3147 1189 eos
3175 1135 3521 1204 imperatoris
3557 1134 3724 1203 legati
3749 1148 3883 1189 vene-

2324 1240 2449 1284 runt
2473 1237 2519 1291 ε,
2546 1228 2853 1281 nuntiantes
2887 1226 3078 1280 adesse
3123 1224 3420 1279 exercitum
3450 1224 3507 1278 itt
3549 1224 3793 1278 solatium
3816 1240 3883 1278 eo-

2325 1334 2467 1384 rum,
2492 1319 2876 1387 dicentesque:
2911 1318 3044 1383 Quia
3085 1323 3207 1383 post
3251 1314 3488 1369 triduum
3544 1329 3673 1368 cum
3715 1315 3881 1369 eisdem

2325 1414 2629 1477 veniemus,
2659 1422 2713 1467 et
2743 1411 2845 1465 ltoc
2875 1410 3027 1464 vobis
3066 1409 3169 1463 erit
3208 1409 3419 1477 signum
3450 1427 3462 1460 τ
3495 1405 3637 1461 Cum
3677 1408 3882 1460 videritis

2326 1504 2466 1558 villae
2494 1504 2669 1573 hujus,
2685 1503 2869 1572 qutein
2886 1513 3065 1556 monte
3085 1502 3184 1556 sita
3208 1512 3309 1565 est,
3332 1501 3528 1555 domus
3552 1500 3687 1573 [Pro
3708 1498 3881 1569 domos]

2326 1595 2573 1651 incendio
2620 1595 2991 1658 Concremari,
3041 1602 3095 1648 et
3142 1594 3344 1647 fumum
3386 1593 3628 1647 incendii
3662 1594 3725 1648 ad
3749 1594 3885 1648 caelos

2327 1704 2496 1757 usque
2522 1689 2753 1753 sustolli,
2780 1688 3034 1742 noveritis
3053 1685 3212 1757 487
3237 1701 3335 1741 nos
3354 1699 3478 1740 cum
3501 1685 3739 1740 exercitu
3757 1698 3885 1754 quem

646 1791 843 1852 fecere,
878 1795 948 1844 ita
976 1802 1033 1845 ιη
1062 1793 1209 1859 prius
1237 1792 1507 1860 regionem
1538 1793 1808 1860 propriam
1841 1802 1933 1846 aut
1968 1792 2219 1861 populum
2251 1785 2300 1847 Β
2327 1780 2644 1849 pollicemur
2687 1779 2898 1832 adesse.
2932 1776 3036 1831 δ(ὶά
3068 1784 3440 1845 exspectantes
3478 1774 3633 1844 juxta
3667 1774 3884 1842 placitum

646 1894 1074 1941 commanentem
1105 1885 1402 1947 efficerent,
1434 1899 1591 1953 quam
1620 1883 1871 1951 quiddam
1900 1883 2137 1937 victoriae
2161 1883 2229 1938 de

646 1975 859 2029 inimica
889 1986 1047 2043 gente
1076 1983 1367 2044 pati-arent.
1406 1975 1913 2043 Appropinquantes
1954 1985 2126 2029 autem
2162 1974 2228 2028 ad

647 2068 930 2122 terminum
953 2068 1133 2133 Italiae,
1158 2068 1501 2121 Audoualdus
1523 2082 1643 2120 cum
1670 2080 1764 2120 sex
1790 2066 2015 2120 ducibus
2037 2064 2226 2121 dexte-

646 2174 760 2215 ram
791 2160 959 2228 petiit,
991 2168 1149 2226 atque
1180 2159 1243 2211 ad
1270 2158 1718 2212 Mediolanensem
1747 2157 1933 2210 urbem
1964 2156 2217 2218 advenit,

649 2251 827 2317 ibique
872 2252 1081 2304 eminus
1112 2251 1163 2303 in
1196 2250 1514 2319 campestria
1563 2258 1740 2303 castra
1786 2257 2099 2317 posuerunt.
2132 2249 2234 2302 Olo

652 2353 718 2392 au
743 2353 826 2391 em
858 2338 964 2390 dux
995 2340 1059 2389 ad
1084 2338 1386 2391 Bilitionem
1413 2338 1569 2407 hujus
1609 2339 1753 2391 urbis
1782 2348 2038 2403 castrum,
2069 2338 2233 2410 486

658 2431 711 2482 in
742 2431 944 2498 campis
974 2429 1133 2482 situm
1164 2430 1378 2484 Caninis
1403 2426 1463 2497 ἀ,
1493 2431 1794 2499 importune
1822 2432 2119 2496 accedens,
2147 2432 2232 2497 ja-

654 2519 777 2574 culo
798 2525 897 2574 sub
927 2520 1121 2590 papilla
1147 2530 1170 2557 °
1201 2524 1502 2587 sauciatus,
1534 2522 1729 2577 cecidit
1758 2532 1815 2577 et
1850 2535 2097 2576 mortuus
2123 2534 2225 2579 est.

652 2606 716 2666 lli
744 2620 921 2665 autem
952 2627 1074 2665 cum
1097 2612 1298 2683 egressi
1332 2613 1559 2667 fuissent
1590 2612 1640 2665 in
1666 2612 1919 2680 praedam,
1948 2621 2007 2666 ut
2028 2613 2229 2683 aliquid

652 2699 829 2756 victus
858 2702 1199 2771 acquirercnt
1223 2742 1237 2765 ,
1272 2717 1301 2755 a
1328 2700 1696 2772 Langobardis
1734 2704 2064 2760 irruentibus
2111 2720 2231 2772 pas-

650 2792 749 2847 sim
783 2809 877 2862 per
906 2796 1017 2849 loca
1053 2798 1553 2864 prosternebantur.
1587 2798 1719 2851 Erat
1760 2808 1937 2853 autem
1982 2806 2228 2867 stagnum

651 2888 915 2951 quoddam
944 2890 995 2942 in
1028 2889 1143 2956 ipso
1167 2887 1578 2945 Mediolanensis
1602 2892 1747 2946 urbis
1772 2893 2063 2959 territorio,
2088 2894 2229 2963 quod

652 2978 929 3035 Coresium
958 2979 978 3019 ί
1006 2985 1267 3052 vocitant,
1294 3001 1358 3039 ex
1389 3000 1494 3054 quo
1517 3001 1712 3053 parvus
1747 2984 1961 3056 quidam
2001 2985 2227 3053 ﬂuvius,

652 3070 746 3126 sed
774 3071 1066 3139 profundus
1085 3074 1386 3143 egreditur;
1409 3089 1569 3144 super
1600 3075 1756 3145 hujus
1790 3077 1889 3131 laci
1923 3078 2068 3131 littus
2083 3077 2225 3132 Lan-

2334 1872 2451 1927 dies
2502 1886 2629 1934 sex,
2684 1870 2885 1925 nullum
2931 1885 2999 1925 ex
3039 1870 3107 1924 iis
3147 1870 3359 1924 venisse
3389 1869 3739 1934 contemplati
3763 1877 3885 1921 sunt.

2336 1961 2569 2017 Cedinus
2620 1959 2649 1998 h
2704 1969 2883 2015 autem
2964 1975 3085 2013 cum
3137 1959 3393 2015 tredecim
3446 1959 3677 2015 ducibus
3725 1959 3883 2012 laevam

2336 2054 2498 2107 italia:
2546 2055 2847 2121 ingressus,
2906 2053 3139 2122 quinque
3184 2051 3399 2107 castella
3440 2052 3618 2119 cepit,
3662 2066 3691 2104 a
3720 2050 3884 2119 quibus

2335 2144 2494 2199 etiam
2552 2152 2888 2199 sacramenta
2951 2142 3151 2212 exegit.
3210 2142 3425 2197 Morbus
3494 2143 3656 2197 etiam
3720 2141 3883 2212 dysem

2337 2236 2485 2290 teliae
2531 2234 2764 2305 graviter
2810 2234 3103 2288 exercitum
3148 2232 3449 2299 afﬁciebat,
3492 2249 3558 2290 eo
3594 2234 3728 2302 quod
3760 2245 3883 2286 acres

2336 2326 2610 2392 incongrui
2653 2325 2949 2395 insuetique
2980 2326 3046 2380 iis
3081 2325 3384 2380 hominibus
3425 2334 3642 2391 essent,
3692 2340 3754 2379 ex
3796 2337 3882 2392 quo

2336 2417 2576 2487 plerique
2617 2417 2957 2472 interierunt.
2990 2419 3276 2473 Commoto
3320 2427 3502 2473 autem
3531 2427 3683 2471 vento
3707 2428 3758 2472 et
3784 2417 3883 2470 data

2337 2511 2534 2579 pluvia,
2582 2527 2703 2566 cum
2737 2511 3005 2580 paulisper
3036 2511 3387 2581 refrigescere
3412 2527 3505 2567 aer
3531 2512 3714 2579 coepit,
3741 2512 3790 2565 in
3816 2510 3884 2563 in-

2336 2604 2585 2658 ﬁrmitate
2610 2606 2978 2661 salubritatem
3005 2607 3257 2661 contulit.
3286 2606 3423 2675 Quid
3452 2606 3635 2674 plura?
3663 2620 3752 2674 per
3787 2614 3883 2659 tres

2334 2697 2446 2751 fere
2477 2713 2690 2753 menses
2722 2698 2925 2752 Italiam
2963 2710 3344 2770 pervagantes,
3375 2716 3499 2754 cum
3533 2699 3660 2755 nihil
3689 2699 3883 2768 proiirc‘

2334 2799 2489 2854 rent,
2526 2804 2705 2859 neque
2734 2804 2794 2845 se
2824 2790 2891 2845 de
2924 2790 3152 2847 inimicis
3186 2792 3374 2847 ulcisci
3407 2803 3653 2862 possent,
3680 2806 3741 2845 eo
3765 2788 3883 2859 quod

2332 2897 2393 2937 se
2438 2883 2490 2937 in
2523 2883 2650 2938 locis
2676 2876 3105 2939 communissent
3142 2884 3501 2952 firmissimis;
3538 2900 3702 2955 neque
3734 2896 3881 2952 regem

2331 2991 2523 3045 capere
2544 3017 2559 3041 ,
2586 2976 2655 3032 de
2695 2991 2802 3047 quo
2832 2978 2963 3031 ultio
3003 2978 3157 3033 ﬁeret
3181 3017 3195 3043 ,
3223 2979 3311 3048 qui
3339 2993 3398 3033 se
3436 2978 3578 3034 infra
3607 2978 3883 3033 Ticinenses

2334 3069 2602 3124 munierat
2630 3083 2841 3133 muros;
2871 3068 3173 3124 inﬁrmatus
3196 3109 3212 3134 ,
3240 3078 3296 3124 ut
3325 3069 3586 3139 diximus,
3621 3083 3787 3124 aerum
3812 3067 3879 3119 in-

653 3162 917 3231 gobardos
944 3165 1179 3220 residere
1207 3165 1503 3220 audierant.
1556 3168 1634 3221 Ad
1674 3183 1831 3237 quem
1877 3184 1995 3222 cum
2034 3184 2232 3238 appro-
2259 3150 2306 3214 C
2340 3161 2693 3227 temperantia
2738 3160 3005 3214 exercitus
3028 3201 3043 3227 ,
3082 3175 3145 3215 ac
3177 3160 3316 3215 fame
3356 3163 3608 3227 attritus,
3636 3160 3795 3216 redire
3830 3154 3881 3209 ad

661 3257 1027 3324 pinquassenl,
1054 3259 1359 3329 priusquam
1387 3259 1601 3324 llutnen,
1622 3261 1763 3330 quod
1786 3261 2036 3327 diximus,
2067 3273 2234 3317 trans-

656 3345 818 3412 irent,
850 3363 880 3400 a
910 3347 1087 3402 littore
1119 3349 1210 3403 illo
1234 3368 1368 3404 unus
1395 3352 1863 3421 Langobardorum
1891 3364 2039 3409 stans
2064 3354 2232 3408 lorica

659 3449 929 3506 proxcctus
960 3449 1014 3494 et
1039 3441 1207 3509 galea,
1232 3455 1443 3497 contum
1476 3460 1634 3497 manu
1659 3454 1874 3513 gestans
1897 3488 1910 3508 ,
1932 3462 2117 3501 vocem
2141 3448 2235 3503 de-

662 3530 739 3584 dit
759 3543 943 3585 contra
970 3533 1293 3587 Francorum
1327 3538 1620 3589 exercitum
1644 3578 1658 3599 ,
1692 3537 1879 3592 dicens
1904 3558 1917 3592 :
1948 3541 2115 3594 llodie
2141 3558 2234 3610 ap-

661 3622 869 3691 parebit
889 3624 973 3678 cui
993 3624 1242 3679 divinitas
1266 3627 1507 3682 obtinere
1531 3628 1805 3682 victoriam
1833 3641 2065 3699 przeStet.
2086 3631 2237 3688 Unde

741 3812 767 3841 ι
796 3804 868 3856 De
893 3803 991 3857 hac
1020 3805 1281 3878 legatione
1296 3810 1403 3873 egit
1423 3805 1710 3874 Gregorius
1731 3824 1890 3878 supra
1915 3810 2007 3863 lib.
2028 3826 2097 3874 Ix,
2118 3826 2233 3874 cap.

664 3874 761 3947 25‘;
791 3878 1009 3947 multum
1036 3890 1163 3930 vero
1187 3876 1482 3931 illustratur
1511 3894 1575 3932 ex
1604 3881 1766 3933 variis
1798 3874 2048 3947 epistolis
2085 3882 2239 3936 Chil-

664 3945 870 3999 tieberti
893 3957 945 4001 et
973 3947 1340 4002 Brnnechildis
1365 3962 1395 4001 a
1427 3949 1661 4004 Frehero
1711 3960 1765 4005 et
1796 3945 2030 4005 Chesnio
2054 3955 2239 4007 tomol

665 4017 846 4082 editis,
870 4032 1002 4085 quas
1027 4016 1226 4085 Grippo
1240 4018 1752 4084 ConstantinOpolitn
1772 4021 2059 4077 detulerat.
2084 4023 2135 4077 ln
2158 4025 2240 4079 his

666 4089 808 4141 enim
831 4130 846 4149 ,
875 4105 1007 4157 quas
1035 4106 1138 4142 non
1168 4091 1340 4144 solum
1372 4090 1680 4158 imperatori
1709 4102 1765 4147 et
1798 4096 2090 4147 Anastasim
2125 4098 2235 4147 Au-

672 4160 983 4232 gustm,_se_d
1011 4161 1168 4232 etiam
1197 4161 1507 4227 patriarchae
1529 4165 1754 4232 aliisque
1783 4163 1994 4231 imperii
2016 4164 2241 4231 optima-

671 4230 1211 4302 tibustildebcrtus
1245 4247 1370 4295 rex,
1404 4230 1680 4300 materque
1721 4234 1840 4302 ejus
1868 4230 2238 4291 Bruttecbildis

668 4300 892 4352 seorsim
919 4302 1267 4366 scripserunt,
1303 4310 1561 4356 testantur
1590 4318 1648 4355 se
1681 4300 1808 4356 nihil
1839 4308 2056 4359 omnino
2081 4307 2247 4360 omis-

669 4386 845 4447 suros,
878 4380 933 4423 ut
956 4388 1054 4447 pax
1075 4374 1211 4426 inter
1237 4371 1508 4427 Romanos
1525 4374 1831 4447 etFrancos
1856 4378 2003 4429 lirma
2028 4391 2243 4447 semper

669 4453 723 4491 et
751 4442 1056 4496 inconvnlsa
1087 4458 1415 4508 permaneat.
1443 4450 1628 4501 Actum
1654 4456 1737 4499 est
1766 4446 1927 4499 etiam
1956 4449 2007 4500 in
2033 4447 2131 4502 hac
2150 4442 2243 4502 "le-

669 4512 882 4585 gatione
905 4516 969 4566 de
994 4516 1194 4566 auxilio
1227 4516 1477 4570 ltntnanis
1498 4517 1752 4571 adversus
1775 4517 2156 4585 Langobardos
2186 4521 2239 4572 in

670 4582 874 4656 italiam
908 4584 1161 4656 ferendo.
1195 4588 1336 4654 quod
1365 4602 1394 4638 a
1418 4587 1762 4640 Childeberto
1798 4582 2094 4656 praestitum
2124 4604 2242 4644 csse

670 4668 733 4727 ex
760 4653 1015 4727 Gregorio
1045 4664 1098 4709 et
1131 4653 1294 4709 Paulo
1327 4658 1471 4727 Diae.
1507 4653 1908 4727 distantum—sed
1931 4700 1945 4725 ,
1974 4662 2023 4712 ni
2057 4657 2237 4727 fallor,

680 4724 781 4801 hoc
833 4724 1165 4787 potissimum
1210 4729 1397 4801 agebat
1423 4725 1795 4801 Cltildehcrtus
1813 4768 1827 4791 ,
1853 4740 1910 4782 ut
1936 4724 2242 4801 Athanagib

669 4795 795 4846 dum
826 4808 893 4869 ex
924 4810 1111 4869 sorore
1141 4812 1237 4869 sua
1267 4798 1499 4869 lngunde
1530 4807 1775 4862 nepotem
1797 4839 1811 4862 ,
1837 4801 1925 4868 qui
1958 4812 2081 4869 post
2111 4795 2242 4857 Her-

668 4867 953 4931 tnenegildi
988 4880 1168 4919 necem
1201 4867 1715 4936 (lonStantinopolitn
1746 4867 2007 4925 abductus
2038 4874 2204 4927 fuerat
2224 4917 2236 4935 ,

669 4953 734 5008 ex
760 4936 1095 5005 imperatoris
1120 4951 1276 4989 manu
1301 4938 1537 5004 eriperet
1554 4980 1567 5002 ,
1593 4940 1732 5008 quod
1754 4958 1818 4995 ex
1845 4942 2071 4997 laudatis
2105 4944 2243 4997 litte-

671 5007 757 5128 risl
775 5017 940 5089 patet.
974 5010 1054 5061 An
1088 5021 1215 5061 vero
1253 5008 1305 5063 id
1335 5023 1565 5077 unquam
1610 5007 1941 5076 obtinuerit,
1984 5016 2241 5069 incertum

671 5096 739 5128 tu)
765 5096 823 5128 ης
854 5090 951 5128 est.

670 5090 823 5134 ιιυιιις
854 5090 951 5133 εει.

744 5151 769 5188 δ
808 5151 944 5213 Vat.,
980 5148 1106 5205 "tet:
1128 5167 1157 5203 α
1178 5151 1439 5217 Griphone
1463 5153 1570 5219 regi
1593 5152 1892 5207 Hildeberto
1919 5159 2097 5210 relata.
2116 5159 2243 5208 (Iou-

672 5221 751 5341 {et-
784 5222 882 5275 hoc
912 5235 1071 5291 caput
1098 5237 1221 5277 cum
1254 5237 1371 5287 cap.
1406 5221 1476 5275 '52.
1501 5224 1622 5277 libri
1650 5240 1703 5278 tu
1737 5229 1870 5279 “lSl.
1908 5228 2067 5295 Lang.
2099 5230 2243 5281 Pauli

717 5306 815 5341 iac.

717 5306 815 5343 iac.

743 5370 764 5398 ο
802 5363 994 5417 Paulus
1014 5366 1341 5419 Anduuldum
1384 5368 1636 5433 appellat.
1686 5367 1747 5420 Et
1779 5367 1913 5421 infra
1955 5370 2104 5422 Coll).
2141 5387 2239 5435 m.,

673 5428 859 5510 llegm.
889 5446 943 5487 et
982 5438 1180 5491 Chesn.
1223 5438 1294 5491 al.
1334 5428 1621 5501 Vtetrione,
1664 5438 1731 5493 de
1767 5456 1873 5509 quo
1909 5441 2028 5493 vide
2078 5428 2241 5510 supra

671 5499 765 5571 lib.
799 5518 911 5566 vttt,
942 5520 1058 5571 cap.
1092 5510 1179 5561 18.

694 5568 766 5651 ηδ
797 5568 1025 5651 Campos
1053 5578 1287 5651 Caninos
1312 5579 1530 5651 laudant
1554 5580 1866 5634 Ammianus
1900 5582 2241 5638 Marcellinus

671 5641 763 5717 lib.
793 5653 971 5717 xv,iet
998 5646 1319 5711 Apollinaris
1348 5650 1597 5703 Sidonius
1628 5666 1794 5702 carm.
1820 5655 1884 5716 5,
1919 5669 2074 5706 versu
2110 5654 2237 5717 l77;

671 5716 763 5787 sed
794 5716 844 5769 in
877 5714 1098 5787 libantia,
1120 5733 1194 5787 eo
1222 5720 1361 5784 quod
1385 5721 1559 5787 reipsa
1591 5723 1699 5773 sint
1737 5714 1877 5776 inter
1899 5724 2158 5777 “haetiam
2188 5714 2242 5779 ct

671 5783 972 5862 Liguriam.
998 5786 1083 5843 ubi
1114 5783 1381 5849 hodieque
1410 5783 1599 5845 visitur
1638 5792 1852 5855 Bilitio,
1884 5805 1938 5849 ut
1967 5810 2088 5850 cum
2118 5796 2241 5853 Gre-

2339 3255 2553 3325 propria
2583 3254 2889 3309 destinavit.
2921 3252 3168 3308 Subdens
3196 3255 3356 3308 etiam
3394 3255 3555 3317 illud,
3586 3251 3796 3320 acceptis
3816 3262 3882 3301 sa-

2339 3349 2657 3411 cramentis,
2700 3348 2842 3417 regis
2870 3347 3163 3401 ditionibns
3192 3347 3331 3416 quod
3378 3357 3534 3413 pater
3568 3350 3679 3414 ejus
3717 3343 3731 3381 ί
3765 3342 3881 3412 prius

2344 3441 2619 3508 habuerat,
2671 3440 2739 3493 de
2791 3438 2983 3509 quibus
3040 3438 3171 3493 locis
3226 3448 3281 3493 et
3307 3441 3567 3509 captivos,
3599 3448 3651 3493 et
3671 3436 3786 3491 alias
3809 3433 3882 3486 ab-

2341 3533 2543 3587 duxere
2576 3531 2801 3601 praedas.
2828 3530 2895 3585 Et
2920 3532 2997 3585 sic
3026 3528 3388 3599 regredientes
3422 3531 3495 3586 ita
3528 3530 3654 3582 fame
3669 3524 3880 3582 conﬁcie-

2342 3626 2558 3690 bantur,
2591 3632 2648 3678 ut
2678 3625 2822 3694 prius
2843 3632 2895 3678 et
2922 3637 3070 3676 arma
3111 3634 3167 3676 et
3211 3623 3529 3678 vestimenta
3559 3622 3621 3675 ad
3665 3630 3880 3673 coemen-

2343 3819 2495 3888 gorio
2524 3818 2684 3873 habet
2706 3818 2924 3882 Paulus,
2946 3831 3038 3871 seu
3065 3818 3300 3872 Belincio
3321 3826 3412 3870 aut
3436 3805 3877 3888 Berinzona,_qt_md

2344 3881 2431 3944 cst
2467 3900 2698 3944 castrum
2731 3881 3067 3942 Lombardize
3096 3889 3499 3953 Transtiadanae
3518 3930 3530 3952 ,
3563 3889 3709 3953 vulgo
3736 3881 3879 3934 Belua-

2345 3977 2478 4014 zona
2520 3960 2741 4014 tllClUtll.
2781 3958 2933 4014 Colb.
2978 3977 3051 4013 tn.
3083 3958 3279 4028 habet,
3309 3961 3361 4012 in
3391 3958 3585 4029 campis
3611 3959 3747 4011 situm
3779 3964 3879 4003 com-

2346 4048 2531 4084 minus.

2422 4113 2443 4175 εξ
2476 4102 2575 4175 ᾼΙὶἰ
2608 4116 2727 4155 cum
2756 4100 2940 4175 Paulo,
2974 4102 3223 4175 mamilla.
3412 4172 3435 4175 _
3591 4167 3621 4175 ,,
3730 4164 3740 4175 .

2423 4172 2441 4211 τ
2477 4173 2662 4241 Regm.
2692 4181 2744 4225 et
2773 4172 2927 4226 Colb.
2960 4187 3058 4236 m.,
3090 4171 3384 4231 Ceresmm:
3408 4172 3557 4238 Bec.,
3583 4167 3830 4221 Cerasitlm-

2421 4253 2446 4290 ις
2477 4232 2668 4297 Paulus
2692 4243 2765 4296 ait
2793 4257 2887 4298 eos
2911 4242 2977 4296 ad
3008 4232 3376 4297 A'udoualdum
3401 4232 3609 4297 venisse
3629 4253 3736 4291 cum
3761 4232 3874 4307 ςεεςι

2349 4330 2516 4383 prope
2547 4314 2924 4369 Mediolanum.
2959 4314 3136 4368 Edidit
3158 4313 3425 4367 Freherus
3449 4310 3719 4379 epismlatn
3748 4302 3873 4383 duci?

2348 4374 2623 4439 exercitus
2648 4384 3007 4438 Romanorum
3034 4384 3098 4439 ad
3123 4374 3544 4449 Childebertum,
3570 4384 3616 4435 in
3642 4391 3730 4449 «tua
3748 4374 3874 4439 huius

2352 4457 2716 4521 expeditionis
2748 4458 3005 4509 rationem
3057 4456 3260 4518 reddit,
3293 4447 3611 4523 accusatque
3649 4447 3869 4523 Caenum.

2276 4550 2324 4607 ι)
2352 4542 2509 4607 quem
2532 4527 2793 4607 _Cedinum
2826 4528 2959 4580 intra
2988 4536 3349 4607 memoratum
3372 4541 3493 4581 esse
3524 4522 3873 4607 é-‘iSliﬂi-O’HE:

2350 4589 2426 4652 eis
2476 4600 2621 4652 initae
2668 4612 2787 4650 cum
2832 4613 2960 4669 rege
3006 4597 3507 4666 Langobardorum.
3549 4597 3603 4669 l_n
3644 4589 3733 4669 alia
3773 4593 3871 4669 νςὲξιξ

2351 4670 2695 4724 Childeberto
2740 4658 2960 4736 exponit
3014 4658 3271 4737 quantum
3327 4667 3608 4736 proiecerit
3658 4658 3870 4737 adreptis

2351 4739 2746 4808 Langobardos.
2780 4724 3154 4793 Cltildebertus
3187 4724 3362 4793 tameb
3396 4740 3594 4793 nullam
3620 4724 3869 4808 expeditio;

2352 4794 2492 4865 nem”
2522 4820 2706 4877 postea
2750 4810 2800 4862 in
2836 4810 3040 4863 Italiam
3079 4811 3383 4877 suscepisse
3428 4808 3661 4877 traditur,
3684 4794 3807 4866 ill“0d
3828 4800 3868 4877 ξ’

2350 4875 2678 4948 exprobrare
2701 4881 2913 4935 videtur
2931 4880 3218 4935 Mauricius
3243 4875 3296 4933 in
3323 4881 3545 4944 epistola
3563 4876 3621 4929 ad
3646 4883 3747 4925 eum
3763 4875 3871 4948 sorr

2353 4942 2457 5018 pta.
2510 4955 2638 5019 Quae
2687 4968 2750 5007 ex
2795 4950 2876 5004 his
2922 4951 3164 5017 epistolis
3212 4951 3276 5003 ad
3323 4942 3627 5018 Gregorium
3660 4942 3867 5019 hosti:qu

2350 5010 2724 5078 illustrandum
2767 5010 3075 5077 conducunt
3121 5023 3175 5075 in
3218 5010 3527 5091 Appendice
3566 5010 3864 5083 proferentur-

2416 5112 2445 5150 λ
2476 5114 2564 5169 Sic
2594 5115 2715 5168 Bec.
2734 5128 2854 5167 cum
2876 5112 3057 5166 Paulo.
3086 5111 3235 5165 Colb.
3266 5127 3341 5176 a.,
3368 5109 3657 5169 Chedinius,
3684 5099 3859 5176 Βεειιιξτ

2349 5166 2811 5249 Cediuius:editi,
2843 5183 3121 5237 (Ihedinus.
3172 5166 3589 5247 Ealoccasiune,
3632 5166 3682 5227 ut
3726 5166 3869 5249 natm}

2351 5236 2547 5310 sine
2561 5236 2584 5320 ,‘
2606 5236 2810 5308 rem:
3140 5236 3307 5321 usm'ne
3358 5236 3714 5323 ρετιίεεςέυιιερ.
3729 5236 3868 5323 “if?

2349 5311 2646 5382 castrorum
2677 5327 2743 5379 ab
2767 5327 2894 5395 lpSIS
2921 5311 3302 5378 dirutorum'in
3329 5311 3589 5378 territorio
3606 5311 3866 5369 Tridenttno

2352 5402 2568 5452 nomina
2601 5406 2865 5453 recenset.

2428 5489 2445 5525 ί
2483 5491 2559 5543 Ex
2591 5489 2692 5542 hoc
2720 5487 2880 5541 etiam
2916 5487 3034 5541 loco
3067 5484 3266 5540 inferre
3293 5484 3450 5557 licet,
3473 5460 3863 5557 Sigibertgtll-ﬂ:

2348 5540 2522 5629 quani
2532 5540 2712 5614 "Italia:
2754 5540 2955 5629 partem
2972 5540 2987 5629 ς
3007 5540 3307 5627 possedisse
3324 5596 3341 5621 ,
3368 5555 3417 5611 id
3436 5540 3672 5629 'estvlocan

2350 5612 2706 5713 Sabiniani
2728 5612 2915 5721 2:6I'l§ét
2932 5612 3189 5721 ‘Yalesiu‘s
3221 5629 3312 5721 lib;

2350 5682 2703 5773 Eirch‘géuin
2728 5682 3097 5758 Tridentinqu
3126 5708 3180 5754 et
3209 5698 3452 5754 Athesim
3493 5692 3689 5748 ﬂuvium
3714 5682 3759 5734 is
3791 5682 3860 5721 νο·

2350 5774 2512 5830 netia.
