3942 6190
157 290 268 346 553

1063 289 1375 351 HISTORIA
1416 284 1864 345 FRANCORUM.
1906 283 2108 342 LIBER
2151 286 2461 346 DECIMUS.

3317 286 3422 345 534

159 410 286 463 dum
317 407 523 462 victum
556 407 868 474 demerent,
897 423 1052 477 quam
1087 409 1260 463 locum
1297 407 1580 477 genitalem
1617 416 1745 455 cou-
1775 400 1828 458 Α
1850 412 2142 470 agnoscere
2175 411 2400 470 potero;
2433 401 2499 456 de
2534 402 2722 472 quibus
2749 401 2795 456 si
2815 402 3104 468 imperator
3131 412 3332 466 vester,
3364 413 3424 458 ut

163 504 446 570 tingerent.
494 505 564 555 At
620 503 972 566 Aptacharins
1009 512 1033 540 α
1079 502 1549 571 Langobardorum
1602 513 1700 552 rex
1729 536 1743 559 ,

167 595 488 660 legationem
523 592 588 645 ad
617 593 1077 647 Guutchramnum
1127 611 1306 662 regem
1337 607 1455 646 cuin
1499 592 1748 657 hujusce-

172 685 305 738 modi
329 684 508 736 verbis
532 684 728 738 direxit
753 702 766 737 :
788 684 916 749 Nos,
943 685 1177 752 piissime
1201 701 1314 751 rex,
1342 684 1563 752 subjecti
1590 691 1746 748 atque

175 776 347 830 ﬁdeles
376 777 534 831 vobis
561 778 816 846 gentique
845 789 1042 831 vestra:
1063 819 1077 843 ,
1113 778 1248 832 sicut
1284 777 1520 848 patribus
1552 777 1744 831 vestris

173 869 384 933 fuimus,
433 877 490 922 et
529 883 650 923 esse
677 869 1074 935 desideramus;
1106 885 1203 922 nec
1240 870 1564 924 discedimus
1596 885 1625 922 a
1655 885 1743 921 sa-

177 971 443 1017 cramento
471 963 619 1030 quod
648 963 1070 1032 praedecessores
1103 965 1268 1017 nostri
1300 964 1492 1018 vestris
1534 963 1742 1031 praede-

176 1051 468 1109 eessoribus
494 1054 830 1122 juraverunt.
861 1054 1012 1109 Nunc
1039 1066 1214 1109 autent
1244 1055 1488 1110 desistite
1510 1071 1536 1106 a
1564 1069 1745 1123 perse-

172 1151 376 1202 cutione
409 1161 612 1214 nostra,
647 1158 699 1203 et
729 1150 796 1203 sit
820 1165 918 1218 pax
953 1150 1108 1204 nobis
1133 1160 1186 1205 et
1217 1150 1500 1205 concordia
1520 1191 1534 1213 ,
1569 1159 1624 1202 ut
1655 1148 1741 1200 ubi

178 1241 526 1295 necessarium
555 1240 715 1296 fuerit
741 1252 923 1295 contra
953 1242 1198 1296 inimicos
1221 1242 1474 1294 auxilium
1508 1239 1743 1307 praebea-

177 1349 311 1397 mus,
347 1343 405 1387 ut
445 1343 622 1388 vestra
664 1335 866 1389 scilicet
912 1332 1201 1404 nostraque
1227 1345 1385 1404 gente
1412 1334 1648 1398 salvata,
1681 1347 1742 1387 ac

175 1442 261 1482 nos
285 1427 539 1495 paciﬁcos
567 1435 951 1496 cognoscentes
981 1469 994 1491 ,
1028 1435 1329 1482 terreantur
1351 1426 1518 1494 magis
1546 1427 1739 1479 adver-

173 1521 290 1576 sarii
337 1521 433 1589 qui
479 1521 534 1575 in
582 1521 807 1575 circuitu
835 1521 1150 1587 obstrepunt
1181 1519 1248 1572 de
1279 1519 1543 1583 amicitia,
1582 1532 1738 1587 quam

172 1616 230 1670 de
258 1625 440 1669 nostra
485 1613 752 1669 discordia
781 1613 1132 1682 gratulentur.
1172 1611 1395 1665 I’acifice
1435 1612 1547 1664 hazc
1576 1611 1740 1682 488

172 1705 597 1760 Guntchramnus
628 1721 720 1759 rex
753 1706 914 1759 verba
951 1706 1222 1771 suscepit,
1257 1705 1504 1773 misitque
1547 1719 1639 1759 eos
1669 1705 1752 1757 ad'

169 1808 410 1866 nepotem
444 1813 598 1851 suum
623 1795 1018 1852 Childebertum
1051 1812 1252 1865 regem.
1287 1796 1419 1849 Dum
1452 1806 1625 1850 autem
1655 1795 1738 1850 his

165 1889 389 1942 narratis
422 1888 474 1941 in
511 1889 625 1942 loco
668 1899 1154 1952 coruinorarentur,
1201 1895 1460 1942 venerunt
1509 1886 1737 1956 alii'qui

166 1992 434 2033 mortuum
483 1980 861 2049 Aptacharium
898 1995 1077 2050 regem
1118 1980 1453 2044 nuntiantes,
1487 1981 1739 2034 Paulum-

160 2087 257 2142 que
285 2076 314 2110 δ
345 2090 396 2125 ιιι
431 2076 553 2127 loco
584 2072 699 2142 ejus
727 2073 1069 2127 substitutum
1091 2117 1104 2138 ,
1138 2074 1399 2141 ejusmodi
1429 2075 1588 2127 verba
1621 2091 1738 2142 quae

160 2181 316 2228 supra
341 2165 597 2218 diximus.
625 2164 949 2220 defer-entes.
975 2165 1079 2220 Sed
1111 2165 1490 2221 Childebertus
1521 2183 1613 2218 rex
1641 2169 1739 2233 pla-

158 2255 322 2308 citum
352 2270 477 2308 cum
508 2255 708 2308 eisdem
743 2269 974 2323 ponens,
1014 2264 1069 2309 ut
1113 2255 1237 2325 quid
1270 2257 1317 2310 ei
1362 2257 1412 2310 in
1464 2267 1732 2325 posterum

157 2346 491 2408 conveniret,
522 2347 844 2411 enuntiaret,
877 2363 970 2401 eos
995 2348 1283 2403 abscedere
1305 2349 1483 2418 jussit.

222 2437 315 2491 IV.
345 2436 634 2491 Mauricius
661 2447 835 2491 autem
867 2437 1310 2508 Carthaginenses
1350 2441 1468 2494 illos
1489 2481 1502 2506 ,
1534 2441 1623 2510 qui
1658 2441 1736 2496 le-

154 2538 305 2594 gatos
333 2527 665 2583 Childeberti
697 2530 835 2598 regis
863 2545 1004 2584 anno
1033 2533 1312 2600 superiore
1342 2532 1497 2602 (ευρ.
1533 2549 1648 2601 cap.
1675 2533 1734 2604 2)

153 2621 561 2680 interemerant.
595 2627 798 2678 vinctos
833 2626 1098 2690 manibus,
1126 2629 1440 2698 catenisque
1463 2641 1731 2696 oneratos,

151 2717 216 2768 ad
237 2716 356 2782 ejus
374 2717 575 2770 direxrt
598 2718 958 2784 praesentiam,
981 2717 1264 2773 duodecim
1283 2721 1487 2775 scilicet
1510 2736 1735 2776 numero

149 2807 318 2870 viros.
338 2814 441 2863 sub
462 2823 528 2864 ea
551 2808 801 2864 videlicet
821 2810 1146 2875 conditione,
1173 2821 1230 2866 ut
1250 2814 1293 2867 si
1316 2828 1410 2868 cos
1437 2814 1734 2870 interﬁcere

149 2902 338 2966 vellet,
370 2905 600 2958 haberet
629 2905 896 2959 licentiam
915 2946 930 2971 ,
957 2907 1039 2960 sin
1069 2919 1246 2962 autem
1276 2909 1341 2962 ad
1366 2910 1732 2965 redimendum

145 2993 392 3062 laxaret,
442 2999 695 3053 trecentis
743 3015 841 3067 pro
887 3016 994 3055 uno
1039 3017 1251 3073 quoque
1292 3004 1526 3072 acceptis
1557 3005 1735 3059 aureis

145 3087 478 3154 quiesceret,
511 3089 696 3158 sicque
728 3100 785 3143 ut
812 3091 952 3158 quod
983 3093 1146 3147 vellet
1175 3095 1437 3164 eligeret:
1470 3111 1576 3163 quo
1600 3096 1731 3151 faci-

1850 491 2046 558 dicitis,
2064 504 2246 547 nostro
2260 506 2380 546 cum
2407 493 2624 547 domino
2639 508 2822 563 pacem
2850 495 3123 547 custodire
3135 493 3417 556 deliberat,

1850 583 2102 638 ultionem
2131 585 2342 656 exigere
2369 585 2554 641 debet:
2573 597 2626 640 et
2645 587 2718 640 sic
2734 587 2858 640 dato
2875 603 2966 641 rex
2991 587 3201 655 placito,
3219 596 3276 640 ut
3293 596 3416 654 post

1849 689 1940 728 eos
1962 677 2026 729 ad
2059 677 2430 746 imperatorem
2458 678 2730 748 dirigeret,
2764 680 2906 748 ipsos
2926 680 3214 734 absce-lere
3239 678 3412 749 jubet.

1917 787 2080 858 489
2104 787 2168 841 V.
2203 789 2294 841 llis
2319 799 2341 827 ο
2363 762 2547 842 ‘autem
2579 790 2767 844 diebus
2793 790 2998 857 Coppa,
3026 791 3116 858 qui
3146 789 3413 859 quondant

1847 891 2027 931 eomes
2053 878 2244 932 stabuli
2271 879 2551 946 Chilperici
2601 880 2739 948 regis
2783 879 2971 944 fuerat,
3008 880 3214 948 irrupto
3242 880 3415 934 Turo-

1849 972 1980 1023 nica:
2026 971 2170 1024 urbis
2212 973 2460 1035 termino,
2507 986 2694 1040 pecora
2747 973 3080 1042 reliquasque
3111 989 3216 1039 res,
3269 973 3420 1043 quasi

1849 1061 2082 1130 praedam
2113 1077 2392 1126 exercens,
2423 1061 2654 1126 diripere
2675 1063 2859 1117 voluit.
2893 1063 2998 1118 Sed
3031 1080 3149 1117 cum
3196 1064 3294 1118 hoc
3335 1064 3420 1116 iu-

1845 1153 1976 1206 eolze
2007 1153 2429 1220 prteseusissent,
2473 1152 2694 1206 collecta
2742 1154 3074 1209 multitudine
3113 1170 3232 1208 eum
3272 1155 3420 1222 sequi

1845 1254 2141 1309 cmperunt.
2174 1244 2517 1312 Excussaque
2546 1247 2746 1311 prirda,
2777 1246 2985 1299 duobus
3014 1263 3081 1300 ex
3105 1247 3284 1316 pueris
3305 1247 3422 1314 ejus

1845 1333 2157 1396 interfectis,
2204 1335 2290 1386 hic
2336 1335 2509 1387 nudus
2554 1335 2775 1403 aufugit,
2829 1335 2950 1389 aliis
2991 1336 3198 1390 duobus
3246 1336 3420 1404 pueris

1845 1430 2036 1490 captis,
2069 1439 2204 1492 quos
2236 1425 2440 1478 vinctos
2469 1425 2536 1477 ad
2567 1424 2966 1480 Childebertum
3019 1442 3197 1495 regem
3245 1440 3422 1480 trans-

1843 1516 2133 1579 miserunt;
2163 1531 2295 1583 quos
2325 1516 2415 1570 ille
2460 1517 2510 1569 in
2543 1532 2814 1572 carcerem
2866 1519 3056 1587 conjici
3084 1518 3294 1588 jubens,
3339 1519 3422 1572 in-

1843 1616 2115 1676 terrogare
2144 1608 2414 1676 praecepit,
2456 1607 2610 1672 cujus
2637 1610 2834 1662 auxilio
2876 1608 3062 1678 Coppa
3104 1609 3287 1662 fuisset
3308 1622 3422 1662 ere-

1845 1708 1986 1765 plus,
2019 1708 2074 1752 ut
2101 1700 2255 1753 abiis
2285 1717 2390 1754 non
2420 1702 2968 1768 comprehenderetur
3009 1702 3096 1770 qtti
3124 1702 3421 1773 sequeban-

1772 1775 1815 1833 Β
1845 1798 1948 1843 tur.
1996 1789 2397 1858 Responderunt
2433 1791 2533 1844 hoc
2579 1792 2824 1846 Animodi
2855 1795 3036 1848 vicarii
3065 1791 3091 1832 ἀ
3138 1793 3283 1855 dolo,
3327 1793 3420 1862 qui

1846 1898 2038 1951 pagum
2091 1883 2236 1936 illum
2290 1881 2569 1952 judiciaria
2635 1884 2851 1953 regebat
2906 1894 3187 1951 potestate,
3223 1885 3417 1939 factum

1843 1973 2027 2026 fuisse.
2079 1973 2434 2041 Protinusque
2479 1973 2696 2026 directis
2725 1989 2819 2028 rex
2851 1973 3040 2027 litteris
3069 1975 3134 2027 ad
3174 1974 3420 2028 comitem

1841 2064 2008 2126 urbis,
2037 2063 2190 2134 jubet
2223 2075 2278 2118 ut
2306 2080 2426 2119 eum
2456 2068 2686 2117 vinctum
2717 2065 2770 2117 in
2813 2065 3148 2132 prmsentiam
3179 2066 3320 2134 regis
3339 2065 3419 2119 di-

1840 2155 2076 2221 rigeret:
2108 2153 2248 2221 quod
2294 2155 2338 2207 si
2396 2153 2648 2208 resistere
2675 2163 2978 2217 conaretur,
3014 2154 3064 2207 vi
3105 2168 3419 2221 Oppressum

1838 2247 1996 2298 etiam
2052 2243 2396 2310 interficeret,
2431 2245 2476 2298 si
2529 2245 2780 2312 principis
2809 2245 3030 2317 gratiam
3060 2244 3302 2313 cupiebat
3329 2260 3420 2298 ac-

1837 2338 2072 2404 quirere.
2101 2335 2207 2390 Sed
2257 2335 2346 2390 ille
2377 2351 2478 2389 non
2511 2336 2788 2401 resistens,
2820 2335 2958 2390 datis
3000 2334 3420 2405 fidrjussoribus,

1836 2426 2140 2495 quojussus
2165 2436 2248 2480 est
2271 2427 2418 2488 abit,
2451 2437 2825 2496 repertumque
2874 2425 3178 2481 Flavianum
3234 2425 3420 2481 dome-

1836 2519 2028 2571 sticum
2055 2528 2104 2582 θ,
2136 2527 2383 2571 causatus
2411 2533 2530 2572 cum
2575 2520 2760 2582 socio,
2806 2533 2904 2572 nec
2954 2518 3181 2571 noxialis
3234 2519 3422 2571 inven-

1838 2621 1964 2678 tus,
2022 2612 2326 2680 pacificatus
2381 2625 2501 2665 cum
2573 2612 2798 2676 eodem,
2859 2610 3033 2664 redire
3088 2613 3152 2663 ad
3211 2610 3420 2678 propria

1833 2704 2014 2773 jussus
2057 2713 2159 2770 est,
2215 2703 2352 2758 datis
2410 2713 2586 2757 tamen
2652 2704 2946 2757 domestico
2991 2703 3064 2756 illi
3117 2705 3422 2758 muneribus

1838 2796 2003 2864 prius.
2060 2794 2178 2865 Ipse
2223 2810 2434 2865 quoque
2492 2795 2674 2865 Coppa
2743 2797 2933 2849 iterum
2981 2799 3260 2850 commotis
3309 2797 3421 2866 qui-

1838 2887 2058 2942 busdam
2120 2888 2187 2942 de
2233 2888 2372 2950 suis,
2417 2885 2579 2940 ﬁliam
2631 2887 2941 2958 Badegisili,
3000 2887 3266 2958 quondam
3322 2889 3421 2943 Ce-

1838 2979 2180 3033 nomanensis
2209 2978 2462 3047 episcopi,
2495 2978 2727 3047 diripere
2770 2979 2866 3034 sibi
2922 2981 2974 3033 in
3026 2980 3419 3036 matrimonium

1837 3070 2045 3134 voluit;
2080 3071 2287 3123 irruens
2333 3079 2508 3125 autem
2564 3079 2722 3125 nocte
2777 3087 2896 3126 cum
2942 3087 3112 3127 cuneo
3151 3074 3417 3128 sociorum

163 3145 175 3153 .
466 3145 477 3154 ,
610 3145 622 3158 .
829 3145 841 3158 .
1182 3145 1202 3148 -
1477 3145 1570 3163 τη-
1600 3145 1698 3151 -_--

147 3177 253 3232 lius
286 3181 469 3248 sopito
499 3181 773 3246 seandalo,
807 3183 948 3236 nulla
980 3186 1191 3238 occasio
1216 3187 1352 3240 inter
1380 3186 1523 3255 ipsos
1557 3188 1733 3242 inimi-

1849 3163 1892 3215 in
1945 3161 2069 3215 villa
2139 3159 2474 3215 Maroialensi
2519 3159 2538 3198 ί
2564 3203 2580 3228 ,
2629 3169 2688 3214 ut
2737 3163 3061 3218 voluntatem
3125 3179 3274 3218 suam
3327 3179 3420 3219 ex-

147 3271 293 3325 citiaa
325 3273 578 3329 oriretur.
605 3275 709 3329 Sed
743 3291 830 3329 rex
864 3276 1241 3334 Childebertus
1285 3279 1537 3335 differens
1564 3281 1735 3334 homi-

147 3375 246 3416 nes
277 3365 490 3418 vinctos
515 3369 898 3435 accipere,ait:
923 3369 1184 3424 Incertum
1207 3374 1344 3438 apud
1372 3388 1468 3427 nos
1488 3373 1734 3436 habetur,

151 3462 334 3508 utrum
367 3457 403 3509 ii
436 3458 546 3510 sint
591 3459 870 3513 homicidae
915 3461 988 3515 illi
1023 3477 1158 3531 quos
1189 3465 1450 3520 adducitis
1472 3507 1485 3530 ,
1518 3485 1584 3520 an
1613 3469 1735 3530 alii,

151 3546 234 3599 vel
268 3545 521 3600 fortassis
547 3551 688 3604 servi
718 3552 1082 3622 cujuscunque
1112 3555 1393 3619 habentur,
1419 3573 1537 3612 cum
1569 3561 1734 3614 nostri

151 3634 291 3692 bene
321 3639 540 3708 ingenui
565 3647 910 3711 generatione
939 3645 1165 3713 fuerint,
1199 3651 1286 3716 qui
1328 3651 1466 3715 apud
1503 3666 1596 3703 vos
1627 3652 1738 3705 fuc-

153 3739 275 3782 runt
305 3730 640 3801 interempti.
671 3733 969 3790 Priesertitn
998 3746 1052 3792 et
1074 3737 1275 3807 Grippo
1298 3742 1526 3805 astabat,
1558 3743 1643 3809 qui
1674 3759 1738 3796 eo

154 3826 401 3888 tempore
434 3823 639 3892 legatus
685 3842 803 3879 cum
846 3826 1047 3882 eisdem
1077 3830 1248 3886 fuerat
1281 3833 1506 3894 missos,
1542 3836 1626 3895 qui
1661 3839 1739 3887 in-

155 3912 365 3966 terfeCIi
395 3924 542 3980 sunt,
575 3931 638 3969 ac
665 3915 876 3972 dicebat
902 3937 912 3970 :
947 3921 1078 3986 Quia
1107 3921 1390 3990 priefectus
1415 3925 1560 3979 urbis
1594 3925 1739 3980 illius

159 4014 281 4056 cum
315 4006 563 4059 collectis
609 4009 817 4063 duobus
865 4021 956 4065 aut
1001 4012 1169 4068 tribus
1201 4013 1473 4069 hominum
1505 4015 1740 4070 millibus

157 4092 311 4149 irruit
340 4111 508 4164 super
537 4113 663 4163 nos,
695 4100 1068 4172 interemitque
1114 4106 1288 4160 socios
1334 4123 1480 4161 meos
1509 4127 1520 4159 :
1553 4108 1605 4161 in
1634 4124 1739 4177 quo

159 4188 369 4243 excidio
397 4198 453 4243 et
483 4204 581 4261 ego
614 4191 726 4260 ipse
753 4193 1076 4262 interissem,
1112 4197 1156 4250 si
1190 4213 1275 4253 me
1301 4199 1527 4256 viriliter
1548 4200 1738 4256 defen-

161 4276 285 4334 dere
303 4280 686 4350 nequivissem.
705 4281 979 4338 Accedens
995 4297 1168 4340 autem
1190 4289 1254 4341 ad
1275 4289 1449 4344 locum
1495 4291 1739 4348 homines

1840 3256 2029 3323 plerel,
2083 3255 2358 3323 praesensit
2413 3269 2535 3308 eum
2591 3255 2878 3324 dolumque
2917 3256 3031 3323 ejos
3064 3255 3421 3326 Magnatrudis

1840 3344 2263 3412 materfamilias,
2291 3344 2520 3414 genitrix
2568 3345 2774 3400 scilicet
2821 3347 3010 3415 puella:
3054 3364 3067 3399 :
3103 3362 3420 3419 egressaque

1839 3453 1961 3491 cum
2012 3437 2223 3490 famulis
2253 3445 2435 3491 contra
2465 3452 2587 3491 eum
2633 3437 2683 3491 vi
2716 3437 2930 3507 repulit,
2977 3438 3132 3494 caesis
3160 3439 3422 3510 plerisque

1841 3543 1903 3583 ex
1937 3530 2061 3595 illis,
2095 3529 2234 3583 unde
2265 3545 2368 3583 non
2402 3528 2519 3584 sine
2558 3529 2762 3598 pudore
2785 3531 3076 3586 discessum
3105 3542 3205 3586 est.

1915 3621 2001 3678 Vl.
2023 3622 2173 3688 Apud
2203 3625 2473 3677 Arvernos
2497 3639 2623 3677 vero
2648 3623 2807 3679 vincti
2837 3627 3090 3689 carceris,
3115 3633 3269 3679 nocte
3291 3636 3420 3681 nutu

1844 3714 1935 3768 Dei
1965 3715 2216 3782 disruptis
2248 3716 2494 3782 vinculis,
2524 3716 2882 3786 reseratisque
2902 3718 3131 3772 aditibus
3161 3719 3418 3774 custodia:

1842 3811 2066 3877 egressi,
2098 3812 2377 3864 ecclesiam
2429 3811 2653 3879 ingressi
2684 3822 2827 3864 sunt.
2860 3811 3062 3878 Quibus
3098 3827 3217 3864 cum
3264 3812 3420 3865 Eula-

1843 3901 1942 3954 lius
1970 3915 2149 3954 comes
2176 3915 2342 3976 onera
2371 3910 2674 3953 catenarum
2711 3900 2876 3971 [.90
2903 3902 3024 3954 addi
3051 3901 3327 3970 jussisset,
3363 3913 3420 3954 ut

1842 4007 2000 4060 Super
2029 4007 2122 4044 eos
2153 3993 2354 4058 posita,
2402 3992 2667 4058 extemplo
2696 4008 2790 4045 ceu
2825 3993 3013 4046 vitrum
3062 3992 3245 4062 fragile
3275 4008 3418 4046 CUIII-

1844 4087 2044 4139 minuta
2073 4094 2197 4138 sunt
2222 4103 2233 4135 :
2267 4094 2319 4138 et
2345 4086 2422 4137 sic
2450 4084 2724 4138 obtinente
2745 4086 2902 4139 Avito
2927 4094 2951 4132 ις
2985 4084 3234 4152 pontifice
3257 4088 3416 4152 eruti,

1842 4177 2068 4247 propria:
2095 4185 2218 4230 sunt
2241 4175 2428 4229 redditi
2460 4175 2711 4230 libertati.

1915 4292 2021 4346 VII.
2073 4293 2127 4346 In
2173 4291 2473 4359 supradicta
2526 4305 2652 4344 vero
2705 4291 2839 4346 urbe
2902 4288 3272 4346 Childebertus
3318 4305 3412 4346 rex

239 4517 263 4544 ι
292 4505 554 4584 Autharis
580 4504 773 4584 dicitur
793 4521 822 4558 a
853 4505 1016 4584 [’aulc
1043 4507 1324 4584 Diac._qui
1366 4507 1433 4562 de
1460 4509 1556 4562 hac
1587 4509 1728 4575 lega-
1766 4523 1811 4580 ι)
1836 4516 2022 4584 incipit
2047 4531 2058 4575 :
2097 4512 2158 4566 In
2200 4511 2491 4582 supradicta
2517 4527 2630 4584 vero
2656 4511 2773 4584 urbe
2811 4509 3256 4584 Arvernicatelc”
3286 4523 3406 4584 qtue

169 4579 306 4631 tione
337 4577 449 4644 agit
482 4577 570 4629 lib.
607 4591 662 4628 Ill
691 4576 827 4630 ffist.
857 4576 1020 4642 Lang.
1050 4591 1166 4633 can.
1201 4577 1288 4631 55.

235 4647 260 4685 δ
293 4648 445 4701 Pauli
483 4646 638 4710 hujus
675 4661 780 4700 non
825 4648 1065 4700 meminit
1107 4648 1303 4702 Paulus
1338 4648 1508 4714 Diam,
1541 4651 1634 4705 sed
1679 4660 1735 4706 ut

169 4717 274 4788 ipse
296 4726 485 4788 narrat
514 4717 607 4770 lib.
643 4732 695 4788 tu
717 4759 729 4777 ,
761 4732 877 4784 cap.
909 4716 1008 4779 56,
1042 4719 1328 4788 Agilulfus,
1352 4735 1445 4772 seu
1487 4722 1598 4788 Ago
1628 4722 1730 4776 dux

171 4787 532 4858 Tanrinatium
563 4787 817 4840 Autharic
851 4787 1164 4841 substitutus
1190 4800 1270 4843 est
1308 4793 1375 4842 ab
1419 4792 1528 4858 ipsa
1552 4787 1728 4847 Theo-

177 4859 374 4912 delinrla
408 4857 648 4911 Autharii
683 4858 862 4911 relicta
883 4899 898 4919 ,
932 4874 1048 4927 qua:
1081 4860 1252 4926 ipsum
1297 4862 1345 4913 in
1377 4857 1520 4923 regni
1552 4874 1602 4914 et
1635 4867 1730 4917 tori

178 4933 476 4982 Socii-tatem
507 4929 696 4980 ascivit
717 4965 732 4988 ,
771 4928 911 4995 quod
941 4944 1080 4982 anno
1119 4934 1358 4997 sequenti
1392 4948 1571 4986 inen~e
1599 4934 1733 4987 Maio

182 5004 226 5050 in
252 4999 485 5064 generali
519 4998 680 5050 totius
704 5008 874 5062 gentis
903 5011 1162 5053 eonvoniu
1203 5004 1269 5053 ab
1311 5004 1556 5056 omnibus
1593 5005 1733 5058 Lan-

180 5071 416 5142 gnliardts
445 5070 582 5142 apud
615 5069 967 5142 Mediolanum
999 5073 1346 5138 approlmlum
1375 5073 1489 5124 fuit.
1518 5075 1734 5142 Utrique

181 5138 454 5201 Gregorius
479 5139 546 5190 Μ.
573 5139 745 5208 varias
766 5140 1016 5202 epistolas
1037 5143 1266 5208 scripsit,
1293 5138 1732 5198 etTheodelindte

185 5210 436 5273 inscripsit
470 5209 632 5261 libros
656 5207 1010 5278 Dialogorum.
1040 5211 1295 5279 Agilulfus
1324 5213 1534 5266 tandem
1565 5215 1626 5266 ad
1655 5230 1736 5267 ca-

188 5282 415 5333 tholicam
441 5279 600 5332 fidem
624 5293 916 5350 conversus
938 5291 1039 5342 est,
1067 5297 1357 5350 pacemque
1371 5300 1487 5336 cmn
1515 5283 1734 5337 Francis

188 5352 416 5414 firmavit,
451 5348 807 5415 Athanagildo
839 5349 1002 5402 fortas
1033 5367 1063 5405 e
1109 5363 1231 5405 tunc
1260 5348 1511 5419 temporis
1541 5371 1570 5406 e
1601 5355 1734 5409 vivis

193 5435 438 5489 exempto,
468 5428 560 5472 aut
588 5431 733 5470 certe
764 5434 880 5472 cum
914 5423 1052 5473 nulla
1097 5437 1218 5489 spes
1251 5434 1554 5487 superesset
1590 5426 1734 5479 Chil-

193 5484 384 5545 deher'to
409 5507 534 5562 eum
560 5490 868 5562 recipiendi.
897 5484 1161 5558 Nusquam
1196 5484 1375 5560 postea
1397 5493 1513 5562 ejus
1537 5509 1735 5550 mentio

193 5566 414 5616 occurrit.
454 5561 588 5615 Vide
619 5560 765 5612 I’aul.
804 5559 958 5614 Diae.
1001 5563 1090 5614 lib.
1127 5578 1174 5616 tv
1200 5559 1332 5616 hist.
1375 5559 1733 5632 Langobard.,

194 5647 288 5699 cap.
312 5637 351 5688 1.

251 5713 268 5740 ε
297 5705 397 5759 Huc
439 5710 599 5769 eaput
620 5709 673 5753 et
693 5714 920 5771 sequens
942 5703 1128 5756 desunt
1158 5705 1207 5755 in
1241 5702 1355 5756 Vat.
1383 5715 1434 5757 et
1453 5704 1601 5758 Colb.
1631 5724 1733 5771 in.;

191 5785 318 5840 caput
345 5784 530 5830 tamen
564 5772 594 5824 7
623 5769 836 5841 habent,
865 5773 1000 5844 quod
1028 5773 1094 5829 ibi
1121 5773 1256 5830 est
1286 5789 1336 5830 et
1366 5776 1432 5829 ab
1461 5775 1541 5828 his
1566 5769 1735 5835 vcrbis

1840 4577 2140 4652 supponunt
2186 4577 2344 4651 caput
2374 4581 2698 4650 prtecedons.
2735 4581 2808 4634 De
2833 4577 3221 4652 Cuppane__jain
3243 4578 3401 4652 __ift_xi-

1841 4648 1957 4708 mus
1986 4670 2143 4724 supra
2174 4648 2267 4707 lib.
2298 4671 2350 4719 v,
2376 4648 2491 4720 cap.
2518 4653 2619 4716 40;
2666 4652 2716 4705 in
2747 4651 3011 4721 plerisque
3040 4649 3198 4702 editis
3223 4648 3416 4702 dicitur

1839 4727 2076 4782 Chunua.

1909 4744 2156 4849 :Kﬁzarii
2208 4795 2292 4848 isti
2348 4792 2611 4859 hodieque
2652 4794 2806 4863 vulgo
2857 4791 3092 4862 Viguiers
3137 4789 3406 4863 dicuntur,

1839 4868 1926 4934 qui
1959 4867 2210 4918 comitum
2241 4867 2452 4916 nomine
2478 4863 2637 4916 certis
2663 4861 2942 4916 territoriis
2968 4861 3412 4934 prieficiebant‘ur,

1841 4929 1897 4990 ut
1917 4937 2000 5002 jus
2029 4937 2164 5002 plebi
2198 4935 2392 4988 infirme
2421 4933 2680 5000 dicerent,
2707 4936 2844 5001 quod
2869 4933 3127 5005 comitum
3151 4932 3200 4984 in
3231 4929 3409 5005 civita-

1842 5000 1980 5060 tibus
2020 5000 2250 5058 officium
2295 5013 2427 5058 erat.
2477 5005 2576 5059 Alii
2604 5000 2758 5057 erant
2807 5004 3034 5068 majores
3084 5000 3285 5068 vicarii,
3317 5000 3407 5063 qui

1837 5089 1955 5143 post
1985 5076 2197 5130 modum
2230 5077 2566 5128 vicecomites
2597 5076 2843 5142 appellati
2891 5067 3123 5143 fuerunt.
3162 5067 3292 5121 Vide
3325 5068 3412 5143 lii-

1838 5138 1999 5216 gnon.
2052 5146 2105 5199 in
2158 5146 2297 5199 notis
2325 5144 2390 5197 ad
2433 5152 2540 5198 vet.
2593 5138 2848 5198 for-mulas
2897 5141 3084 5195 incerti
3137 5138 3369 5192 auctoris
3398 5181 3411 5202 ,

1839 5235 1984 5272 ltum.
2023 5218 2071 5270 Ι.

1912 5299 1934 5325 υ
1959 5287 2012 5340 Id
2039 5295 2138 5349 est,
2172 5296 2370 5348 reperto
2401 5283 2650 5335 Flaviano
2686 5285 2982 5335 domestico.

1914 5357 1932 5394 τ
1968 5358 2135 5424 Aliqui
2167 5356 2317 5415 edit.,
2353 5353 2712 5419 Marogalensi.
2745 5354 2817 5407 De
2843 5353 2959 5406 hac
2989 5369 3148 5423 supra
3191 5353 3283 5424 lib.
3312 5365 3411 5420 VII,

1837 5444 1953 5495 Cap.
1987 5423 2076 5481 12.
2106 5427 2198 5480 Est
2226 5436 2277 5476 et
2303 5425 2403 5478 alia
2424 5424 2543 5474 villa
2577 5425 2739 5487 ipsius
2765 5425 3118 5492 cognominis,
3145 5437 3196 5480 ut
3217 5423 3409 5478 obser-

1837 5512 1925 5550 vat
1959 5498 2215 5559 Valesius,
2253 5509 2415 5563 prope
2438 5495 2772 5556 Aurelianos,
2807 5495 2962 5560 vulgo
2994 5496 3215 5551 Marulle
3243 5495 3402 5546 dicta.

1910 5578 1936 5616 8
1963 5569 2092 5623 Cum
2122 5567 2189 5620 de
2220 5566 2358 5620 beati
2404 5565 2540 5620 Aviti
2569 5576 2740 5618 morte
2791 5566 2918 5618 nihil
2970 5568 3164 5623 habeat
3203 5567 3409 5630 Grego-

1838 5639 1967 5702 rius,
2014 5639 2229 5702 conjicit
2271 5635 2510 5707 Cointius
2541 5635 2712 5703 ipsum
2745 5645 2861 5704 post
2887 5653 2972 5692 an.
3009 5640 3133 5705 591,
3155 5639 3242 5707 qui
3275 5637 3404 5691 Gre'

1837 5710 2071 5777 goriana:
2098 5709 2338 5764 Historiae
2369 5706 2582 5760 ultimus
2622 5715 2726 5770 cst,
2771 5707 2996 5773 obiisse;
3030 5706 3183 5764 anno
3208 5709 3412 5777 scilicet

1841 5772 1965 5851 594,
1996 5790 2049 5838 et
2076 5780 2289 5852 quidem
2322 5795 2393 5835 xu
2419 5777 2537 5833 ΚτιΙ.
2566 5777 2778 5850 Οοιοιι.,
2811 5795 2914 5851 quo
2946 5782 3030 5839 die
3061 5785 3251 5838 festum
3296 5772 3411 5843 ejus
