3942 6190
533 219 636 276 535
1524 222 1582 278 S.
1625 223 1951 284 GREGORII
1990 220 2298 278 EPISCOPI
2335 217 2765 276 TllﬂllNENSlS
2882 247 2884 250 -
3673 225 3830 276 53:}

531 343 691 384 omne
721 329 974 384 tributum
1022 340 1128 387 tam
1160 333 1400 388 ecclesiis
1430 349 1586 403 quam
1621 333 1984 400 monasteriis,
2018 349 2101 387 vei
2129 337 2177 394 Α
2207 342 2387 387 scorto
2430 341 2810 395 reverteretur,
2854 330 3180 399 gravissimis
3223 345 3340 385 eam
3388 331 3560 402 plagis
3590 338 3833 404 saepius

529 419 744 488 reliquis
783 421 1014 486 clericis,
1066 423 1155 492 qui
1195 423 1260 477 ad
1309 424 1599 480 Ecelesiam
1651 425 1918 491 pertinere
1961 424 2106 478 video
2210 423 2496 486 afﬁciebat.
2528 423 2632 480 Sed
2662 432 2715 477 et
2743 438 2836 491 pro
2867 423 3042 474 multis
3094 423 3387 478 sceleribus
3427 423 3600 478 debita
3648 443 3834 478 non-

531 510 738 572 bautur,
768 520 859 565 aut
887 515 1184 584 quicunque
1211 513 1467 568 Ecclesia:
1496 513 1730 568 ofﬁcium
1761 514 2104 581 excolebant,
2209 513 2350 568 nulla
2399 521 2757 576 contraxerat,
2812 513 2862 565 iu
2914 512 3102 582 quibus
3153 525 3470 567 ornamenta
3500 527 3554 569 et
3595 530 3832 570 aurum

517 601 670 670 larga
705 602 900 670 pietate
927 607 1207 660 concessit.
1253 606 1473 660 Multum
1505 607 1646 659 enim
1683 605 1792 674 jam
1822 615 2106 660 exactores
2209 605 2394 676 uxoris
2439 605 2736 674 saepissime
2763 604 3057 660 evertebat.
3110 603 3347 674 Denique
3378 607 3518 661 inter
3550 609 3644 662 bas
3687 622 3828 660 au-

531 693 686 761 hujus
729 695 910 750 tributi
940 697 1217 765 exspoliati
1265 706 1437 761 erant,
1483 710 1549 750 eo
1590 697 1731 765 quod
1764 711 1858 765 per
1887 697 2103 764 longum
2205 697 2407 769 gustias
2451 681 2654 752 mulier.
2695 697 2970 762 collocata,
3025 712 3148 752 cum
3202 701 3460 754 honorem
3513 714 3752 758 omnem
3799 742 3824 767 ,

530 794 738 854 tempus
766 797 818 842 et
862 788 1257 842 succedentium
1305 788 1706 860 generationes,
1738 803 1801 841 ac
1835 787 2019 842 divisis
2049 788 2102 842 in
2206 802 2361 856 quem
2393 786 2445 840 in
2476 787 2637 841 domo
2665 787 2762 842 viri
2793 788 3049 843 habuerat
3077 788 3420 858 perdidisset,
3447 799 3504 846 et
3525 792 3613 848 ille
3635 793 3818 847 abis-

527 879 722 931 multas
749 888 921 944 partes
950 881 1078 948 ipsis
1107 879 1550 946 pOSsessionibus,
1577 879 1752 947 colligi
1784 880 1870 932 vix
1896 889 2103 942 poterat
2205 890 2286 934 set
2314 882 2378 933 ad
2428 896 2630 949 regem,
2665 881 2777 936 haec
2821 897 2849 934 a
2885 880 3012 936 Viro
3035 880 3145 956 [AL
3179 879 3361 954 Vero],
3389 885 3468 939 sic
3491 885 3637 939 enim
3666 893 3828 941 erat

528 971 632 1028 hoc
659 971 930 1026 tributum.
955 972 1103 1040 Quod
1135 974 1242 1032 bic,
1275 973 1382 1026 Deo
1411 973 1724 1041 inspirante,
1757 973 1824 1026 ita
1851 975 2102 1043 prascepit
2204 986 2399 1026 nomen
2450 971 2700 1039 hominis,
2755 971 2933 1026 mariti
2983 973 3065 1039 sui
3117 982 3312 1043 nepote
3361 975 3820 1044 concupiscitur,

529 1061 820 1128 etnendari,
854 1072 910 1116 ut
951 1063 1091 1132 quod
1137 1077 1299 1132 super
1341 1062 1452 1114 ba-c
1482 1061 1610 1116 fisco
1641 1062 1961 1128 deberetur,
2002 1078 2102 1118 nec
2203 1062 2411 1116 scilicet
2440 1071 2498 1116 ut
2526 1063 2647 1130 quia
2679 1062 2768 1117 ille
2796 1063 3098 1132 perdiderat
3133 1065 3437 1137 conjugetn,
3473 1067 3634 1135 hujus
3671 1085 3821 1123 ma-

524 1164 826 1210 exactorem
849 1157 1040 1211 damna
1069 1165 1426 1226 percuterent,
1453 1172 1549 1212 nec
1574 1157 1826 1212 Ecclesiae
1842 1157 2098 1211 cultorem
2203 1156 2454 1208 trimonio
2479 1155 2814 1224 juugeretur.
2853 1157 3008 1212 Virus
3039 1168 3214 1213 autem
3247 1161 3442 1216 timens
3474 1162 3815 1218 inimicitias

522 1239 741 1300 tarditas
768 1247 835 1301 de
855 1248 1032 1302 ofﬁcio
1062 1249 1234 1318 aliqua
1261 1259 1555 1302 revocaret.

600 1337 726 1392 Vlll.
774 1339 829 1392 lu
863 1349 890 1376 ⁸
919 1340 1152 1395 conﬁnio
1179 1354 1305 1393 vero
1337 1338 1544 1392 termini
1591 1339 1836 1404 Arverni,
1887 1337 2100 1392 Gabali-

523 1431 630 1484 tani
661 1441 818 1503 atque
861 1431 1117 1498 Rutheni,
1161 1432 1396 1503 synodus
1440 1431 1810 1500 episcoporum
1841 1431 1979 1485 facta
2015 1441 2098 1486 est

520 1533 701 1580 contra
745 1525 1069 1588 Tetradiain,
1103 1526 1339 1579 relictam
1390 1524 1654 1593 quondam
1699 1523 1976 1589 Desiderii,
2031 1539 2096 1578 eo

520 1615 661 1680 quod
703 1621 969 1683 repeteret
994 1613 1059 1667 ab
1107 1628 1168 1667 ea
1201 1613 1435 1667 Eulalius
1475 1628 1656 1668 comes
1683 1628 1770 1667 res
1811 1612 1836 1651 ι)
1863 1629 1995 1683 quas
2025 1614 2093 1666 ab

2202 1244 2466 1308 avunculi,
2502 1245 2776 1299 mulierem
2828 1245 3104 1302 Desiderio
3131 1247 3255 1303 duci
3284 1250 3599 1316 transmisit,
3631 1252 3812 1307 vide-

2202 1339 2322 1392 licet
2370 1347 2426 1390 ut
2479 1337 2799 1392 succedente
2846 1350 3087 1408 tempore
3131 1341 3474 1411 capularetur
3501 1344 3552 1398 ei
3599 1363 3614 1399 :
3663 1360 3811 1414 qua:

2200 1444 2411 1483 omnem
2454 1429 2803 1483 submantiam
2838 1431 2934 1482 viri
2979 1430 3082 1495 sui,
3117 1441 3222 1486 tam
3271 1435 3324 1487 in
3351 1448 3482 1487 auro
3525 1448 3684 1503 quam
3749 1437 3813 1488 in

2199 1531 2436 1589 argento,
2462 1530 2516 1574 et
2541 1519 2892 1584 vestimentis,
2915 1532 2968 1576 et
2995 1537 3112 1591 qua:
3140 1525 3341 1578 moveri
3370 1533 3641 1593 poterant,
3661 1542 3810 1579 cum

2184 1614 2408 1666 Seniore
2441 1612 2550 1666 tilio
2579 1627 2759 1667 secum
2791 1613 3026 1680 sustulit,
3058 1614 3245 1668 relicto
3290 1615 3342 1668 in
3373 1615 3535 1670 domo
3555 1618 3664 1670 alio
3701 1618 3810 1685 ju-

520 1719 586 1758 eo
615 1705 822 1774 fugiens
851 1719 1030 1759 secum
1058 1704 1280 1760 tulisset.
1309 1706 1411 1760 Sed
1442 1703 1576 1758 banc
1597 1718 1832 1770 causam,
1858 1705 1940 1758 vel
1962 1719 2091 1773 qua-
2123 1711 2170 1772 Β
2199 1703 2367 1759 niore.
2427 1704 2654 1759 Ilediens
2700 1720 2829 1758 vero
2861 1704 3098 1759 Eulalius
3143 1722 3206 1760 ex
3251 1707 3464 1774 itinere,
3517 1710 3807 1778 comperit

519 1792 643 1848 liter
672 1794 928 1850 Eulaliuin
952 1795 1245 1864 reliquerit,
1271 1797 1351 1849 vel
1374 1795 1824 1866 quemadmodum
1851 1796 1918 1850 ad
1951 1796 2098 1850 Desi-

518 1888 721 1942 derium
749 1885 1045 1956 caufugerit
1071 1889 1232 1943 altius
1264 1888 1664 1943 memorandum
1701 1889 1903 1955 putavi.
1939 1887 2100 1942 Eula-

517 1978 616 2034 lius
642 1989 840 2045 autem,
875 1991 931 2033 ut
971 1979 1220 2049 juvenilis
1250 1990 1378 2034 artas
1411 1979 1587 2046 liabet,
1618 1980 1804 2046 agebat
1833 1978 2095 2050 quaepiam

517 2071 958 2126 ivratiouabiliter
985 2087 1001 2126 :
1035 2072 1174 2126 unde
1201 2071 1396 2126 factum
1428 2082 1531 2137 est,
1561 2083 1616 2125 ut
1645 2086 1674 2124 a
1708 2081 1878 2125 matre
1900 2072 2094 2139 saepius

516 2163 824 2232 increpitus,
859 2162 1078 2218 haberet
1110 2165 1160 2216 in
1189 2177 1308 2218 eam
1336 2164 1515 2216 odium
1565 2178 1725 2233 quam
1776 2177 1958 2217 amare
1997 2161 2096 2218 de-

519 2257 729 2309 buerat.
765 2255 1002 2324 Denique
1030 2269 1149 2308 cum
1176 2254 1232 2308 in
1270 2256 1503 2308 oratorio
1529 2255 1720 2309 domus
1753 2268 1862 2308 suae
1889 2254 2001 2308 hrcc
2039 2255 2092 2308 in

519 2347 764 2402 oratione
809 2345 1112 2414 frequenter
1142 2347 1495 2412 incumberet,
1543 2356 1597 2400 et
1643 2355 1932 2400 nocturnas
1961 2346 2094 2415 vigi—

517 2436 618 2490 lias
648 2450 887 2504 persaepe
932 2435 1321 2490 dormientibus
1347 2432 1577 2500 famulis,
1612 2437 1662 2488 in
1693 2433 1935 2489 oratione
1974 2449 2092 2488 cum

517 2527 764 2598 lacrymis
793 2527 1054 2596 expleret,
1083 2529 1132 2581 in
1160 2527 1336 2581 cilicio
1365 2542 1470 2596 quo
1496 2527 1677 2581 orabat
1708 2525 1986 2597 suggillata
2012 2542 2094 2581 re-

517 2622 735 2688 peritur.
770 2619 874 2676 Sed
905 2622 1265 2675 nescientibus
1295 2618 1500 2673 cunctis
1545 2620 1664 2688 quis
1696 2618 1807 2673 haec
1839 2619 2092 2687 fecisset,

518 2713 721 2768 crimen
752 2723 928 2773 tamen
959 2713 1226 2784 parricidii
1258 2711 1486 2768 refertur
1511 2713 1575 2765 ad
1611 2712 1797 2765 filium.
1825 2710 1948 2765 Haec
1969 2726 2090 2765 cum

519 2795 775 2864 Caluinus
802 2810 1086 2879 episc0pus
1115 2817 1368 2864 Arverna:
1401 2808 1546 2863 urbis
1573 2809 1942 2876 eoinperisset,
1968 2824 2088 2864 eum

519 2915 550 2953 a
579 2901 952 2955 communione
980 2900 1267 2954 submovit.
1319 2898 1771 2954 Convenientibus
1802 2909 1980 2961 autem
2010 2901 2090 2955 ci-

516 2991 672 3046 vibus
692 2990 850 3062 491
877 3007 994 3045 cuiu
1026 2991 1303 3044 sacerdote
1330 2990 1397 3044 ad
1428 2989 1762 3043 festivitatem
1791 2990 1928 3044 beati
1952 3005 2094 3069 mar-

2199 1810 2316 1863 qute
2347 1795 2669 1849 acciderant.
2703 1793 2807 1851 Sed
2839 1811 2958 1850 cum
2993 1794 3232 1867 mitigato
3272 1797 3458 1854 dolore
3507 1799 3808 1868 paululum

2198 1889 2510 1957 quievisset,
2540 1902 2700 1956 super
2732 1887 2913 1940 Virum
2943 1899 3190 1956 nepotem
3232 1905 3389 1944 suum
3418 1889 3590 1956 irruit,
3623 1906 3806 1945 eum-

2197 1998 2300 2052 que
2338 1981 2478 2036 inter
2507 1992 2653 2037 arcta
2679 1983 2890 2060 vallium
2938 1985 3291 2038 Arvernarum
3325 1984 3616 2038 interemit.
3664 1985 3799 2038 Au-

2197 2074 2348 2128 diens
2390 2083 2564 2128 autem
2594 2073 2754 2147 5,92
2807 2073 3145 2138 Desiderius,
3175 2075 3264 2143 qui
3309 2083 3364 2127 et
3410 2074 3523 2144 ipse
3553 2089 3798 2129 uxorem

2199 2181 2368 2235 nuper
2388 2165 2716 2236 perdiderat,
2738 2166 2882 2236 quod
2911 2164 3113 2220 scilicet
3137 2165 3294 2219 Virus
3311 2165 3624 2224 interfectus
3645 2165 3796 2220 fuis-

2197 2267 2298 2323 set,
2345 2256 2593 2327 conjugio
2621 2271 2719 2311 suo
2748 2256 3049 2312 Tetradiam
3082 2256 3324 2310 sociavit.
3377 2255 3617 2311 Eulalius
3644 2271 3795 2310 vero

2198 2350 2426 2419 puellam
2451 2350 2517 2405 de
2544 2350 2866 2404 monasterio
2894 2347 3235 2418 Lugdunensi
3266 2347 3504 2414 diripuit,
3547 2363 3794 2416 eamque

2196 2444 2420 2511 arcepit.
2471 2442 2575 2496 Sed
2605 2441 2916 2496 concubina:
2947 2442 3082 2514 ejus,
3133 2441 3433 2511 instigante,
3466 2451 3518 2494 ut
3545 2441 3789 2508 quidam

2197 2543 2464 2601 asserunt,
2508 2533 2731 2599 invidia,
2778 2532 3054 2588 maleﬁciis
3102 2549 3318 2589 sensum
3350 2532 3458 2601 eius
3484 2533 3778 2600 oppilave-

2195 2636 2340 2678 runt.
2376 2625 2499 2677 Post
2522 2625 2746 2678 multum
2771 2640 2898 2678 vero
2930 2628 3202 2694 temporis,
3233 2625 3467 2680 Eulalius
3494 2623 3787 2678 Einerium

2199 2715 2352 2785 ltujus
2385 2717 2575 2786 puellae
2603 2716 2981 2770 consobrinum
3012 2716 3147 2770 clam
3186 2717 3426 2786 appetiit,
3447 2715 3784 2786 occiditque.

2197 2805 2451 2861 Similiter
2476 2805 2771 2860 Socratium
2804 2807 3016 2861 fratrem
3049 2808 3248 2862 sororis
3276 2821 3388 2863 sua:
3419 2815 3443 2844 ο
3486 2821 3647 2876 quem
3680 2823 3788 2877 pa-

2198 2909 2279 2952 ter
2315 2915 2378 2952 ex
2407 2899 2702 2952 concubina
2744 2898 3020 2966 habuerat,
3059 2902 3344 2956 interemit.
3381 2901 3446 2956 Et
3472 2902 3576 2956 alia
3603 2902 3784 2956 multa

2197 2990 2335 3045 mala
2364 2990 2513 3056 fecit,
2545 3007 2663 3058 quae
2691 2982 2941 3046 enarrare
2973 2993 3279 3064 perlongum
3310 3003 3412 3047 est.
3454 2993 3694 3048 Joannes
3720 2993 3785 3046 ﬁ-

515 3083 648 3151 tyris
678 3081 894 3146 Juliaui,
927 3081 990 3133 ad
1022 3081 1181 3150 pedes
1210 3080 1444 3149 episcopi
1471 3079 1708 3134 Eulalius
1738 3080 1826 3135 ille
1851 3092 2083 3148 proster-
2117 3080 2162 3140 C
2198 3083 2298 3138 lius
2322 3084 2459 3152 ejus,
2489 3087 2578 3154 qui
2607 3099 2726 3138 cum
2754 3099 2846 3137 sua
2877 3083 3197 3139 discesserat
3225 3085 3504 3154 genitrice,
3545 3100 3574 3137 a
3605 3085 3785 3139 domo

514 3175 680 3237 nitur,
727 3188 956 3243 querens
985 3190 1042 3226 se
1087 3173 1382 3226 inauditum
1430 3187 1459 3226 a
1506 3175 1883 3228 communione
1913 3188 2090 3226 remo-

515 3274 650 3319 tum.
683 3265 831 3319 Tunc
861 3266 1141 3334 episcopus
1167 3266 1408 3333 permisit
1432 3279 1550 3318 eum
1581 3279 1702 3318 cum
1734 3264 1941 3320 caneris
1963 3264 2088 3320 Mis-

517 3375 696 3414 sarum
720 3370 960 3429 spectare
991 3369 1013 3396 ¢
1043 3359 1329 3414 solemnia.
1362 3359 1552 3412 Verum
1595 3359 1684 3413 ubi
1733 3359 1799 3412 ad
1841 3373 2084 3414 commu-

518 3454 800 3508 nicandum
830 3464 1042 3508 ventum
1071 3461 1173 3519 est,
1204 3461 1257 3506 et
1284 3452 1513 3506 Eulalius
1544 3451 1607 3504 ad
1639 3453 1882 3505 altarium
1907 3467 2088 3506 acces-

517 3546 695 3612 sisset,
725 3545 800 3598 ait
846 3544 1125 3612 episcopus
1165 3560 1178 3595 :
1213 3542 1413 3596 Rumor
1455 3543 1629 3612 populi
1667 3543 1984 3612 parricidam
2035 3552 2086 3599 te

513 3641 808 3710 proclamat
847 3653 984 3692 esse.
1019 3637 1128 3705 Ego
1170 3652 1297 3690 vero
1346 3649 1520 3690 utrum
1552 3635 1942 3705 perpetraveris
1985 3635 2087 3690 boc

511 3732 708 3798 scelus,
741 3748 805 3785 an
851 3746 978 3795 non,
1011 3731 1195 3801 ignoro
1239 3748 1250 3781 :
1288 3731 1485 3784 idcirco
1517 3729 1566 3781 in
1601 3728 1694 3783 Dei
1725 3730 1827 3784 hoc
1864 3739 1918 3783 et
1946 3730 2084 3784 beati

512 3824 764 3894 martyris
795 3822 989 3876 Juliani
1030 3832 1206 3876 statuo
1227 3821 1450 3890 judicio.
1496 3820 1572 3874 Tu
1606 3835 1754 3888 vero,
1786 3821 1832 3874 si
1864 3823 2084 3876 idoneus

513 3931 594 3982 es,
627 3924 682 3969 ut
721 3916 938 3980 asseris,
969 3914 1162 3968 accede
1212 3913 1447 3982 propius,
1495 3921 1549 3966 et
1576 3926 1727 3966 sume
1755 3912 1843 3965 tibi
1879 3913 2084 3966 Eucha-

510 4009 674 4061 ristizi-
707 4009 1038 4074 particulam,
1069 4015 1226 4074 atque
1258 4005 1468 4074 impone
1496 4003 1573 4057 ori
1604 4013 1694 4056 tuo
1715 4000 1764 4055 ά.
1800 4002 1914 4057 Erit
1941 4002 2082 4056 enim

507 4099 648 4154 Deus
679 4109 951 4168 respector
975 4096 1316 4150 conscientiae
1345 4109 1467 4148 tuae.
1497 4098 1564 4150 At
1595 4095 1686 4148 ille
1711 4103 1928 4162 accepta
1973 4093 2083 4145 Eu-

509 4193 778 4255 cliaristia,
847 4178 1269 4244 communicaris
1303 4188 1582 4241 abscessit.
1645 4185 1884 4240 Habebat
1940 4185 2082 4237 enim

507 4302 731 4341 uxorem
760 4283 1065 4339 Tetradiam
1095 4281 1325 4336 nobilem
1374 4297 1441 4334 ex
1469 4290 1658 4345 matre,
1691 4291 1838 4349 patre
1868 4279 2082 4333 inferio-

505 4393 640 4432 rem.
669 4376 772 4433 Sed
801 4391 920 4430 cum
951 4375 1001 4427 itt
1043 4373 1202 4428 dumo
1229 4386 1325 4426 sua
1353 4371 1434 4426 vir
1453 4371 1762 4424 ancillarum
1791 4371 2078 4425 cencubitu

2193 3176 2450 3231 Desiderii
2502 3176 2770 3244 dilapsus,
2822 3178 3121 3230 Arvernum
3169 3175 3332 3230 venit.
3383 3175 3623 3243 Cumque
3661 3178 3784 3245 jam

2190 3269 2532 3324 Innocentius
2578 3269 2944 3337 episcopatum
2996 3266 3258 3321 Rutbens:
3289 3267 3434 3320 urbis
3473 3269 3780 3331 ambisset,

2191 3359 2497 3414 mandatum
2529 3361 2576 3414 ei
2597 3359 2757 3411 mittit
2787 3357 3043 3424 Eulalius,
3076 3371 3128 3410 ut
3152 3373 3237 3412 res
3259 3373 3375 3427 que
3406 3358 3502 3426 ipsi
3529 3359 3579 3411 in
3611 3359 3783 3428 hujus

2189 3455 2416 3506 civitatis
2453 3451 2720 3506 territorio
2763 3450 3117 3514 debebantur,
3162 3464 3254 3519 per
3303 3449 3461 3518 hujus
3506 3451 3780 3505 auxilium

2189 3544 2426 3612 recipere
2458 3553 2655 3611 posset.
2688 3541 2793 3598 Sed
2817 3541 3155 3596 Innocentius
3185 3543 3296 3595 ait:
3329 3543 3386 3596 Si
3413 3542 3483 3598 de
3516 3543 3644 3598 filiis
3672 3546 3783 3598 tuis

2189 3650 2347 3686 unum
2388 3632 2610 3700 accipio,
2641 3633 3080 3702 quem'clericum
3111 3633 3304 3687 factum
3339 3633 3390 3688 in
3422 3635 3612 3689 solatio
3651 3652 3782 3692 meo

2187 3727 2468 3787 retineam,
2519 3724 2703 3778 faciam
2753 3738 2870 3792 quae
2917 3724 3172 3792 precaris.
3224 3723 3288 3776 At
3330 3723 3424 3778 ille
3472 3726 3781 3779 transmisit

2187 3831 2431 3887 puerum,
2462 3815 2717 3871 Joannem
2744 3815 2982 3878 nomine,
3030 3816 3333 3884 recepitque
3372 3831 3458 3869 res
3490 3832 3635 3870 suas.
3672 3820 3780 3874 Su-

2186 3921 2478 3979 sceptoque
2507 3907 2846 3962 Innocentius
2873 3907 3158 3976 episcopus
3191 3921 3374 3976 puere,
3421 3908 3656 3962 totondit
3686 3925 3779 3964 cu-

2186 4019 2326 4058 mam
2357 4001 2547 4070 capitis
2577 4002 2712 4071 ejus,
2745 3999 2995 4070 deditque
3025 4015 3145 4054 eum
3176 4000 3556 4053 arcliiitiacouo
3586 4004 3776 4055 eccle—

2186 4097 2280 4149 sia:
2309 4110 2448 4158 suae;
2481 4094 2570 4162 qui
2603 4094 2654 4145 in
2688 4103 2829 4146 tanta
2861 4107 2918 4144 se
2947 4091 3265 4146 abstinentia
3306 4089 3560 4154 subdidit,
3592 4102 3654 4145 ut
3680 4109 3776 4158 pro

2187 4189 2360 4241 tritico
2390 4187 2644 4240 hordeum
2674 4193 2929 4252 sumeret,
2967 4201 3064 4254 pro
3103 4185 3225 4239 vino
3256 4202 3446 4256 aquam
3506 4187 3772 4250 bauriret,

2186 4288 2240 4331 et
2264 4293 2358 4347 pro
2385 4292 2522 4343 equo
2566 4277 2716 4328 asino
2747 4287 3001 4340 uteretur,
3029 4278 3339 4329 vestimenta
3373 4278 3632 4331 vilissima
3678 4286 3771 4332 ΙΙῖι-

2187 4369 2337 4423 bens.
2390 4369 2441 4436 lg
2467 4378 2547 4420 tur
2579 4367 2901 4436 conjunctis,
2936 4375 2989 4419 ut
3017 4369 3269 4429 diximus,
3314 4371 3690 4425 sacerdotibus
3721 4381 3772 4425 rt

508 4471 844 4532 misceretur,
876 4467 1156 4536 coniugem
1207 4465 1475 4534 negligere
1522 4463 1718 4532 cmpit,
1749 4474 1804 4517 et
1848 4479 1968 4518 cum
2016 4464 2085 4518 ab
2115 4453 2165 4512 Ι)
2191 4462 2315 4517 viris
2346 4461 2638 4531 magniﬁcis
2690 4467 2740 4514 in
2793 4460 3025 4514 continio
3075 4461 3496 4528 supradictarum
3530 4465 3767 4516 urbium.

2175 4625 2347 4678 Ionius
2379 4627 2412 4678 I.
2439 4623 2541 4678 tde
2571 4623 2770 4691 Liturg.
2798 4623 2936 4677 Gal.,
2961 4621 3090 4674 c.5:
3113 4621 3168 4672 ιο
3188 4622 3533 4675 Ιῐιιεὶιειτίειίεε
3550 4625 3766 4677 nomine

2174 4698 2339 4748 solam
2373 4695 2519 4762 panis
2532 4695 2762 4760 speciem
2779 4694 3039 4761 designari
3061 4710 3074 4758 ;
3103 4692 3168 4744 ‘20
3191 4709 3255 4746 ex
3275 4693 3556 4760 particula,
3576 4709 3682 4746 non
3701 4710 3764 4747 ex

2174 4768 2379 4834 integra
2405 4767 2626 4818 formula
2657 4766 3083 4818 communiuneitt
3099 4765 3272 4816 datam
3294 4779 3308 4827 ;
3330 4762 3386 4816 5°
3424 4766 3764 4816 communio-

2175 4833 2413 4888 neni’sub
2431 4835 2540 4887 sola
2566 4836 2711 4901 panis
2733 4835 2948 4901 specie;
2979 4833 3319 4901 4"antiquum
3350 4848 3553 4904 morem
3588 4848 3761 4904 usque

2174 4907 2238 4960 ad
2263 4905 2504 4976 Gregorii
2530 4916 2767 4972 tempora
2820 4920 3210 4976 perseverasse,
3239 4911 3294 4954 ιιι
3324 4903 3422 4976 viri
3445 4903 3684 4972 accepta,
3710 4921 3758 4956 In

2177 4974 2420 5029 manibus
2454 4976 2804 5039 liucliaristia,
2850 4975 3018 5040 ipsam
3049 4974 3147 5026 sibi
3181 4975 3230 5025 in
3256 4989 3349 5026 ore
3397 4975 3759 5040 imponerent.

2179 5048 2429 5100 Mulieres
2459 5057 2654 5109 tamen,
2687 5056 2738 5098 ut
2771 5061 2834 5098 ex
2864 5060 3071 5098 canone
3116 5043 3186 5097 [r2
3216 5045 3506 5096 Autissiod.
3542 5044 3757 5098 concilii

505 4632 806 4689 celebratur
847 4627 1124 4694 :sepultus
1170 4634 1253 4679 est
1304 4624 1368 4694 in,
1409 4622 1632 4677 ecclesia
1684 4621 1850 4675 beatae
1895 4621 2070 4694 Mariae

503 4701 834 4768 l’riucipalis,
869 4693 1208 4768 utiliauetur
1254 4697 1311 4768 in_
1362 4693 1853 4768 libro__de_eccles._
1879 4693 2067 4768 Claro-

503 4763 824 4836 iuontfcap.
857 4767 910 4825 ‘2.
939 4781 1056 4834 qua:
1081 4767 1272 4836 dicitur
1298 4765 1465 4818 beatae
1496 4763 1692 4836 Marius
1714 4763 1780 4816 de
1822 4763 1988 4836 Portu
2015 4764 2066 4816 in

505 4843 740 4914 ejusdem
773 4833 957 4914 sancti
990 4839 1085 4914 viri
1139 4835 1274 4897 Vita,
1323 4833 1783 4914 quamecclesiini
1811 4834 2069 4914 ancatbef

507 4905 639 4971 ili-ali
690 4908 1110 4976 distinguendam
1158 4920 1276 4959 esse
1313 4912 1498 4976 intonet
1546 4905 1763 4976 Savaro.
1798 4905 1943 4956 Alius
1987 4912 2072 4956 est

509 4988 712 5049 Avi:us,
745 4982 830 5050 qui
856 4972 914 5033 in
944 4977 1166 5032 ecclesia
1197 4979 1366 5050 sancti
1403 4972 1700 5050 venerandi
1734 4975 1978 5042 quiescit,
2019 4978 2068 5025 in

506 5061 596 5113 lib.
628 5044 835 5109 laudato
863 5065 979 5119 cap.
1017 5050 1104 5114 ιυ,
1131 5047 1302 5102 sancti
1332 5044 1504 5097 Boniti
1533 5047 1716 5119 frater.

581 5138 604 5164 ι
631 5129 737 5180 Iloc
765 5113 1098 5190 caput-deest
1122 5119 1171 5172 in
1201 5127 1426 5190 utroque
1449 5115 1566 5168 cod.
1600 5114 1751 5166 Colb.
1783 5126 1834 5166 et
1864 5113 1982 5166 Vat.

580 5197 604 5235 δ
633 5186 842 5265 lle.ng
865 5200 1102 5262 repeteret
1134 5206 1242 5243 eam
1266 5186 1499 5265 Eulalius
1527 5201 1689 5236 remes
1713 5197 1759 5238 et
1787 5202 1885 5238 res.

583 5255 736 5320 cHae
791 5255 1116 5319 voce'utitur
1163 5260 1354 5327 sarpius
1409 5255 1715 5319 Gregoiuus,
1766 5270 1882 5327 qua:
1911 5257 2070 5308 etiam

514 5339 733 5390 habetur
764 5335 814 5386 in
841 5351 961 5389 can.
992 5335 1059 5386 ευ
1085 5326 1290 5386 concilii
1323 5344 1381 5381 ιιι
1416 5331 1687 5380 Auri-lion.
1722 5326 1825 5378 Sed
1865 5341 1927 5378 ex
1973 5328 2072 5378 isto

511 5406 744 5470 Gregorii
789 5407 904 5458 loco
931 5406 1226 5470 suspicatur
1256 5407 1432 5451 noster
1463 5398 1798 5470 Mabillontus
1830 5395 1922 5448 lib.
1955 5412 1969 5448 t
2002 5398 2066 5448 de

510 5469 709 5543 Liturg.
734 5475 949 5538 Gallic.,
973 5469 1090 5540 cap.
1121 5472 1174 5534 6,
1207 5470 1306 5543 ubi
1325 5470 1472 5543 plura
1503 5473 1658 5520 habet
1687 5481 1748 5519 e.i
1772 5469 1838 5519 de
1868 5482 1944 5543 re,
1973 5481 2064 5519 eos

507 5537 696 5602 missas
751 5537 1052 5610 speetasse,
1084 5544 1171 5609 qui
1221 5539 1432 5608 quidem
1481 5550 1774 5606 praesentes
1821 5537 2062 5602 aderant,

502 5623 597 5675 led
627 5636 727 5671 non
753 5615 1229 5669 communicabaut.

576 5684 602 5725 tl
619 5689 850 5755 Quatuor
873 5696 938 5734 cx
961 5680 1059 5734 ltoc
1074 5678 1308 5748 Gregorii
1323 5681 1434 5734 loco
1459 5678 1669 5746 collegit
1692 5687 1870 5730 noster
1886 5678 2065 5732 llabil-

2179 5128 2340 5182 patet,
2376 5133 2479 5170 non
2510 5119 2646 5168 nuda
2679 5131 2859 5178 manu,
2890 5119 2980 5168 sed
3008 5116 3057 5166 iu
3092 5116 3254 5167 linteo
3289 5114 3602 5168 Dominicali
3635 5131 3751 5168 eam

2176 5187 2523 5253 recipiebant.
2568 5191 2640 5239 Ex
2673 5189 2860 5238 eodem
2896 5192 3039 5237 textu
3073 5184 3327 5237 discimus
3377 5183 3529 5239 laicis
3569 5186 3637 5238 ad
3674 5187 3752 5238 al-

2177 5268 2288 5311 tare
2319 5259 2635 5326 permissum
2668 5256 2829 5308 fuisse
2859 5271 3131 5307 acci-ssmu
3177 5269 3270 5321 pro
3315 5269 3467 5306 sacra
3513 5270 3754 5308 cominu-

2176 5333 2352 5380 nione.
2391 5328 2466 5380 De
2515 5331 2671 5380 modo
2725 5327 3013 5392 recipiendi
3059 5340 3263 5378 sacram
3319 5327 3752 5378 communionem

2174 5401 2359 5467 primis
2387 5399 2633 5452 Ecclesiae
2659 5396 2869 5449 saeculis
2899 5396 3090 5467 usitato
3129 5395 3362 5467 pluribus
3391 5395 3609 5450 disserit
3651 5412 3749 5448 no-

2171 5464 2282 5522 ster
2322 5469 2470 5537 llugo
2524 5469 2798 5520 Meuar‘dus
2849 5469 2899 5517 in
2927 5466 3110 5537 "notis
3149 5464 3214 5516 ad
3264 5465 3744 5520 Sarratnentarium

2175 5535 2579 5605 Ctegurlanuut,
2612 5555 2726 5605 pug.
2761 5538 2884 5596 378,
2925 5535 3048 5594 579,
3083 5535 3206 5587 52⁸1.

2249 5622 2269 5645 υ
2304 5613 2512 5679 Αιιςιυιιι
2541 5612 2664 5664 editi
2697 5625 2814 5662 cum
2847 5610 2989 5671 κοίη,
3021 5623 3197 5658 soccus
3228 5623 3328 5657 sua;
