3942 6190
136 244 189 295 37
976 233 1289 293 HISTORIA
1334 231 1781 292 FRANCORUM.
1823 232 2024 288 LIBER
2062 230 2380 288 DECIMUS.

3223 235 3329 291 538

105 361 327 414 Tetradta
379 356 449 410 ab
496 354 670 426 Agino
726 361 1154 422 reprmsentatur,
1210 361 1368 422 atque
1424 350 1657 406 Eulalius
1683 351 1736 410 Α
1762 348 1981 402 navibus
2010 348 2241 402 oneratis
2270 361 2422 411 auro,
2454 354 2776 417 argentoque
2818 354 2873 400 et
2915 346 3134 417 reliquis
3171 350 3331 405 rebus

106 460 263 502 contra
293 462 410 501 eam
443 454 762 500 causaturus
789 445 1033 498 accessit.
1067 443 1305 510 Cumque
1333 456 1417 497 res
1441 456 1574 509 quas
1598 439 1667 493 de

107 544 230 607 ejus,
258 539 444 593 abiens
472 538 540 591 ad
580 537 936 601 Desiderittm,
969 536 1125 589 domo
1155 535 1462 601 abstulerat,
1496 533 1668 600 inqui-

108 642 248 694 reret,
273 630 571 700 judicatum
605 637 688 683 est
718 628 968 683 Tetradia
995 636 1046 693 ιι,
1091 637 1146 681 ιιι
1185 626 1477 695 quadrupla
1514 625 1668 677 satis-

108 722 315 777 factione
343 724 523 777 ablata
555 723 883 785 restitueret,
919 723 1166 790 liliosque
1191 736 1326 789 quos
1355 720 1422 773 de
1451 718 1665 772 Deside-

108 817 179 871 rio
203 822 545 884 conceperat,
578 815 812 869 incertos
850 812 878 851 δ
914 814 1095 868 baberi
1132 830 1145 863 :
1178 811 1303 865 illud
1333 813 1490 865 etiam
1520 809 1667 864 ordi-

108 917 296 971 nantes,
324 915 383 959 ut
411 906 456 960 si
490 906 603 961 haec
631 921 750 976 quae
784 906 992 959 Eulalio
1018 916 1099 961 est
1141 906 1287 973 jussa
1319 905 1664 968 dissolveret,

108 996 381 1052 accedendi
424 998 479 1051 in
506 998 803 1052 Arvernum
846 997 1059 1051 licentia
1103 998 1451 1065 praeberetur,
1484 994 1669 1049 rebus-

108 1102 196 1155 que
220 1088 354 1152 suis,
386 1102 508 1157 qua:
534 1088 582 1143 ei
614 1102 677 1142 ex
711 1096 927 1155 paterna
954 1087 1294 1140 successione
1316 1084 1475 1155 493
1504 1083 1667 1137 obve-

107 1189 276 1234 nerant
313 1180 518 1250 absque
542 1180 806 1235 calumnia
837 1180 1103 1235 irueretur
1131 1196 1145 1231 :
1179 1176 1320 1240 quod
1353 1178 1421 1231 ita
1464 1175 1663 1230 factum

106 1282 194 1327 est.

167 1363 250 1418 ιχ.
288 1362 425 1418 Cum
464 1362 581 1418 haec
607 1371 910 1431 agerentur,
952 1368 1007 1413 et
1035 1360 1268 1413 Britanni
1298 1358 1438 1413 circa
1470 1356 1652 1421 urbes,

109 1455 455 1511 Namneticam
478 1455 658 1523 utique
686 1465 737 1507 et
780 1451 1167 1515 Rbedonicam,
1212 1450 1366 1504 valde
1392 1450 1663 1513 szevirent,

108 1548 522 1602 Guntcbramnus
552 1561 645 1601 rex
672 1544 963 1599 exercitum
992 1552 1177 1597 contra
1216 1556 1307 1595 eos
1334 1540 1661 1594 commoveri

101 1637 281 1705 jussit;
325 1636 379 1690 in
409 1651 635 1705 quorum
664 1635 835 1703 capite
884 1633 1246 1701 Beppolenum
1287 1639 1344 1685 et
1389 1631 1660 1685 Ebracba-

1768 438 1903 507 ejus,
1937 453 2055 493 cum
2104 438 2209 491 alta
2254 437 2412 491 maris
2441 437 2693 506 cepisset,
2736 449 3003 493 commoto
3033 452 3209 504 ventu,
3240 440 3336 494 do-

1758 536 1959 592 .tnersis
1990 535 2233 596 navibus.
2285 548 2371 589 res
2415 547 2545 602 quas
2574 533 2918 602 imposuerat,
2968 532 3329 601 perdidisset:

1769 636 1941 682 tamen
1971 627 2037 681 ad
2065 627 2446 681 Ebracbarium
2492 628 2729 689 veniens,
2757 640 2939 695 pacem
2970 626 3140 694 petiit,
3191 625 3333 678 obsi-

1767 720 1969 788 desque
1998 735 2117 774 cum
2160 718 2338 775 multis
2383 719 2690 772 muneribus
2731 717 2968 782 tradidit,
3016 718 3338 787 promittens

1767 828 1827 868 se
1870 828 2140 881 nunquam
2198 820 2381 865 contra
2435 812 2709 867 utilitatem
2762 810 3144 866 Guntchramni
3200 811 3339 879 regis

1766 918 1887 957 esse
1918 912 2217 957 venturum.
2252 902 2367 969 Quo
2388 902 2689 967 recedente,
2723 912 2778 958 et
2822 903 3017 973 regalis
3054 902 3340 971 episcopus

1763 1008 1886 1049 cum
1911 995 2120 1050 clericis
2148 1006 2202 1050 et
2230 996 2549 1065 pagensibus
2580 997 2723 1049 urbis
2752 1011 2882 1063 suae,
2927 995 3121 1050 similia
3156 1011 3337 1049 sacra-

1767 1094 1943 1141 menta
1970 1086 2139 1148 dedit.
2172 1087 2354 1142 dicens
2383 1104 2396 1140 :
2431 1087 2563 1154 Quia
2590 1086 2714 1142 nihil
2761 1103 2856 1141 nos
2884 1088 3112 1142 dominis
3142 1088 3339 1141 n03tris

1766 1180 1979 1249 regibus
1999 1180 2284 1248 culpabiles
2313 1194 2519 1243 sumus,
2550 1195 2647 1235 nec
2672 1196 2899 1251 unquam
2921 1190 3105 1235 contra
3133 1181 3335 1235 utilita—

1767 1279 1874 1325 tem
1923 1285 2109 1324 eorum
2154 1270 2371 1340 superbi
2417 1271 2740 1337 exstitimus,
2794 1272 2887 1325 sed
2931 1272 2984 1326 in
3040 1272 3340 1339 captivitate

1766 1359 2136 1415 Britannorum
2177 1360 2357 1430 positi,
2384 1362 2529 1430 gravi
2556 1361 2683 1429 jugo
2703 1361 2900 1416 subditi
2946 1375 3149 1414 sumus.
3201 1359 3338 1415 Pace

1765 1450 1926 1518 igitur
1952 1451 2217 1507 celebrata
2247 1453 2383 1506 inter
2406 1451 2723 1507 Warochum
2750 1462 2909 1522 atque
2934 1450 3335 1518 Ebracltariunt,

1762 1541 1901 1595 dixit
1939 1542 2235 1597 Warucbus
2263 1560 2276 1595 :
2311 1542 2571 1598 Discedite
2599 1560 2739 1598 nunc
2764 1555 2818 1600 et
2866 1546 3186 1610 renuntiate,
3214 1546 3338 1615 quia

1764 1633 1940 1687 omnia
1990 1649 2108 1704 qua
2149 1634 2370 1703 jusserit
2417 1651 2533 1701 rex,
2582 1647 2774 1706 sponte
2828 1637 3048 1707 implere
3090 1640 3335 1693 curabo:

102 1730 220 1782 rium
248 1729 412 1782 duces
432 1726 646 1797 delegit.
675 1726 779 1783 Sed
806 1724 1151 1779 Ebrncharius
1179 1731 1484 1790 suspectus,
1511 1722 1656 1792 quod
1688 1721 1736 1782 B
1764 1723 1902 1793 quod
1934 1732 1989 1778 ut
2018 1725 2224 1794 plenius
2272 1726 2493 1782 credere
2536 1726 2797 1793 debeatis,
2852 1739 3102 1796 nepotem
3160 1745 3336 1784 meum

102 1822 139 1874 si
166 1821 377 1876 victoria
415 1836 535 1874 cum
566 1820 868 1887 Beppoleno
896 1827 1213 1887 patraretur,
1260 1818 1373 1886 ipse
1401 1817 1655 1871 ducatum

103 1913 207 1982 ejus
236 1914 553 1983 acquireret,
586 1912 888 1967 inimicitias
914 1928 1034 1965 cum
1072 1912 1260 1966 eodem
1288 1914 1573 1974 connec'it,
1599 1925 1661 1966 ac

105 2021 189 2071 per
211 2006 343 2059 viam
382 2014 544 2058 totam
597 2018 655 2058 se
685 2004 1045 2070 blaspltemils,
1080 2004 1336 2057 conviciis
1363 2012 1520 2071 atque
1541 2018 1653 2057 nta-

105 2097 457 2153 ledictioaibus
486 2096 769 2150 lacessunt.
813 2093 1007 2150 Verum
1048 2109 1143 2164 per
1189 2096 1327 2149 v'am
1368 2109 1469 2163 qua
1515 2095 1660 2147 abic-

104 2200 237 2255 runt,
282 2190 548 2257 incendia,
584 2188 886 2254 homicidia,
918 2188 1088 2256 spolia
1133 2202 1193 2241 ac
1241 2188 1402 2241 multa
1455 2189 1657 2242 scelera

103 2291 323 2349 egerunt.
359 2281 568 2336 Interea
611 2288 871 2335 venerunt
922 2280 987 2334 ad
1037 2279 1365 2333 Vicinoniam
1420 2296 1654 2346 amnem,

104 2387 245 2438 quam
271 2370 594 2437 transmissi,
625 2370 690 2424 ad
727 2369 913 2426 Uldam
942 2369 1157 2423 ﬂuvium
1191 2379 1213 2407 ο
1268 2380 1652 2437 pervenerunt;

105 2463 261 2531 ibique
288 2462 561 2533 dissipatis
588 2462 868 2516 vicinitatis
893 2461 1052 2527 casis,
1074 2469 1259 2531 pontes
1292 2461 1520 2528 desuper
1546 2470 1658 2514 sta-

105 2564 261 2619 tuunt,
303 2555 491 2623 sicque
533 2554 802 2608 exercitus
830 2550 1002 2605 omnis
1036 2552 1296 2605 transivit.
1330 2550 1655 2620 Coniunctus

104 2647 229 2697 enim
252 2645 421 2699 fuerat
440 2659 507 2698 eo
529 2655 764 2712 tempore
790 2644 1092 2711 Beppoleno
1115 2644 1391 2713 presbyter
1414 2644 1652 2712 quidam,

105 2738 315 2791 dicens:
362 2738 419 2791 Si
446 2745 664 2790 secutus
713 2750 798 2789 me
824 2736 1003 2799 fueris,
1037 2750 1135 2803 ego
1181 2746 1230 2790 to
1260 2749 1424 2802 usque
1465 2733 1655 2789 Waro-

105 2832 242 2883 cbntn
270 2831 484 2891 ducam,
515 2843 578 2882 ac
628 2827 905 2881 Britannos
952 2825 1045 2880 tibi
1088 2826 1138 2879 iit
1189 2841 1349 2879 unum
1398 2826 1651 2880 collectos

106 2921 380 2974 ostendam.
426 2918 785 2986 Fretlegundis
807 2917 946 2972 enim
977 2933 1097 2974 cum
1141 2917 1396 2983 audisset,
1429 2917 1566 2986 quod
1599 2918 1653 2971 in

109 3010 200 3065 hoc
225 3011 494 3079 procinctu
524 3009 852 3076 Beppolenus
880 3007 1070 3073 abiret,
1095 3010 1218 3076 quia
1246 3008 1296 3062 ei
1322 3009 1429 3076 jam
1456 3023 1522 3061 ex
1554 3024 1649 3061 an-

1760 1816 1996 1872 obsidem
2028 1818 2275 1871 tribuam.
2340 1818 2407 1872 Et
2456 1819 2524 1872 ita
2576 1817 2720 1881 fecit,
2769 1829 3142 1889 cessatumque
3171 1830 3254 1875 est
3304 1835 3334 1873 a

1758 1908 1900 1963 bello
1931 1918 1977 1961 ο.
2008 1908 2382 1962 Verumtamen
2428 1907 2708 1963 multitudo
2738 1924 2948 1979 magna,
2978 1911 3116 1965 sicut
3142 1912 3209 1965 de
3248 1928 3334 1965 re-

1758 2000 1861 2071 gali
1881 2002 2138 2065 exercitu,
2164 2002 2232 2055 ita
2254 2010 2307 2055 et
2337 2002 2402 2055 de
2434 2001 2694 2055 Britannis
2716 2016 2853 2055 cmsa
2874 2010 2976 2056 est.
3007 2004 3331 2071 Egrediente

1759 2102 1934 2148 autem
1966 2094 2205 2148 exercitu
2234 2108 2264 2146 a
2318 2092 2629 2157 Britanniis,
2674 2108 2737 2148 ac
2783 2097 3176 2148 transeuntibus
3222 2110 3335 2148 am-

1760 2202 1882 2241 nem
1913 2185 2321 2252 robustioribus,
2372 2184 2649 2238 inl'eriores
2690 2195 2743 2239 et
2793 2199 3050 2254 pauperes
3092 2186 3332 2255 quicum

1757 2281 1841 2335 bis
1867 2290 2020 2336 erant
2040 2280 2198 2334 simul
2242 2280 2466 2333 transire
2493 2293 2597 2332 non
2627 2286 2932 2346 potuerunt.
2983 2278 3223 2345 Cumque
3273 2280 3326 2329 in

1758 2369 1907 2424 littus
1936 2370 2065 2424 illud
2105 2369 2400 2424 Vicinoniaa
2435 2370 2610 2423 amnis
2648 2369 2991 2436 restitissent,
3036 2368 3337 2423 Warocltus

1756 2459 1952 2515 oblitus
1970 2461 2289 2516 sacramenti
2316 2468 2475 2530 atque
2502 2459 2744 2515 obsidum
2774 2474 2910 2530 quos
2955 2460 3197 2528 dederat,
3231 2462 3335 2514 mi-

1756 2554 1823 2609 sit
1857 2554 2161 2609 Canaonetn
2195 2554 2361 2608 lilium
2403 2569 2555 2607 suum
2597 2568 2719 2607 cum
2747 2553 3007 2616 exercitu,
3041 2552 3336 2621 apprehen-

1756 2646 1936 2715 sisque
1956 2647 2082 2700 viris
2110 2662 2243 2715 quos
2273 2646 2324 2700 in
2359 2646 2537 2700 littore
2562 2647 2652 2700 illo
2681 2646 2901 2714 reperit,
2949 2645 3175 2698 vinculis
3201 2645 3325 2697 alli-

1755 2744 1863 2806 gat,
1898 2738 2207 2793 resistentes
2234 2737 2501 2801 interﬁcit,
2531 2737 2795 2791 nonnullis
2833 2736 2920 2804 qui
2949 2751 3067 2789 cum
3114 2735 3335 2789 caballis

1756 2838 2044 2885 torrentem
2073 2838 2399 2884 transmeare
2428 2830 2728 2892 voluerunt,
2757 2827 2825 2881 ab
2870 2828 3033 2895 ipsius
3075 2826 3334 2880 torrentis

1755 2922 1951 2991 impetu
1981 2922 2033 2975 in
2065 2936 2211 2975 mare
2236 2918 2476 2988 deiectis.
2513 2920 2721 2974 Dimissi
2748 2926 2874 2971 sunt
2906 2930 3088 2986 postea
3122 2918 3271 2971 inulti
3306 2915 3326 2955 ί

1757 3030 1785 3070 a
1810 3006 2034 3085 conjuge
2066 3014 2311 3068 Waroclti
2337 3029 2453 3066 cum
2484 3013 2656 3068 cereis
2676 3021 2730 3067 et
2758 3012 2950 3067 tabulis
2972 3011 3122 3080 quasi
3150 3010 3331 3075 liberi,

109 3104 280 3156 teriore
310 3112 554 3170 tempore
582 3100 783 3154 invisus
810 3108 945 3165 erat,
988 3098 1355 3167 Bajocassinos
1391 3098 1650 3165 Saxones,

1769 3124 1810 3165 ει
1836 3110 1900 3163 ad
1931 3109 2135 3178 propria
2159 3116 2283 3161 snnt
2319 3106 2570 3176 regressi.
2600 3104 2878 3161 Exercitus
2906 3120 3031 3159 vero
3056 3106 3218 3175 ipsius
3241 3107 3336 3175 qui

108 3194 235 3265 juxta
257 3194 413 3248 ritum
444 3189 815 3247 Britannorum
844 3202 1023 3246 tonsus
1053 3188 1078 3228 ά
1104 3233 1119 3255 ,
1145 3202 1305 3260 atque
1332 3193 1476 3247 cultu
1503 3193 1666 3247 vesti-

113 3290 257 3342 menti
298 3288 654 3358 compositos,
698 3287 750 3341 in
781 3289 1025 3341 solatium
1072 3286 1323 3341 Warocbi
1351 3288 1496 3343 abire
1527 3302 1663 3356 prae-

111 3379 248 3448 cepit.
276 3380 608 3435 Adveniente
632 3388 806 3434 autem
838 3380 1139 3447 Beppoleno
1166 3395 1285 3434 cum
1328 3380 1391 3434 iis
1423 3382 1509 3448 qui
1541 3395 1662 3433 eum

112 3472 241 3540 sequi
270 3473 574 3537 voluerunt,
604 3479 872 3527 certamen
924 3472 1061 3538 iniit,
1119 3474 1418 3540 multusque
1465 3488 1559 3539 per
1590 3475 1668 3525 bi-

113 3559 253 3614 duum
281 3561 349 3614 de
381 3562 644 3615 Britannis
673 3575 735 3613 ac
764 3560 1059 3617 Saxonibus
1086 3562 1461 3629 suprascriptis
1503 3562 1667 3614 inter-

115 3654 245 3705 emit.
297 3653 614 3706 Becesserat
652 3656 792 3706 enim
835 3653 902 3707 ab
930 3669 995 3707 co
1022 3653 1381 3707 Ebracharius
1411 3669 1530 3707 cum
1561 3668 1669 3705 ma-

112 3740 199 3809 jori
224 3758 379 3796 manu
402 3786 418 3808 ,
461 3758 559 3796 nec
584 3742 648 3795 ad
681 3758 799 3796 eum
828 3744 1082 3811 accedere
1125 3744 1311 3809 voluit,
1335 3744 1506 3797 donec
1537 3745 1671 3798 inte-

114 3849 354 3906 remptum
385 3836 612 3889 audiret.
649 3835 738 3888 Die
761 3843 936 3889 autem
970 3837 1125 3889 tertio
1150 3851 1271 3889 cum
1294 3836 1405 3904 jam
1430 3837 1517 3903 qui
1549 3852 1666 3888 cum

112 3941 165 3979 eo
183 3939 326 3982 erant
352 3927 803 3992 interlicerentur,
828 3934 986 3992 atque
1033 3928 1143 3995 ipse
1178 3928 1446 3981 sauciatus
1480 3929 1665 3983 lancea

113 4032 427 4087 repugnaret,
477 4020 799 4074 irruentibus
849 4035 1006 4089 super
1052 4035 1173 4074 eum
1228 4020 1491 4073 Waroclto
1542 4035 1663 4074 cum

114 4110 442 4176 supradictis,
482 4107 863 4163 interfecerunt
887 4125 1007 4164 eum
1035 4128 1045 4161 :
1087 4111 1373 4163 incluserat
1401 4110 1541 4163 enim
1572 4125 1666 4165 eos

114 4202 233 4257 inter
258 4204 534 4273 angustias
561 4203 759 4256 viarum
782 4211 938 4270 atque
973 4202 1211 4270 paludes,
1245 4202 1295 4254 in
1327 4202 1515 4269 quibus
1546 4217 1660 4255 ma-

113 4301 178 4365 gis
203 4301 307 4354 luto
332 4301 492 4362 necti,
517 4312 676 4365 quam
703 4297 877 4367 gladio
902 4296 1147 4351 trucidati
1195 4304 1347 4351 sunt.
1396 4296 1667 4349 Ebrtlchn-

114 4390 209 4443 rius
252 4406 379 4443 vero
420 4402 593 4457 usque
624 4387 863 4443 Venetos
904 4387 1092 4442 urbem
1143 4386 1406 4439 accessit:
1457 4387 1669 4441 miserat

1766 3207 1912 3275 prius
1942 3206 2242 3270 transierat,
2274 3219 2517 3258 metuens
2545 3219 2641 3273 per
2662 3204 2799 3257 viam
2826 3204 2968 3257 illam
2995 3218 3096 3272 qua
3121 3208 3340 3258 venerat

1767 3296 1998 3367 regredi,
2030 3312 2095 3350 ne
2122 3296 2256 3350 forte
2280 3296 2415 3349 tnala
2438 3312 2556 3366 qua:
2598 3296 2794 3350 iecerat
2822 3304 3109 3364 pateretur,
3139 3293 3202 3347 ad
3233 3291 3340 3345 An-o

1766 3390 2016 3457 degavam
2047 3389 2229 3444 urbem
2259 3390 2461 3459 dirigit,
2495 3389 2767 3443 Meduana:
2818 3388 3069 3442 torrentis
3110 3397 3134 3431 κ
3168 3402 3339 3455 expe-

1768 3491 1884 3536 tens
1918 3481 2079 3553 495
2119 3495 2374 3550 pontem:
2418 3484 2510 3537 sed
2559 3497 2716 3549 parva
2771 3496 2891 3549 qua:
2936 3482 3079 3548 prius
3137 3481 3341 3534 transiit

1767 3589 1972 3637 manus,
2006 3574 2069 3627 ad
2095 3576 2264 3641 ipsum
2292 3590 2448 3644 quem
2490 3572 2692 3643 praelati
2735 3589 2919 3629 sumus
2951 3585 3188 3643 pontem,
3217 3587 3338 3642 spo-

1767 3664 1899 3732 liati,
1924 3666 2048 3717 caesi
2078 3674 2133 3719 et
2160 3667 2226 3718 ad
2257 3681 2416 3720 omne
2439 3666 2671 3721 dedecus
2698 3676 2823 3720 sunt
2847 3666 3064 3719 redacti.
3102 3666 3199 3718 Per
3234 3666 3340 3717 Tn-

1769 3755 2008 3808 ronicum
2037 3770 2165 3808 vero
2209 3765 2565 3821 transeuntes,
2625 3758 2831 3824 praedas
2875 3765 3094 3825 agentes
3147 3756 3340 3808 multos

1769 3845 2227 3910 exspoliaverunt;
2265 3846 2604 3914 in0pinantes
2628 3847 2769 3900 enim
2799 3854 3110 3914 repererant
3140 3845 3341 3899 incolas

1772 3936 1894 3990 loci.
1931 3936 2072 3989 Multi
2101 3946 2274 3990 tamen
2308 3936 2375 3990 de
2402 3938 2503 3991 hoc
2524 3938 2762 3991 exercitu
2794 3937 2858 3990 ad
2884 3936 3339 3989 Guntt-hratnntnn

1771 4041 1951 4095 regem
1999 4038 2360 4094 accesserunt,
2394 4028 2632 4084 dicentes
2662 4029 2782 4097 quia
2836 4028 3189 4083 Ebracbarius
3237 4028 3340 4081 dux

1770 4135 1832 4172 ac
1862 4119 2242 4174 Uviliacharius
2282 4134 2484 4184 comes,
2528 4132 2742 4189 accepta
2788 4121 3008 4187 pecunia
3048 4122 3117 4173 ab
3150 4118 3342 4173 Wnro-

1770 4217 1892 4279 clto,
1917 4214 2206 4269 exercitum
2244 4214 2417 4282 perire
2452 4213 2723 4268 fecissent.
2755 4213 2866 4279 Qua
2899 4212 2969 4267 de
2994 4228 3155 4266 causa
3183 4212 3342 4265 Ebra-

1771 4305 1984 4359 charins
2018 4317 2387 4374 praesentatus,
2424 4305 2646 4359 tnultum
2675 4306 2931 4360 conviciis
2954 4314 3103 4359 actus
3142 4321 3170 4357 a
3196 4318 3343 4373 rege,

1769 4413 1801 4463 _a
1834 4401 2113 4466 praesentia
2140 4398 2256 4465 ejus
2285 4398 2564 4453 discedere
2606 4398 2783 4468 jussus
2831 4410 2931 4463 est,
2988 4396 3345 4452 Uviliachario

115 4483 236 4535 enim
265 4484 328 4534 ad
356 4496 479 4535 eum
507 4481 717 4535 obviam
748 4481 1028 4548 cpiscopus
1073 4480 1265 4547 regalis
1294 4480 1518 4534 clericos
1547 4496 1672 4534 suos
1699 4474 1752 4534 1)
1778 4493 1971 4545 comite
2004 4507 2096 4560 per
2124 4492 2270 4560 [ngas
2312 4491 2571 4546 mutante,

116 4588 219 4627 cum
245 4573 406 4645 494
453 4574 699 4627 crucibus
743 4582 796 4625 et
827 4573 1121 4640 psallentio,
1175 4588 1263 4640 (μη
1294 4588 1385 4626 eos
1412 4588 1580 4642 usque
1606 4574 1671 4626 ad

117 4665 279 4719 urbem
322 4664 678 4717 deduxerunt.
713 4663 976 4716 Ferebant
1013 4668 1174 4717 etiam
1206 4664 1420 4731 quidam
1449 4680 1514 4717 eo
1538 4676 1672 4719 tem-

120 4768 249 4821 pore,
279 4754 419 4822 quod
456 4752 751 4805 Warochns
780 4753 830 4805 in
869 4753 1065 4805 insulas
1097 4754 1277 4822 lugere
1307 4755 1526 4822 cupiens
1551 4770 1670 4809 cum

181 4916 201 4978 ἦ·
230 4910 371 4969 Bec.,
393 4908 689 4978 judicatum
718 4920 786 4960 est
818 4908 1081 4964 Tetradiaz.

184 4974 205 5011 ιι
230 4979 346 5031 Bec.
381 4974 435 5031 tit
466 4978 677 5041 Ιὶρειιιιη
709 4980 940 5034 incestos.
972 4982 1119 5034 Cotb.
1154 4999 1249 5045 m.,
1278 4986 1471 5040 incesti.
1500 4990 1672 5044 Incer-

125 5054 212 5101 tus.
244 5049 289 5099 itl
317 5060 395 5102 est
423 5049 653 5116 spurius.

188 5126 206 5152 ε
242 5121 420 5196 Uritur
443 5135 606 5196 prope
655 5117 978 5171 Itoltanniam
1010 5121 1062 5196 in
1097 5120 1380 5196 ⁵γοηριριιδί
1429 5127 1666 5196 αἰωρθςὶ,

126 5195 261 5263 atque
288 5190 334 5269 in
365 5190 718 5269 Vicinutnalnt,
741 5202 866 5269 seu,
909 5200 980 5269 ut.
1009 5192 1162 5269 hodie
1209 5193 1418 5260 tIlt‘Illll‘,
1449 5190 1671 5269 Vagam:

128 5256 269 5340 niani,
301 5261 435 5340 haud
472 5260 653 5340 procul
678 5276 703 5340 εξ
740 5258 903 5312 Ponte
943 5260 1173 5340 gtit‘binn
1200 5256 1413 5326 deﬂuit,
1433 5279 1486 5322 et
1515 5256 1667 5340 vlulgo

129 5326 295 5382 dicitur
321 5326 533 5384 (’Aoust.
581 5328 733 5383 Unde
762 5330 1002 5409 nonnulli
1043 5342 1367 5409 recentiores
1392 5326 1664 5409 atttiquuin

130 5412 295 5452 nomen
342 5410 715 5464 mutaverunt,
762 5401 898 5452 hunc
942 5401 1157 5454 [luvium
1198 5403 1479 5475 Augustum
1524 5401 1667 5467 voci-

126 5474 294 5524 latntes.
736 5507 749 5518 .

178 5535 212 5618 "_
240 5543 384 5618 Quod
435 5540 645 5596 scilicet
686 5540 857 5607 primo
887 5540 956 5618 in
1014 5540 1331 5618 Britanniam
1389 5550 1661 5618 majorem,

124 5613 243 5687 unde
274 5614 409 5666 hunc
440 5626 647 5666 morem
677 5613 897 5663 mutuati
920 5610 1499 5687 luerantjrrupissent'.
1528 5610 1663 5687 Quin

129 5681 172 5722 ct
193 5682 442 5750 Saxones,
486 5694 543 5738 ut
592 5690 736 5752 patet
762 5696 825 5735 ex
856 5684 1010 5750 epist.
1037 5683 1068 5735 9
1099 5682 1189 5737 lib.
1226 5700 1313 5739 vni
1346 5681 1663 5758 Apollinaris

1848 4581 1912 4634 Χ.
1956 4586 2110 4636 Anno
2139 4579 2167 4618 ιι
2192 4582 2349 4650 igitur
2374 4584 2580 4636 decimo
2609 4581 2796 4651 quinto
2815 4580 3144 4635 Childeberti
3177 4579 3341 4649 regis,

1776 4674 1974 4742 quiest
2001 4674 2385 4728 Guntcbramni
2439 4689 2607 4728 nonus
2662 4684 2818 4741 atque
2865 4674 3165 4735 vicesimus,
3220 4672 3346 4724 dum

1776 4764 1889 4833 ipse
1917 4762 2348 4819 Gnntcbramnus
2390 4779 2481 4818 rex
2526 4780 2617 4834 per
2649 4764 2909 4834 Vosagum
2959 4766 3145 4819 silvam
3188 4778 3346 4817 vena-

1778 4921 2000 4984 Sidonii,
2029 4937 2175 4974 more
2208 4924 2500 4977 Brittonum
2531 4924 2665 4977 tonsi
2704 4934 2874 4977 erant.
2928 4924 3002 4977 De
3047 4924 3342 4975 Brittonum

1777 5002 1990 5045 tonsura
2022 4993 2106 5043 adi
2139 4993 2402 5047 Mabillon.
2439 4996 2489 5047 in
2523 4993 2667 5057 θηρί’.
2702 5009 2825 5046 sec.
2860 5009 2915 5045 Ill
2946 4995 3063 5046 Act.
3096 4994 3189 5047 SS.
3221 4992 3340 5046 0rd.

1774 5064 1959 5125 nostri,
1993 5074 2124 5130 part.
2160 5080 2204 5126 ι,
2249 5079 2308 5115 ea
2337 5065 2402 5115 de
2430 5080 2485 5116 rc
2512 5063 2677 5117 fusius
2697 5064 3070 5116 disserentem.

1808 5142 1869 5253 be
1911 5135 1999 5187 Sic
2022 5133 2200 5187 Casin.
2223 5151 2235 5197 ;
2258 5134 2458 5195 caeteri,
2488 5144 2835 5201 cessatumque
2864 5142 2935 5184 est
2964 5131 3155 5184 abillo.
3190 5131 3342 5197 Bec.,

1863 5219 1939 5253 eo.

1771 5218 1835 5253 an
1863 5219 1939 5256 80.

1848 5271 1867 5310 ί
1910 5274 1963 5325 1η
1988 5272 2171 5341 Regni.
2198 5274 2371 5333 deest,
2400 5274 2547 5326 multi

1848 5352 1873 5390 ι
1915 5343 2189 5407 Meduana,
2231 5347 2282 5397 la
2313 5343 2581 5414 Mayenne,
2618 5341 2803 5395 [Invitis
2830 5351 2930 5406 est,
2958 5357 3112 5411 quem
3154 5343 3224 5394 ob
3251 5359 3341 5397 ra-

1774 5414 2045 5478 piditatem
2095 5415 2380 5481 GregOrius
2427 5422 2710 5468 torrentem
2758 5414 3007 5480 appellat.
3052 5415 3231 5466 Oritur
3282 5419 3337 5470 in

1771 5483 2110 5547 Cenomanis,
2154 5494 2209 5539 et
2248 5486 2447 5552 aliquot
2474 5482 2796 5539 aliis'ﬂuviis
2825 5493 3033 5548 auctus,
3063 5482 3196 5539 infra
3229 5488 3339 5539 An-

1774 5555 2033 5624 degavutn
2059 5555 2228 5624 Ligeri
2264 5566 2535 5610 miscetur.

1780 5694 1816 5746 ν
1842 5622 1955 5749 ιὶἦδ
1984 5636 2067 5682 est
2091 5622 2177 5682 an.
2210 5628 2333 5683 590.
2390 5626 2545 5682 Deest
2592 5626 2704 5681 hoc
2730 5635 2885 5696 caput
2926 5626 2977 5681 in
3021 5626 3172 5683 Culb.
3208 5642 3256 5679 a.
3288 5634 3345 5683 et

1822 5712 1848 5747 il
1881 5734 1894 5748 ο

1822 5712 1894 5748 ill.
