3942 6190
612 276 714 333 539

1566 286 1624 342 S.
1657 283 1985 343 GREGOBII
2026 281 2330 338 EPISCOPI
2370 283 2794 343 TURONENSIS

3750 298 3858 353 540

610 401 804 447 tionem
830 407 1124 464 exerceret,
1155 398 1372 471 vestigia
1396 400 1558 454 occisi
1589 401 1764 453 bubali
1804 398 2173 469 deprehendit.
2207 400 2253 456 A
2284 397 2395 451 lans
2426 408 2480 452 ut
2507 400 2554 453 ei
2587 400 2768 456 liceret
2799 403 2847 455 in
2893 404 3063 457 locum
3109 405 3292 458 matris
3320 422 3427 459 su'e
3472 411 3858 465 monasterium:

607 484 844 552 Cumque
874 487 1150 543 custodem
1200 490 1349 546 silvae
1398 493 1595 545 arctius
1650 493 2011 560 distringeret,
2062 492 2178 560 quis

608 579 720 631 haec
750 578 801 631 in
835 580 997 648 regali
1033 581 1173 635 silva
1216 597 1403 651 gerere
1443 585 1887 652 prmsumpsisset,
1927 583 2180 637 Chundo-

606 683 727 720 nem
758 669 1134 725 cubicularium
1170 674 1308 741 regis
1342 674 1588 742 prodidit.
1621 677 1735 741 Quo
1771 676 1882 728 hinc
1907 676 2178 744 loquente,

603 759 757 826 jussit
822 776 942 814 eum
986 764 1335 831 apprehendi,
1366 776 1420 820 et
1468 766 1801 820 Cabillonum
1843 778 2205 835 compactum-

603 852 655 903 in
710 853 935 907 vinculis
981 855 1123 910 duci.
1176 856 1418 925 Cumque
1483 867 1704 927 uterque
1772 860 1823 912 in
1881 859 2169 927 praesentia

604 943 742 1012 regis
772 944 1108 999 intenderent
1126 955 1172 1009 ⁸,
1202 958 1256 1001 et
1275 948 1498 1001 Chundo
1521 948 1745 1013 diceret,
1771 965 2038 1017 nunquam
2067 963 2095 1001 a
2114 964 2175 1004 se

608 1032 721 1088 hinc
766 1048 1085 1106 praesumpta
1116 1055 1233 1106 qua:
1277 1039 1683 1108 objiciebantur,
1739 1055 1828 1094 rex
1878 1055 2119 1108 campum
2151 1040 2175 1077 δ

601 1125 876 1193 dijudicat.
910 1126 1057 1182 Tunc
1085 1129 1441 1183 cubicularius
1470 1128 1558 1184 ille
1597 1130 1721 1185 dato
1750 1139 1941 1199 nepote
1970 1144 2067 1199 pro
2093 1144 2173 1194 se,

603 1217 691 1282 qui
725 1217 824 1270 hoc
866 1230 1137 1273 certamen
1183 1221 1377 1286 adiret,
1412 1221 1465 1274 in
1508 1236 1698 1289 campo
1739 1232 1964 1291 uterque
2015 1232 2173 1276 stete-

601 1317 752 1370 runt;
775 1308 1019 1378 jactaqne
1042 1325 1169 1377 puer
1192 1311 1277 1365 ille
1305 1312 1484 1364 lancea
1512 1326 1671 1381 super
1699 1311 1973 1365 custodem
2003 1312 2172 1375 silvae,

602 1399 788 1466 pedem
818 1400 933 1469 ejus
967 1402 1242 1470 transligit,
1288 1417 1518 1472 moxque
1564 1404 1843 1469 resupinus
1871 1407 1991 1458 ruit.
2037 1408 2172 1459 Puer

600 1507 727 1546 vero
752 1504 994 1550 extracto
1018 1497 1189 1550 cultro
1212 1498 1297 1564 qui
1324 1496 1390 1551 de
1420 1498 1632 1567 cingulo
1660 1497 2013 1566 dependebat,
2042 1499 2167 1552 dum

600 1588 795 1641 collum
827 1591 1025 1642 ruentis
1048 1589 1280 1644 incidere
1312 1599 1497 1654 tentat,
1530 1590 1703 1643 cultro
1730 1590 1947 1644 sauciati
1987 1600 2170 1645 ventre

600 1678 985 1732 transfoditur:
1016 1679 1435 1748 cecideruntque
1473 1680 1652 1745 ambo,
1700 1689 1752 1734 et
1798 1681 1991 1733 mortui
2022 1691 2164 1734 sunt.

2284 500 2489 554 regere.
2523 489 2631 542 Rex
2665 505 2790 543 vero
2818 492 3013 546 oblitus
3035 492 3217 562 jutlicii
3247 496 3383 563 quod
3426 497 3581 549 matri
3609 498 3723 565 ejus
3772 501 3853 553 fe-

2282 592 2450 644 cerat,
2486 582 2606 635 huic
2633 584 2790 638 aliam
2824 588 3229 654 praeceptionem
3272 604 3457 642 manus
3488 605 3598 643 sum
3636 592 3857 647 robora-

2284 682 2387 725 tam
2428 674 2816 744 subscriptione
2855 678 3071 749 largitus
3115 690 3215 745 est,
3260 681 3371 734 ha:c
3404 683 3761 736 continentem
3794 694 3856 737 ut

2282 781 2365 819 res
2396 782 2579 821 omnes
2610 784 2742 838 quas
2766 780 2935 824 mater
2958 773 3036 824 vel
3071 781 3219 838 pater
3245 771 3360 841 ejus
3404 772 3721 840 habuerant,
3752 789 3853 827 suo

2279 855 2514 910 dominio
2541 858 2860 927 subiugaret,
2885 870 2937 912 et
2965 861 3215 930 quidquid
3248 864 3570 917 monasterio
3596 863 3850 933 Ingeltru-

2277 945 2360 999 dis
2410 946 2699 1016 reliquerat
2751 950 3065 1004 auferretur.
3114 951 3242 1005 Cum
3290 967 3395 1022 quo
3443 963 3712 1022 praecepto
3759 971 3851 1009 ve-

2278 1035 2449 1100 niens,
2482 1038 2549 1089 ita
2578 1047 2819 1092 cunctam
2847 1040 3223 1106 supellectilem
3253 1042 3564 1096 monasterii
3592 1045 3805 1097 abstulit
3824 1083 3843 1110 ,

2278 1138 2337 1180 ut
2366 1128 2493 1179 nihil
2546 1127 2678 1181 inira
2739 1138 2928 1193 pra'ter
2978 1146 3171 1185 vacuos
3223 1132 3541 1201 relinqueret
3592 1135 3838 1202 parietes,

2276 1218 2531 1285 colligens
2575 1234 2753 1272 secum
2796 1220 3124 1275 diversorum
3163 1222 3441 1275 criminum
3491 1239 3632 1287 reos,
3686 1235 3842 1293 atque

2276 1308 2329 1360 in
2359 1310 2708 1364 seditionibus
2739 1321 3102 1379 praeparatos:
3134 1314 3221 1382 qui
3264 1316 3308 1368 si
3350 1315 3472 1383 quid
3503 1327 3617 1369 erat
3652 1317 3721 1371 de
3748 1319 3843 1371 vil-

2274 1400 2336 1453 lis
2361 1398 2385 1436 δ
2411 1402 2624 1471 reliquis
2650 1408 2786 1469 quod
2812 1405 3028 1459 devotio
3045 1406 3283 1471 dederat,
3308 1407 3840 1463 lrnctumauferreut.

2273 1491 2543 1561 Tantaque
2571 1493 2640 1547 ibi
2681 1494 2839 1565 497
2869 1496 3004 1549 mala
3050 1501 3230 1567 gessit,
3272 1515 3387 1566 quae
3436 1499 3523 1553 vix
3553 1517 3617 1554 ex
3650 1502 3838 1558 ordine

2274 1595 2489 1650 possent
2529 1586 2751 1639 narrari.
2806 1586 2927 1640 Haec
2967 1602 3114 1652 vero,
3144 1590 3372 1656 acceptis
3402 1589 3483 1643 his
3514 1593 3675 1646 rebus
3717 1607 3846 1661 quas

2270 1672 2524 1740 diximus,
2558 1679 2608 1728 in
2653 1676 2920 1730 I’ictavum
2979 1679 3152 1744 rediit,
3203 1680 3362 1733 multa
3425 1683 3474 1733 in
3526 1680 3844 1736 abbatissam

599 1771 749 1835 Quod
781 1770 962 1825 videns
1005 1770 1250 1835 Cbundo,
1297 1770 1361 1824 ad
1394 1771 1662 1824 basilicam
1712 1772 1876 1824 sancti
1934 1771 2164 1825 Marcelli
2201 1771 2242 1830 Β
2268 1765 2485 1820 crimina
2512 1780 2729 1820 vomens
2760 1768 2907 1834 falsa,
2938 1785 3054 1837 qua:
3093 1786 3277 1839 parens
3315 1770 3429 1839 ejus
3463 1773 3701 1840 proxima
3738 1774 3832 1827 ha-

598 1862 773 1931 l'ugam
800 1863 936 1917 iniit.
967 1864 1306 1918 Acclamante
1330 1880 1456 1918 vero
1485 1880 1607 1932 rege
1658 1874 1710 1917 ut
1748 1864 2171 1933 comprehende-

598 1964 763 2020 retur,
794 1955 1098 2024 priusquam
1139 1956 1299 2008 limen
1326 1967 1564 2009 sanctutu
1597 1958 1897 2024 attingeret,
1930 1972 2174 2024 compre-
2227 1942 2236 1959 ί

597 2045 795 2099 hensus
816 2055 918 2107 est.
942 2046 1259 2114 vinctusque
1280 2046 1343 2097 ad
1369 2045 1602 2115 stipitem
1630 2046 1887 2113 lapidibus
1910 2058 1991 2100 est
2014 2047 2176 2100 obru-

597 2148 699 2190 tus.
731 2137 945 2191 Multum
978 2154 1035 2191 se
1062 2153 1126 2191 ex
1157 2142 1256 2190 hoc
1297 2138 1546 2206 deinceps
1572 2153 1661 2190 rex
1706 2140 1989 2205 pmnitens,
2022 2139 2175 2191 utsic

599 2244 719 2280 enim
747 2229 820 2280 ira
841 2229 1167 2295 praecipitem
1192 2229 1530 2293 relididlSScl,
1557 2238 1611 2281 ut
1632 2246 1724 2294 pro
1747 2230 1978 2295 parvulae
2000 2244 2175 2283 causa:

598 2332 764 2382 noxa,
800 2317 1009 2370 lidelem
1035 2318 1241 2385 sibique
1284 2320 1638 2372 necessarium
1684 2320 1852 2372 virum
1901 2331 2002 2372 tam
2035 2322 2175 2374 cele-

597 2413 725 2463 riter
772 2410 1148 2464 interemisset.

668 2501 753 2554 XI.
823 2501 1162 2556 Chlotharins
1208 2518 1337 2557 vero
1384 2500 1673 2570 Chilperici
1725 2504 1993 2572 quondam
2038 2504 2174 2572 regis

599 2590 735 2643 lilins
761 2592 993 2659 graviter
1018 2591 1181 2662 n96
1211 2597 1507 2662 mgrotavit,
1538 2602 1590 2645 et
1630 2593 1890 2646 intantum
1920 2594 2173 2660 despera-

597 2690 681 2732 tus
710 2688 793 2733 est
824 2679 1058 2745 habitus,
1110 2692 1167 2736 ut
1218 2684 1327 2753 regi
1384 2684 1784 2738 Guntchramno
1832 2684 2007 2737 obitus
2057 2683 2176 2754 ejus

597 2767 787 2824 fuisset
817 2773 1089 2826 nuntiatus
1123 2790 1135 2821 :
1181 2779 1322 2827 unde
1351 2771 1547 2826 factum
1583 2784 1685 2836 est,
1721 2782 1778 2826 ut
1805 2774 2081 2843 egrediens
2108 2775 2177 2829 de

591 2860 888 2932 Cabzllouo,
917 2866 1062 2934 quasi
1096 2866 1321 2920 Parisios
1354 2866 1608 2921 accedere
1633 2868 1873 2936 cupiens,
1908 2882 2076 2937 usque
2108 2870 2176 2921 ad

597 2955 855 3008 terminos
894 2958 1172 3011 Seuonicre
1212 2959 1356 3012 urbis
1383 2957 1681 3013 accederet.
1711 2958 1814 3012 Sed
1842 2972 1961 3013 cum
2002 2960 2178 3013 audis-

596 3055 676 3099 set
706 3047 1045 3101 convaluisse
1102 3064 1342 3116 poernm,
1393 3050 1459 3102 de
1508 3048 1697 3104 itinere
1746 3060 1827 3103 est
1878 3064 2173 3119 regressus.

2274 1855 2511 1909 bebatur.

2349 1947 2481 2000 XIII.
2515 1948 2605 2001 llis
2631 1957 2804 2002 autem
2833 1948 3017 2004 diebus
3045 1953 3249 2005 exstitit
3281 1953 3493 2022 quidam
3525 1954 3592 2009 de
3623 1956 3844 2025 presby-

2277 2038 2403 2091 teris
2432 2041 2647 2106 nostris,
2680 2040 2982 2095 Sadducaza:
3013 2043 3350 2111 malignitatis
3372 2044 3595 2098 infectus
3614 2062 3840 2112 veneno,

2275 2126 2456 2180 dicens
2488 2144 2588 2182 non
2621 2142 2740 2183 esse
2787 2128 3013 2183 futuram
3038 2133 3479 2185 resurrectionem
3514 2142 3560 2185 ε.
3608 2135 3845 2203 Cumque

2277 2231 2373 2269 nos
2401 2232 2516 2271 eam
2546 2221 2711 2273 sacris
2740 2219 2931 2274 litteris
2962 2221 3282 2288 praedictam,
3316 2234 3368 2275 et
3396 2224 3705 2291 apostolicae
3736 2235 3843 2279 tra-

2278 2309 2493 2364 ditionis
2539 2314 2852 2366 auctoritate
2900 2322 3245 2367 monstratam
3305 2313 3712 2380 affirmaremus,
3758 2333 3844 2371 re-

2275 2400 2485 2464 apondit
2520 2418 2532 2451 :
2563 2400 2895 2455 Manifestum
2927 2415 3007 2456 est
3039 2403 3138 2457 hoc
3160 2405 3368 2458 celebre
3400 2403 3542 2471 ferri,
3594 2408 3687 2461 sed
3713 2409 3845 2462 certi

2276 2504 2380 2541 non
2408 2504 2589 2545 sumus
2620 2503 2791 2546 utrum
2821 2494 2909 2557 sit,
2945 2510 3009 2547 an
3042 2510 3165 2559 nou,
3197 2498 3483 2563 prtesertim
3514 2512 3631 2550 cum
3660 2499 3847 2553 Domi-

2280 2596 2379 2635 nus
2409 2583 2578 2635 iratus
2609 2587 2779 2651 primo
2808 2583 3009 2638 homini
3040 2601 3196 2654 quem
3230 2603 3384 2639 manu
3423 2601 3565 2641 sacra
3608 2590 3849 2655 plasma-

2278 2685 2444 2738 verat,
2487 2676 2678 2730 dixerit
2705 2694 2719 2730 :
2754 2676 2818 2730 In
2845 2679 3027 2732 sudore
3051 2679 3216 2732 vultus
3244 2681 3316 2733 tui
3343 2681 3546 2734 vesceris
3575 2698 3709 2751 pane
3736 2694 3848 2745 tuo,

2276 2772 2432 2823 donec
2458 2773 2719 2825 revertaris
2743 2773 2794 2825 in
2838 2782 3023 2825 terram
3081 2773 3142 2824 de
3182 2790 3284 2843 qua
3329 2785 3556 2841 sumptus
3601 2792 3651 2829 es
3682 2792 3701 2829 :
3728 2779 3851 2844 quia

2282 2860 2445 2926 pulvis
2466 2876 2539 2925 es,
2571 2861 2691 2913 etin
2724 2860 2975 2930 pulverem
3002 2863 3263 2915 reverteris
3291 2861 3438 2933 (Gen.
3464 2879 3543 2923 Ill,
3576 2866 3664 2932 19)
3713 2868 3849 2933 Quid

2281 2952 2345 3004 ad
2379 2950 2490 3004 haec
2538 2951 2947 3018 respondebitis,
2994 2953 3082 3021 qui
3126 2954 3566 3008 resurrectionem
3621 2956 3852 3013 futuram

2286 3043 2628 3111 praedicatis;
2673 3059 2793 3096 cum
2839 3044 2890 3097 in
2936 3046 3206 3113 pulverem
3252 3047 3525 3100 redactum
3580 3048 3852 3103 hominem

599 3133 705 3187 Sed
734 3148 853 3188 cum
885 3150 1003 3188 eum
1058 3135 1421 3206 Fredegundis
1465 3148 1635 3190 mater
1679 3138 1795 3207 ejus
1835 3138 2169 3207 desperatum
2200 3133 2246 3198 C
2278 3149 2554 3202 resurgere
2578 3135 2801 3188 ulterius
2824 3133 3070 3189 divinitas
3100 3152 3201 3189 non
3233 3136 3546 3205 promittat?
3575 3136 3669 3192 Cui
3702 3155 3805 3209 ego
3838 3160 3851 3194 :

598 3223 834 3288 vidisset,
870 3226 1091 3278 multum
1134 3227 1368 3294 pecuniae
1396 3228 1460 3280 ad
1500 3228 1771 3283 basilicam
1820 3230 1991 3284 sancti
2023 3231 2164 3283 illar-

601 3318 695 3372 tiui
728 3320 888 3381 vovit,
915 3329 967 3373 et
988 3319 1065 3373 sic
1095 3335 1224 3387 puer
1265 3322 1451 3373 melius
1478 3336 1637 3389 agere
1677 3324 1823 3373 visus
1852 3330 1950 3372 est.
1984 3321 2088 3373 Sed
2119 3330 2171 3373 et

598 3407 664 3459 ad
699 3406 1020 3461 Warorhum
1064 3411 1277 3463 nuntios
1307 3411 1503 3480 dirigit,
1539 3420 1595 3464 ut
1638 3410 1726 3479 qui
1773 3409 1943 3463 adhuc
1974 3412 2025 3465 in
2061 3413 2171 3464 Bri-

597 3502 792 3554 tanniis
820 3501 887 3555 de
916 3502 1150 3557 exercitu
1195 3505 1577 3557 Cuntcbramni
1611 3501 1749 3571 regis
1787 3503 2166 3568 retinebantur,

596 3608 692 3659 pro
724 3592 878 3657 hujus
928 3593 1031 3645 vita
1078 3595 1501 3655 absolverentur,
1558 3594 1697 3661 quod
1751 3594 1820 3646 ita
1874 3592 2169 3647 Warochus

594 3682 834 3750 implevit
864 3700 876 3735 :
902 3686 1040 3737 unde
1061 3684 1453 3739 manifestatum
1479 3696 1580 3749 est,
1615 3685 1772 3755 hujus
1801 3686 2034 3739 mulieris
2062 3688 2161 3737 col-

598 3774 765 3840 ludio,
801 3784 855 3827 et
881 3775 1239 3845 Beppolenum
1268 3776 1601 3831 interfectum
1629 3791 1770 3841 esse,
1801 3788 1854 3831 et
1875 3777 2168 3832 exercitum

594 3866 760 3920 fuisse
788 3867 1053 3922 collisum.

666 3958 776 4014 XII.
822 3961 1134 4030 lngeltrutlis
1171 3972 1191 3999 ο
1221 3976 1344 4016 vero
1368 3963 1632 4032 religiosa,
1664 3980 1799 4032 qua},
1832 3974 1887 4017 ut
1914 3965 1966 4016 in
1996 3979 2153 4031 supe-

595 4053 825 4107 rioribus
872 4055 1019 4108 libris
1063 4055 1428 4122 exposuimus,
1462 4056 1512 4108 in
1544 4057 1680 4108 atrio
1706 4058 1875 4108 sancti
1932 4055 2165 4116 Martini,

594 4143 888 4212 puellarum
934 4146 1313 4198 monasterium
1368 4146 1669 4209 collocavit,
1728 4161 1847 4197 cum
1904 4155 2165 4210 aegrotare

587 4238 860 4305 coepisset,
897 4246 1107 4306 neptem
1154 4254 1303 4290 suam
1348 4238 1670 4290 abbatissam
1700 4236 1929 4288 instituit
1964 4253 1975 4286 :
2030 4236 2169 4288 unde

591 4327 793 4396 reliqua
826 4332 1165 4399 congregatio
1207 4330 1435 4382 maxime
1485 4326 1852 4388 mnrmuravit,
1891 4327 1985 4379 sed
2018 4328 2167 4379 nobis

592 4419 986 4487 increpantibus
1008 4423 1238 4474 cessavit
1266 4437 1294 4473 a
1338 4418 1533 4489 jurgio.
1583 4418 1704 4470 "(BC
1736 4430 1862 4469 vero
1892 4432 2012 4468 cum
2058 4418 2165 4471 lilia

2273 3227 2408 3293 Quid
2437 3226 2506 3280 de
2533 3227 2631 3297 hac
2656 3241 2833 3288 causa,
2866 3228 2948 3279 vel
2973 3228 3137 3294 ipsius
3166 3229 3372 3282 Domini
3397 3243 3444 3281 et
3477 3229 3855 3300 Redemptoris

2273 3319 2461 3386 nostri,
2497 3320 2575 3371 vel
2611 3328 2817 3385 patrum
2842 3321 3288 3387 praedecessorum
3338 3322 3501 3374 verba
3546 3324 3852 3389 loquantur,

2275 3410 2473 3463 nullum
2506 3410 2883 3465 catholicorum
2928 3413 3133 3464 nescire
3183 3428 3324 3465 reor.
3373 3415 3501 3467 liam
3551 3414 3603 3467 in
3655 3413 3856 3470 Genesi

2272 3518 2393 3557 cum
2423 3514 2598 3572 patres
2622 3504 2851 3563 obirent,
2906 3504 3081 3557 aiebat
3106 3504 3359 3559 Dominus
3384 3526 3395 3558 :
3424 3508 3499 3561 Tu
3528 3520 3699 3563 autem
3723 3528 3855 3564 con-

2270 3596 2552 3665 gregoberis
2603 3596 2670 3647 ad
2709 3596 2951 3664 populum
3001 3608 3159 3647 tuum.
3206 3596 3445 3666 Sepultus
3495 3602 3548 3652 iu
3592 3612 3854 3655 senectute

2272 3684 2400 3737 bona
2441 3684 2591 3752 (Gen.
2629 3702 2753 3749 xxv,
2792 3684 2867 3754 8).
2914 3688 2976 3739 Et
3006 3688 3070 3739 ad
3115 3688 3243 3741 Cain
3291 3689 3484 3742 dicitur
3528 3709 3539 3743 :
3575 3691 3710 3756 Quia
3756 3709 3857 3747 vox

2270 3778 2535 3843 sanguinis
2567 3779 2740 3845 fratris
2781 3778 2854 3829 tui
2882 3778 3071 3831 clamat
3100 3780 3167 3831 ad
3197 3797 3275 3833 me
3316 3782 3378 3834 de
3407 3792 3542 3834 terra
3589 3782 3741 3852 (Gen.
3780 3802 3851 3850 tv,

2278 3866 2381 3934 l0).
2419 3867 2567 3921 Unde
2596 3868 2790 3937 liquido
2820 3882 3056 3938 apparet,
3083 3874 3259 3926 vivere
3285 3875 3488 3927 animas
3521 3886 3635 3941 post
3657 3893 3853 3945 egres-

2272 3976 2389 4014 sum
2421 3963 2682 4028 corporis,
2731 3972 2888 4031 atque
2918 3965 3358 4019 resurrectionem
3408 3966 3636 4019 Iutnram
3671 3970 3852 4021 inten-

2272 4055 2338 4106 tis
2369 4054 2596 4107 vultib‘lrs
2632 4057 2948 4122 praestolari.
2984 4057 3086 4111 Sed
3114 4070 3166 4110 ct
3196 4059 3261 4112 de
3287 4060 3386 4111 Job
3435 4064 3690 4129 scriptum
3740 4075 3850 4129 est,

2270 4150 2391 4214 quia
2418 4158 2787 4198 resurrecturus
2814 4158 2887 4199 est
2917 4149 2966 4198 in
2993 4152 3357 4201 resurrectione
3404 4162 3741 4203 mortuorum.
3785 4154 3851 4207 Et

2272 4240 2526 4304 prOpheta
2562 4236 2745 4301 David,
2783 4236 2904 4289 licet
2935 4251 2996 4290 ex
3027 4253 3251 4304 persona
3286 4239 3516 4303 Domini,
3553 4252 3727 4295 tamen
3761 4260 3850 4295 re.

2271 4326 2657 4380 surrectioneui
2713 4326 3031 4394 prmvideus,
3078 4330 3192 4381 ait:
3229 4329 3477 4398 Nunquid
3522 4334 3609 4397 qui
3659 4335 3851 4386 dormit

2272 4436 2371 4472 non
2400 4420 2607 4490 ndjiciet
2650 4429 2703 4470 ut
2748 4420 3166 4491 resurgat(Psal.
3198 4439 3283 4485 xc,
3314 4423 3415 4491 9)?
3456 4423 3556 4477 hoc
3602 4435 3706 4487 est,
3750 4430 3851 4492 Qui

590 4509 913 4565 discordiam
941 4523 1147 4574 tenens,
1192 4528 1286 4580 pro
1312 4527 1374 4564 eo
1405 4510 1543 4577 quod
1585 4524 1672 4562 res
1698 4523 1822 4561 suas
1851 4508 1901 4562 ei
1931 4509 2168 4564 abstule-
2200 4515 2248 4573 ι)
2276 4511 2461 4562 mortis
2492 4525 2681 4562 somno
2727 4509 3063 4578 opprimitur,
3094 4528 3196 4564 non
3243 4522 3325 4567 est
3352 4524 3607 4567 venturus
3650 4517 3715 4567 ad
3767 4535 3851 4571 re-

590 4611 692 4665 rat,
722 4601 1020 4655 obsecravit
1044 4611 1099 4653 ut
1130 4618 1302 4670 neque
1333 4602 1382 4652 in
1407 4597 1729 4653 monasterio
1751 4597 1890 4666 quod
1916 4598 2160 4663 instituit,

591 4707 763 4761 neque
796 4708 954 4760 super
1009 4698 1307 4762 sepulcrum
1368 4691 1482 4761 ejus
1538 4692 1935 4759 permitteretur
1983 4706 2159 4744 orare.

589 4786 718 4851 Quae
745 4787 1121 4855 octuagesimo,
1153 4797 1210 4839 ut
1239 4786 1446 4851 opinor,
1479 4799 1618 4837 anno
1645 4784 1767 4837 vitze
1804 4783 1956 4848 obiit,
1989 4783 2163 4852 sepul-

592 4888 749 4949 taque
778 4890 857 4933 est
885 4880 1109 4947 septimo
1151 4880 1271 4933 Idus
1304 4878 1500 4932 mensis
1533 4877 1683 4945 primi
1742 4876 1759 4947 [
1789 4875 1959 4929 Martii
1989 4875 2018 4945 ι.
2058 4875 2160 4929 Sed

592 4972 808 5024 veniens
857 4970 960 5023 ﬁlia
983 4970 1098 5036 ejus
1156 4970 1538 5033 Berthegundis
1585 4968 1835 5031 Turonis,
1890 4981 2008 5021 cum
2060 4981 2162 5019 non

590 5060 773 5115 fuisset
802 5074 1045 5132 excepta,
1080 5063 1144 5116 ad
1167 5062 1565 5115 Ctiildehertnm
1592 5075 1769 5129 regem
1793 5058 1946 5124 abiit,
1981 5065 2166 5127 postu—

661 5249 687 5312 ξι
729 5240 779 5293 In
809 5252 888 5294 est
916 5244 1296 5304 contenderent,
1332 5250 1387 5293 ut
1414 5239 1573 5291 habet
1603 5236 1787 5312 Regni.
1914 5302 1924 5312 ι
1952 5303 1961 5312 _

659 5308 685 5346 δ
729 5312 996 5376 Ejusmodi
1028 5302 1313 5365 certamina
1347 5312 1397 5363 in
1428 5324 1618 5374 campo
1651 5308 1866 5367 liehant,
1914 5302 2035 5355 hinc
2064 5317 2157 5369 μυ·

589 5380 720 5446 giles
749 5384 873 5435 dicti
902 5393 1025 5435 sunt
1054 5386 1376 5445 canipiones.
1410 5383 1481 5434 De
1510 5379 1699 5431 duellis
1728 5377 1847 5428 vide
1878 5389 2033 5440 sopru
2069 5390 2161 5423 no-

590 5461 668 5500 tas
698 5452 744 5501 in
775 5467 892 5518 cap.
934 5453 993 5504 lli
1018 5453 1107 5504 lib.
1136 5468 1224 5504 vn.
1646 5518 1655 5521 _
2109 5511 2119 5521 _

663 5529 684 5555 ε
730 5521 837 5573 lloc
861 5534 1022 5588 caput
1049 5534 1102 5575 et
1145 5526 1376 5588 quinque
1419 5518 1689 5586 sequentia
1725 5530 1825 5565 neu
1858 5522 2068 5566 exstant
2108 5518 2158 5563 in

592 5586 742 5659 Colb.
777 5604 825 5642 a.
849 5603 901 5643 et
933 5586 1050 5644 ‘Vat.
1086 5586 1173 5645 lle'
1203 5586 1503 5659 lngeltrude
1526 5599 1699 5641 actmn
1734 5595 1818 5638 est
1855 5600 2014 5651 supra
2048 5588 2160 5635 [use

592 5658 683 5730 lib.
713 5674 785 5723 ix,
816 5675 934 5730 cap.
979 5661 1067 5712 53.

659 5729 687 5765 ⁴
726 5723 897 5784 (ὶυιυί
923 5750 970 5783 ιιι
1005 5772 1019 5788 .
1048 5732 1108 5783 de
1133 5729 1345 5782 rillabus
1373 5727 1576 5794 reliquis
1618 5729 1753 5793 quod
1796 5726 1958 5775 devoti
2005 5723 2160 5776 ἀκειρ-

2268 4602 2687 4656 surroctionem?
2715 4602 2781 4655 Et
2802 4603 2963 4657 Isaias
2987 4602 3142 4673 (lsai.
3168 4604 3305 4673 66.),
3330 4606 3469 4674 quod
3497 4607 3564 4660 de
3587 4608 3851 4674 sepulcris

2270 4695 2620 4749 resurrecturi
2652 4704 2775 4749 sunt
2806 4696 3022 4759 tnortni,
3045 4696 3217 4749 ιιοοι-ι.
3240 4696 3344 4750 Sed
3376 4707 3425 4749 ct
3453 4697 3703 4752 Ezechiel
3729 4717 3850 4767 pro-

2270 4786 2424 4853 pheta
2456 4783 2668 4854 (Ezech.
2700 4785 2810 4848 57),
2841 4800 2959 4837 cum
2988 4800 3105 4838 ossa
3137 4785 3281 4837 arida
3315 4785 3523 4839 obtecta
3549 4799 3694 4851 cute,
3728 4806 3851 4842 uer-

2270 4875 2350 4927 vis
2387 4875 2644 4938 solidata,
2697 4876 2845 4928 veuis
2890 4875 3114 4941 infecta,
3149 4876 3307 4929 llaute
3350 4879 3538 4944 spiritu
3584 4883 3846 4938 animata.

2271 4966 2613 5019 rel'ormatum
2642 4965 2909 5019 hominem
2951 4977 3249 5029 enarraret,
3282 4966 3721 5025 manifestissime
3769 4989 3851 5025 re-

2272 5056 2655 5110 surrectionem
2687 5055 2916 5110 futuram
2945 5056 3173 5112 edocuit.
3206 5060 3308 5112 Sed
3340 5069 3393 5112 et
3432 5059 3561 5113 illml
3619 5062 3849 5125 manife—

2260 5238 2394 5280 raut.
2430 5227 2583 5289 Bad.,
2612 5227 2852 5280 viltarum
2880 5230 3126 5298 reliquiis.

2340 5309 2362 5335 ε
2398 5299 2855 5351 Ilesnrrectionein
2891 5303 3069 5351 carnis
3100 5300 3324 5350 futuram
3357 5299 3408 5351 in
3438 5299 3662 5352 dubium
3698 5318 3851 5355 revo—

2265 5379 2476 5421 caverat
2507 5368 2665 5435 paulo
2693 5378 2848 5421 antea
2886 5371 3172 5437 Iintychins
3208 5370 3373 5434 episc.
3422 5372 3527 5422 ΕΡ.
3584 5387 3613 5422 a
3665 5384 3851 5425 sancto

2266 5438 2526 5507 Ηίθεοι-ῆι)
2559 5450 2681 5489 tunc
2710 5439 2778 5489 ibi
2810 5439 3034 5497 decente
3066 5440 3343 5492 relutatus.
3392 5441 3646 5493 Eamdetn
3679 5442 3850 5494 htrre-

2267 5510 2365 5562 sim
2395 5510 2480 5561 alii
2513 5523 2724 5576 quoque
2753 5507 2803 5559 in
2834 5508 2992 5561 variis
3024 5509 3325 5576 regionibus
3354 5513 3742 5577 sequebantur.
3779 5514 3850 5566 De

2267 5596 2367 5647 qua
2397 5578 2595 5632 vitlesis
2639 5578 2997 5647 praefationem
3031 5581 3083 5632 in
3110 5581 3408 5633 versionem
3436 5580 3698 5634 Gallicam
3729 5584 3849 5636 Dia-

2269 5646 2502 5714 Iogorum
2533 5651 2699 5701 sancti
2728 5646 2966 5715 Gregorii
2995 5656 3060 5702 ali
3090 5666 3195 5701 uno
3221 5668 3251 5702 e
3275 5660 3453 5704 nostra
3477 5654 3651 5706 sani-ti
3683 5654 3847 5707 Mauri

2265 5719 2690 5788 coogregatione,
2720 5735 2857 5772 anno
2889 5719 3020 5774 1689
3054 5721 3267 5775 editam.
