3942 6190
166 280 257 336 Sil

1057 282 1373 340 HISTORIA
1414 280 1865 341 FRANCORIJM.
1905 282 2110 339 LIBER
2151 281 2467 340 DECIMUS.

3327 287 3432 343 5‘2

170 404 275 449 tum
306 393 406 450 luit
456 394 878 451 resurrectionis
919 394 1195 462 indicium,
1239 397 1378 467 quod
1424 397 1601 453 Elisaei
1644 395 1753 467 (IV
1783 395 1935 460 Adit
1966 396 2305 466 Unigenitum
2349 397 2540 451 Filium
2576 397 2695 462 Dei,
2730 406 2905 453 tamen
2944 407 3335 456 resurrecturus
3378 399 3431 453 in

177 485 297 555 Reg.
326 500 446 550 xm,
473 485 570 555 21)
624 500 745 541 ossa
776 495 1000 557 tangens
1026 488 1344 542 exsunctum
1367 488 1615 549 cadaver,
1647 487 1751 541 vir-

176 576 293 630 tutis
312 575 506 630 eﬁ‘ectu
541 577 793 630 revixerit
822 594 837 631 :
868 576 1007 647 quod
1028 576 1195 646 ipsius
1222 577 1449 641 Domini,
1473 578 1636 649 498
1662 577 1754 647 qui

175 678 252 723 est
283 669 676 739 primogenitus
709 679 1063 735 mortuorum,
1096 682 1419 726 resurrectio
1450 672 1756 725 manifesta-

173 760 278 814 vit:
311 760 401 829 qui
432 761 591 814 tnorti
625 772 852 814 mortem
882 761 1080 825 intulit,
1125 771 1173 815 et
1207 763 1274 815 de
1303 762 1548 830 sepulcro
1592 761 1752 814 vitam

170 853 393 906 mortuis
422 850 731 906 reformavit
758 851 940 923 (Apoc.
989 868 1027 918 ι,
1061 851 1138 922 5).
1166 853 1246 906 Ad
1292 853 1405 907 haec
1432 852 1707 923 presbyter
1739 870 1751 905 :

168 945 321 1011 Quod
356 944 615 999 Dominus
661 945 713 998 in
746 954 1022 1014 assumpto
1054 946 1271 1001 homine
1314 954 1553 1000 mortuus
1597 944 1757 999 fuerit

166 1048 226 1090 ac
252 1036 631 1095 resurrexerit.
662 1051 766 1089 non
798 1035 1011 1105 ambigo
1041 1053 1053 1087 :
1087 1035 1216 1089 illud
1243 1045 1439 1104 tamen,
1470 1035 1609 1105 quod
1634 1034 1757 1089 reli-

166 1126 252 1194 qui
282 1138 570 1195 resurgant
602 1127 821 1187 mortui,
852 1141 955 1179 non
984 1123 1230 1179 admitto.
1258 1126 1323 1180 Et
1343 1141 1441 1194 ego
1472 1142 1485 1179 :
1536 1126 1601 1180 Et
1638 1140 1757 1194 qua:

166 1218 264 1272 luit
302 1219 600 1273 necessitas
627 1218 761 1271 Filio
793 1216 886 1271 Dei
915 1216 983 1272 de
1010 1217 1148 1270 ctelo
1169 1215 1515 1281 descendere,
1541 1232 1756 1271 carnem

169 1324 470 1374 assumere,
523 1321 750 1363 mortem
781 1308 952 1371 adire,
984 1306 1192 1363 inferna
1221 1317 1522 1377 penetrare,
1555 1309 1658 1364 nisi
1704 1317 1761 1363 ut

166 1402 441 1457 hominem
502 1417 659 1470 quem
715 1402 1099 1469 p‘asmaverat,
1162 1415 1265 1453 non
1318 1400 1653 1463 permitteret
1706 1400 1756 1453 in

168 1504 337 1549 tuorte
370 1503 630 1563 perpetua
662 1490 1000 1560 derelinqui?
1033 1491 1138 1547 Sed
1167 1500 1221 1543 et
1247 1493 1513 1559 justorum
1544 1490 1758 1566 animi»,

166 1602 283 1656 quae
304 1601 479 1655 usque
510 1584 811 1653 passionem
844 1583 960 1653 ejus
1001 1582 1247 1636 infernali
1301 1581 1569 1653 ergastulo
1611 1591 1761 1635 tene-

166 1680 361 1732 bantur
383 1676 630 1742 inclusae,
654 1691 717 1729 eo
741 1676 985 1729 Veniente
1009 1674 1197 1728 laxatae
1222 1682 1363 1727 sunt.
1390 1672 1521 1726 Nam
1547 1672 1761 1727 descen-

1856 504 2100 557 corpure,
2130 503 2185 544 ut
2215 491 2388 551 ipsum
2416 491 2752 559 supplicium,
2788 496 2839 545 in
2874 506 2980 561 quo
3022 491 3260 559 peccavit
3309 506 3433 545 cor-

1857 596 2005 650 pore,
2041 584 2292 649 patiatur.
2320 580 2428 636 Nec
2471 583 2610 665 enim
2643 592 2815 652 potest
2839 582 3093 651 judicium
3140 581 3275 647 lleri,
3326 581 3431 635 nisi

1857 673 2003 741 prius
2029 683 2308 742 resurgant
2338 675 2530 728 mortui
2561 691 2576 727 :
2603 675 2725 744 quia
2752 676 2888 729 sicut
2912 676 3030 729 illos
3073 675 3160 743 qui
3192 673 3430 727 del‘uucti

1858 774 1983 817 sunt
2011 765 2202 825 sancti,
2237 764 2452 829 crnlum,
2488 774 2545 818 ut
2565 764 2850 827 credimus,
2881 766 3090 825 retinet.
3116 764 3182 818 de
3199 779 3429 829 quorum

1859 856 2120 922 sepulcris
2150 857 2343 924 saepius
2372 856 2540 909 virtus
2569 855 2654 909 illa
2687 856 2958 926 procedit,
2992 864 3047 909 ut
3092 855 3158 908 de
3196 855 3278 906 his
3305 853 3433 908 eieci

1860 947 2246 1011 illuminentur,
2275 947 2449 1017 claudi
2477 962 2720 1016 gressum
2751 948 3033 1016 recipiant,
3062 945 3257 1014 leprosi
3280 960 3435 999 mun-

1859 1038 2071 1103 deutur,
2103 1049 2159 1093 et
2187 1040 2287 1092 alia
2315 1040 2600 1094 sanitatum
2651 1040 2907 1095 beneﬁcia
2954 1038 3174 1093 inﬁrmis
3204 1037 3437 1104 petenti-

1860 1129 1958 1183 bus
1986 1131 2308 1196 tribuantur,
2358 1131 2428 1184 ita
2478 1131 2744 1186 credimus
2788 1139 2844 1185 et
2893 1140 3195 1199 peccatores
3237 1130 3289 1183 in
3320 1128 3437 1182 illo

1861 1221 2109 1277 inl'ernali
2137 1237 2352 1278 carcere
2384 1239 2547 1293 usque
2573 1226 2635 1276 ad
2654 1223 2909 1293 judicium
2931 1221 3168 1278 retineri.
3201 1222 3268 1277 Et
3287 1234 3438 1290 pres-

1861 1312 2014 1383 byter
2042 1315 2116 1368 ait
2144 1331 2157 1367 :
2189 1315 2241 1368 lu
2274 1316 2477 1385 psalmo
2528 1326 2703 1369 autem
2760 1316 2982 1385 legimus
3011 1332 3025 1368 :
3058 1316 3280 1382 Spiritus
3326 1330 3437 1383 per-

1862 1405 2062 1458 transiit
2109 1404 2172 1457 ab
2227 1406 2447 1469 homine,
2499 1416 2544 1460 et
2594 1423 2697 1460 non
2751 1408 2880 1471 erit;
2923 1415 2969 1461 et
3022 1422 3121 1459 non
3174 1413 3438 1477 adgnoscet

1862 1497 2082 1565 amplius
2111 1497 2276 1549 locum
2302 1513 2448 1549 suum
2497 1495 2666 1567 (Psal.
2691 1513 2782 1562 cu,
2830 1496 2935 1563 16).
2988 1498 3095 1566 Ego
3139 1495 3247 1550 dixi
3280 1513 3292 1547 :
3329 1496 3439 1549 l‘loc

1864 1597 1946 1642 est
1971 1587 2111 1657 quod
2139 1589 2251 1656 ipse
2284 1588 2542 1643 Dominus
2587 1605 2682 1659 per
2730 1590 3034 1658 parabolam
3086 1589 3152 1644 ad
3197 1589 3437 1652 divitem,

1867 1677 1952 1745 qui
1984 1677 2210 1731 ﬂammis
2243 1678 2488 1733 tartareis
2514 1681 2870 1743 cruciabatur,
2899 1680 3109 1734 dicebat
3144 1697 3155 1730 τ
3193 1679 3440 1749 llecepisti

166 1771 297 1825 deus
325 1769 393 1823 ad
430 1768 650 1832 inferos,
680 1768 805 1822 dum
853 1768 1099 1821 tenebras
1146 1782 1280 1820 nova
1332 1769 1447 1820 luce
1495 1765 1746 1836 perfudit,
1782 1778 1828 1837 Β
1856 1780 1910 1824 ιιι
1940 1771 2069 1823 bona
2094 1770 2146 1823 in
2163 1770 2266 1823 vita
2294 1780 2403 1836 tua,
2426 1769 2659 1823 similiter
2675 1779 2720 1823 et
2740 1769 2963 1824 Lazarus
2989 1772 3125 1823 mala
3149 1768 3297 1837 (Luc.
3330 1782 3437 1834 va,

166 1864 373 1917 animas
397 1877 583 1917 eorum
608 1877 812 1923 secum,
840 1876 907 1914 ne
931 1861 1029 1913 hoc
1051 1861 1193 1913 exitu
1217 1859 1445 1921 amplius
1462 1858 1756 1912 cruciaren-

167 1968 271 2023 tur,
304 1956 509 2020 eduxit,
551 1955 700 2026 juxta
749 1954 901 2017 illud,
939 1952 998 2006 Et
1024 1955 1076 2005 in
1097 1954 1330 2022 sepulcro
1355 1952 1465 2017 eius
1493 1965 1756 2022 resurgettt

167 2051 375 2102 mortui.
412 2048 482 2103 Et
510 2037 787 2117 presbyter
831 2046 903 2099 ait
937 2062 949 2097 :
979 2043 1224 2113 Nunquid
1268 2051 1489 2112 possunt
1537 2057 1654 2096 ossa
1701 2041 1754 2095 in

166 2131 400 2199 favillam
426 2142 644 2197 redacta
688 2139 881 2193 iterum
905 2139 1164 2205 animari,
1197 2147 1249 2192 et
1273 2136 1541 2191 hominem
1574 2141 1748 2188 viven-

167 2247 271 2291 tem
301 2233 585 2306 proferre?
614 2233 677 2286 Et
707 2246 807 2301 ego
857 2229 1106 2299 respondi
1138 2246 1150 2280 :
1177 2229 1285 2282 Nos
1315 2227 1583 2282 credimus
1634 2227 1754 2294 quia

168 2326 464 2398 quamlibet
494 2326 545 2379 in
591 2325 865 2393 pulverem
897 2322 1170 2389 redigatur
1198 2319 1382 2384 homo,
1413 2327 1468 2371 et
1493 2319 1664 2385 aquis,
1693 2332 1757 2370 ac

169 2434 322 2478 terra
349 2422 494 2477 venti
528 2419 746 2474 violenti
769 2418 972 2486 impetu
995 2417 1351 2484 dispergatur,
1385 2428 1489 2466 non
1519 2412 1588 2465 sit
1617 2410 1757 2464 dilli-

167 2516 267 2571 cile
296 2516 407 2571 Deo
431 2512 635 2567 haecfad
668 2510 825 2564 vitam
853 2508 1180 2564 resuscitari.
1217 2506 1504 2574 Presbyter
1534 2519 1758 2572 respon-

168 2610 268 2665 dit:
284 2608 381 2663 Ilic
398 2606 631 2661 maxime
658 2619 752 2658 vos
773 2618 953 2659 errare
976 2613 1123 2671 puto,
1145 2610 1200 2654 ιιι
1219 2613 1461 2653 asserere
1483 2596 1658 2651 verbis
1682 2597 1757 2651 le-

168 2702 323 2756 nibus
356 2697 577 2755 tentetis
606 2696 922 2751 acerrimam
967 2693 1355 2756 seductionem,
1390 2699 1447 2744 ut
1492 2689 1684 2744 dicatis
1725 2703 1755 2742 a

167 2792 350 2848 bestiis
382 2800 622 2859 raptum,
672 2788 825 2856 aquis
855 2788 1183 2849 immersum,
1238 2784 1463 2853 piscium
1517 2780 1757 2835 faucibus

166 2885 511 2950 devoratum,
544 2884 596 2937 in
626 2892 829 2936 stercus
862 2879 1158 2943 redactum,
1191 2886 1245 2931 et
1266 2890 1361 2947 per
1388 2886 1650 2929 secretum
1678 2873 1759 2925 di-

166 2977 427 3045 gestionis
458 2974 711 3041 ejectum,
741 2979 831 3025 aut
858 2971 1009 3039 aquis
1057 2968 1356 3023 labentibus
1387 2965 1491 3025 [Αἰ.
1543 2967 1756 3020 latentt-

165 3068 285 3142 bus]
319 3070 614 3138 dejectum,
647 3074 736 3119 aut
776 3077 914 3120 terra
966 3070 1431 3133 computrescente
1473 3061 1755 3128 abolitum,

1855 1860 1966 1931 9.3).
1999 1861 2111 1915 Non
2141 1874 2316 1915 autem
2348 1862 2597 1929 cognovit
2625 1861 2777 1916 dives
2825 1862 2913 1915 ille
2945 1876 3203 1930 purpuras
3237 1876 3361 1915 suas
3389 1870 3440 1912 et

1856 1953 2098 2023 byssutn,
2132 1969 2230 2008 nec
2257 1952 2481 2007 delicias
2527 1953 2787 2017 convivii,
2816 1968 2948 2021 quas
2989 1953 3035 2007 ei
3067 1954 3149 2007 vel
3190 1968 3305 2016 aer,
3355 1952 3437 2004 vel

1859 2057 2020 2111 terra,
2054 2046 2136 2099 vel
2166 2061 2313 2099 mare
2344 2045 2666 2113 protulerat;
2698 2046 2838 2099 sicut
2864 2060 2964 2099 nec
2993 2045 3224 2098 Lazarus
3253 2043 3438 2098 vulne-

1859 2154 1937 2205 ra,
1967 2148 2059 2192 aut
2092 2139 2400 2208 putredines
2429 2152 2562 2207 quas
2587 2136 2774 2206 jacens
2802 2149 2928 2191 ante
2966 2137 3079 2206 ejus
3103 2137 3293 2205 januas
3321 2151 3439 2205 per-

1858 2229 2092 2288 ferebat.
2123 2242 2240 2282 cum
2276 2228 2363 2282 hic
2405 2229 2456 2281 in
2486 2229 2605 2282 sinu
2658 2228 2882 2282 Abrahae
2928 2228 3307 2295 requiesceret,
3352 2227 3439 2282 ille

1856 2334 2033 2379 autem
2086 2322 2417 2377 cruciaretur
2460 2324 2513 2377 in
2543 2323 2792 2376 ﬂammis.
2852 2322 3138 2392 Presbyter
3177 2320 3311 2377 dixit
3341 2338 3354 2374 :
3384 2323 3439 2376 In

1856 2417 1961 2469 alio
1990 2416 2197 2484 psalmo
2228 2415 2473 2484 legimus,
2508 2414 2641 2481 Quia
2668 2414 2790 2468 exiit
2816 2413 3027 2475 spiritus
3054 2430 3251 2477 eorum,
3287 2423 3332 2467 et
3358 2429 3441 2466 re-

1856 2517 2076 2562 vertetur
2104 2508 2157 2561 in
2186 2519 2371 2561 terram
2398 2522 2568 2569 suam;
2613 2508 2666 2560 in
2716 2506 2811 2561 illa
2859 2507 2943 2560 die
2988 2508 3218 2575 peribunt
3269 2519 3442 2558 omnes

1858 2597 2186 2667 cogitationes
2208 2612 2383 2649 eorum
2410 2596 2583 2667 (Psal.
2607 2611 2765 2659 θην,
2793 2595 2871 2666 4).
2894 2595 2977 2650 Ad
3004 2596 3117 2650 haec
3132 2610 3231 2666 ego
3260 2612 3275 2644 :
3300 2595 3442 2651 Bene

1859 2690 1960 2744 ais.
1995 2689 2128 2755 Quia
2158 2704 2276 2743 cum
2306 2703 2555 2757 egressus
2600 2689 2762 2743 luerit
2787 2688 2855 2743 ab
2882 2688 3096 2743 homine
3124 2688 3363 2758 spiritus,
3389 2697 3442 2743 et

1856 2782 2086 2852 jacuerit
2115 2795 2311 2850 corpus
2342 2792 2639 2844 mortuum,
2673 2796 2776 2834 non
2806 2780 3092 2849 cogitatde
3118 2780 3199 2834 his
3239 2795 3358 2849 qua:
3389 2780 3441 2835 in

1859 2878 2056 2933 mundo
2085 2878 2314 2943 reliuuit,
2346 2893 2406 2932 ac
2433 2879 2476 2932 si
2504 2878 2650 2931 verbi
2701 2891 2861 2931 causa
2904 2874 3051 2929 dicas
3081 2892 3096 2930 :
3128 2875 3240 2928 Non
3296 2874 3442 2944 cogi-

1860 2978 1939 3025 tat
1965 2971 2250 3036 aadilicarc,
2304 2970 2564 3039 plantare,
2594 2983 2779 3038 agrum
2809 2966 3093 3033 excolere;
3125 2966 3287 3039 500
3334 2981 3442 3019 ttuu

1860 3064 2062 3133 cogitat
2104 3077 2432 3134 congregare
2461 3077 2672 3128 aurum,
2719 3068 3026 3130 argentum,
3074 3062 3159 3117 vel
3207 3062 3441 3130 reliquas

166 3163 229 3216 ad
260 3162 716 3217 resurrectionem
748 3171 1050 3214 venturum.
1082 3157 1160 3212 Ad
1192 3159 1304 3211 ltrec
1334 3172 1434 3226 ego
1458 3155 1709 3225 respondi
1739 3172 1754 3211 :
1785 3150 1830 3212 C
1860 3154 2072 3210 divitias
2101 3154 2301 3209 mundi.
2338 3154 2504 3208 Periit
2545 3156 2689 3209 enim
2725 3154 2840 3210 haec
2864 3154 3115 3224 cogitatio
3143 3169 3171 3207 a
3216 3170 3443 3224 corpore

167 3254 428 3308 Ublivioni
456 3253 594 3322 apud
618 3261 667 3305 te
693 3250 936 3306 traditum
967 3257 1069 3313 est,
1123 3256 1181 3302 ut
1209 3249 1416 3316 opinor,
1448 3247 1571 3317 quid
1595 3246 1757 3301 Joan-

168 3360 263 3398 nes
289 3345 618 3413 evangeiista
649 3357 809 3411 super
838 3350 1022 3410 pectus
1050 3338 1382 3393 Dominicum
1414 3339 1754 3403 recumbens,

169 3450 231 3491 ac
266 3436 431 3489 divini
466 3435 710 3505 mysterii
740 3449 930 3487 arcana
966 3433 1199 3497 ritnans,
1234 3430 1282 3483 in
1316 3429 1634 3500 Apocalypsi
1673 3428 1756 3483 di-

168 3540 293 3584 cat:
328 3529 492 3589 Tunc,
526 3525 719 3597 inquit,
762 3526 938 3579 reddet
962 3540 1098 3577 mare
1148 3532 1372 3575 mortuos
1412 3538 1529 3576 suos
1572 3521 1750 3590 (Apoc.
1790 3568 1793 3571 ,

169 3638 257 3686 xx,
288 3622 395 3692 15).
423 3620 579 3676 Unde
610 3617 948 3673 manifestum
970 3624 1073 3680 est,
1105 3616 1224 3685 quia
1255 3613 1509 3684 quidquid
1540 3614 1757 3667 humani

169 3713 412 3785 corporis
442 3713 605 3782 piscis
633 3711 928 3773 absorbuit,
960 3710 1074 3763 ales
1104 3708 1298 3776 rapuit,
1334 3708 1502 3761 bestia
1533 3706 1759 3776 degluti-

169 3809 262 3867 vit.
293 3821 324 3860 a
354 3807 586 3861 Domino
616 3804 959 3869 conjunctum
1005 3803 1057 3856 in
1105 3801 1554 3856 resurrectionem
1603 3813 1759 3867 repa-

169 3901 391 3954 randum
422 3900 527 3951 erit
558 3914 571 3949 :
602 3899 727 3964 quia
759 3911 862 3950 non
895 3894 999 3949 erit
1027 3892 1077 3949 ei
1108 3892 1326 3946 dillicile
1352 3891 1557 3961 perdita
1600 3905 1755 3959 repa-

168 4006 307 4058 rate,
338 3991 428 4060 qui
457 4005 520 4043 ex
551 3987 715 4040 nihilo
747 4002 852 4040 non
882 3996 1005 4039 nata
1034 3984 1237 4038 creavit
1268 4002 1279 4036 :
1313 3984 1406 4038 sed
1441 3983 1511 4037 ita
1547 3982 1661 4036 haec
1701 3982 1755 4035 io

169 4082 531 4152 integritatem
558 4080 748 4143 solida,
777 4078 916 4132 sicut
942 4074 1086 4144 prius
1115 4076 1345 4144 Inerant,
1375 4074 1667 4142 reparabit,
1699 4083 1757 4128 ut

169 4188 360 4243 corpus
381 4172 522 4243 quod
555 4172 651 4226 fuit
680 4172 733 4226 in
757 4170 974 4236 mundo,
1024 4178 1112 4223 aut
1147 4184 1357 4237 pinnam
1387 4171 1537 4239 juxta
1589 4169 1755 4223 meri-

169 4275 276 4319 tum
308 4266 469 4328 lerat,
499 4272 591 4318 aut
634 4262 879 4331 gloriam.
914 4262 1002 4316 Sic
1048 4262 1191 4315 enim
1242 4261 1357 4328 ipse
1405 4261 1661 4315 Dominus
1699 4262 1755 4316 in

170 4354 461 4424 Evangelio
489 4354 562 4407 ait
594 4369 608 4406 :
642 4352 805 4424 499
838 4353 969 4419 Quia
1012 4348 1185 4404 Filius
1233 4352 1450 4404 hominis
1491 4354 1656 4405 veniet
1702 4354 1755 4404 in

169 4448 332 4517 gloria
366 4444 543 4498 Patris
573 4449 650 4499 sui
672 4462 787 4498 cum
816 4444 1011 4514 angelis
1037 4444 1163 4507 suis,
1202 4452 1254 4495 ut
1280 4444 1460 4497 reddat
1489 4443 1757 4512 unicuique

1859 3259 2093 3314 mortuo,
2146 3249 2269 3319 quia
2302 3265 2406 3302 non
2436 3259 2517 3302 est
2548 3247 2765 3316 spiritus
2796 3248 2846 3300 in
2878 3261 2963 3301 eo.
2998 3246 3102 3302 Sed
3133 3247 3257 3315 quid
3289 3257 3341 3301 tu
3371 3249 3441 3302 de

1860 3340 2257 3396 resurrectione
2286 3340 2519 3404 dubitas,
2549 3354 2705 3406 quam
2729 3338 2924 3391 Paulus
2955 3337 3224 3407 aposmlus
3254 3338 3304 3391 iu
3335 3355 3442 3408 quo

1858 3432 1993 3500 ipse.
2028 3442 2086 3486 ut
2114 3433 2209 3489 ait.
2242 3432 2485 3487 Christus
2520 3432 2860 3492 loquebatur.
2888 3430 3168 3485 evidenter
3190 3433 3444 3502 exprimit

1856 3527 2040 3580 dicens
2064 3545 2077 3579 :
2107 3526 2401 3593 Consepulti
2427 3526 2560 3578 enim
2587 3541 2764 3578 sumus
2787 3522 2989 3578 Christo
3015 3539 3106 3593 per
3132 3524 3442 3589 baptismum

1856 3622 1909 3672 in
1926 3629 2138 3672 mortem
2155 3634 2173 3672 :
2191 3628 2244 3671 ut
2265 3620 2398 3670 sicut
2426 3618 2514 3670 ille
2540 3626 2770 3670 mortuus
2797 3624 2890 3680 est,
2917 3622 2963 3668 et
2986 3616 3280 3679 resurrexit,
3304 3617 3375 3668 ita
3396 3626 3442 3669 et

1858 3728 1951 3765 nos
1969 3712 2023 3764 in
2050 3712 2268 3763 novitate
2284 3712 2398 3764 vita:
2418 3710 2756 3771 ambulemus(
2773 3709 2920 3762 Rom.
2939 3724 3008 3773 vt,
3028 3708 3103 3775 4).
3136 3708 3202 3761 Ει
3219 3708 3405 3761 iterum
3426 3725 3441 3761 :

1862 3802 2046 3855 Omnes
2057 3800 2259 3859 quidem
2270 3817 2611 3870 resurgemus,
2628 3802 2715 3853 sed
2734 3815 2835 3852 non
2857 3816 3028 3853 omnes
3042 3800 3440 3854 immutabimur.

1859 3889 2015 3947 Canet
2047 3908 2181 3945 enim
2211 3901 2351 3957 tuba,
2376 3902 2420 3946 et
2452 3895 2639 3945 mortui
2662 3905 2921 3960 resurgent
2946 3892 3247 3960 incorrupti,
3276 3902 3320 3943 et
3350 3908 3443 3945 nos

1857 3984 2234 4038 immutabimur
2265 3983 2313 4055 (Ι
2341 3983 2459 4037 Cor.
2490 3983 2700 4054 xv,5l).
2731 3985 2794 4037 Et
2824 3986 3012 4036 iterum
3040 4001 3053 4035 :
3090 3982 3253 4038 Stella
3275 3992 3443 4035 autem

1858 4076 2027 4140 diﬂert
2059 4093 2091 4129 a
2117 4075 2264 4130 stella
2286 4078 2339 4129 in
2368 4076 2617 4145 claritate,
2638 4077 2709 4130 sic
2726 4087 2771 4129 et
2794 4076 3096 4130 resurrectio
3122 4086 3443 4129 mortuorum

1859 4166 2026 4239 (Ibid.
2056 4182 2148 4232 xv,
2172 4165 2285 4235 41).
2331 4165 2457 4221 ltetn
2504 4165 2631 4234 illic,
2658 4166 2953 4220 Seminatur
2992 4166 3044 4219 in
3097 4167 3443 4237 corruptione,

1856 4268 2030 4331 surget
2086 4260 2136 4312 in
2173 4259 2556 4326 incorruptione
2615 4258 2775 4329 (Ibid.
2828 4274 2916 4323 xv,
2948 4258 3065 4327 42),
3115 4268 3169 4312 et
3214 4259 3439 4329 reliqua.

1860 4354 1987 4409 Item
2018 4353 2143 4418 illic,
2176 4351 2363 4405 Omnes
2385 4368 2477 4404 nos
2497 4352 2850 4419 reprwscntari
2871 4360 3065 4403 ouortet
3082 4359 3201 4402 ante
3221 4352 3442 4405 tribunal

1858 4446 2068 4511 Christi,
2101 4454 2156 4499 ut
2202 4450 2390 4515 referat
2420 4446 2761 4513 unusquisque
2805 4446 3011 4511 propria
3062 4446 3290 4513 corporis
3339 4448 3443 4513 sui,

168 4542 447 4594 secundum
472 4556 625 4608 opera
650 4554 743 4591 sua
770 4536 990 4607 (Matth.
1019 4534 1284 4606 xvr,l‘27).
1315 4535 1420 4590 Sed
1451 4547 1504 4589 et
1550 4536 1754 4589 Martha
1783 4526 1837 4586 D
1861 4547 2014 4608 prout
2053 4538 2230 4608 gessit,
2261 4538 2361 4591 sive
2400 4536 2585 4589 bonum
2612 4537 2713 4589 sive
2758 4538 2951 4589 malum
2976 4537 3060 4607 (II
3092 4537 3210 4591 Cor.
3244 4553 3294 4601 v,
3331 4538 3441 4609 10).

169 4652 285 4690 cum
314 4638 383 4690 de
412 4630 805 4687 resurrectione
840 4632 1086 4695 prmsenti
1111 4629 1289 4684 fratris
1328 4628 1512 4684 Lazari
1538 4629 1753 4684 dubita-

169 4739 265 4794 ret,
291 4729 366 4780 ait
397 4744 411 4780 :
446 4726 567 4780 Scio
590 4724 709 4794 quia
739 4732 966 4789 resurget
990 4722 1043 4774 in
1080 4721 1446 4774 resurrectione
1494 4721 1549 4773 in
1588 4721 1757 4774 novis-

171 4820 291 4872 sima
314 4820 398 4871 die
421 4815 602 4887 (Joan.
634 4830 708 4881 χι,
734 4813 849 4883 23).
874 4812 971 4867 Cui
1005 4813 1256 4865 Dominus
1278 4812 1351 4865 ait
1377 4830 1389 4863 :
1415 4811 1527 4881 Ego
1551 4828 1662 4865 sum
1677 4828 1758 4866 re—

172 4916 428 4977 surrectio,
461 4914 562 4972 via,
588 4923 770 4963 vertms
823 4918 868 4962 et
900 4909 1003 4960 vita
1034 4905 1196 4975 (Ibid.
1228 4921 1301 4970 ιιι,
1345 4906 1457 4974 25).
1507 4905 1587 4960 Ad
1644 4907 1758 4959 haec

175 5008 451 5077 presby-er
484 5021 497 5057 :
528 5001 807 5070 Quomodo
836 5009 1013 5055 autem
1045 4998 1096 5053 in
1128 4998 1330 5068 psalmo
1357 4999 1587 5063 dicitur,
1624 4997 1758 5064 Quia

172 5117 264 5153 non
302 5106 583 5168 resurgunt
614 5095 760 5162 impii
794 5094 848 5146 in
884 5093 1084 5163 judicio
1129 5090 1300 5163 (Psal.
1334 5107 1369 5156 l,
1404 5089 1499 5157 5)?
1546 5090 1611 5143 Et
1657 5104 1757 5159 ego

173 5191 419 5261 respondi
450 5207 463 5242 :
496 5187 611 5242 Non
639 5196 924 5254 resurgunt
950 5195 1005 5237 ut
1032 5183 1298 5253 judicent,
1348 5179 1441 5235 sed
1472 5190 1761 5250 resurgunt

171 5292 222 5335 ut
247 5282 580 5347 iudicentur.
610 5277 717 5331 Nec
737 5277 878 5330 enim
910 5275 1101 5330 sedere
1122 5289 1242 5328 cum
1274 5273 1450 5341 impiis
1468 5271 1630 5342 judex
1658 5287 1755 5340 po-

177 5383 288 5441 test,
318 5386 517 5428 causas
547 5384 767 5424 suorum
799 5367 1103 5422 redditurus
1131 5374 1365 5419 actuum.
1400 5365 1463 5418 Et
1491 5364 1580 5418 ille
1609 5382 1620 5415 :
1654 5365 1757 5417 Do-

173 5472 358 5535 minus,
387 5467 591 5538 inquit,
624 5467 675 5518 in
707 5463 994 5532 Evangelia
1015 5461 1170 5525 dixit,
1205 5460 1304 5525 Qui
1331 5475 1431 5512 non
1459 5459 1751 5522 crediderit,

175 5562 559 5636 iamjudicatus
590 5567 660 5610 est
692 5556 871 5625 (Joan.
900 5570 980 5618 Ill,
1008 5553 1096 5622 18)
1124 5570 1136 5605 :
1170 5552 1350 5621 utique
1392 5551 1513 5620 quia
1561 5551 1759 5619 peribit

174 5651 573 5711 resurrectioni.
611 5647 678 5702 Et
723 5663 822 5717 ego
868 5645 1116 5715 respondi
1151 5643 1477 5698 :Judicatus
1505 5656 1586 5699 est
1613 5648 1754 5698 enim

175 5758 221 5801 ut
248 5747 310 5802 ad
342 5741 675 5814 supplicium
700 5748 957 5795 aeternum
980 5737 1278 5801 perveniat,
1304 5735 1552 5802 quianon
1582 5736 1758 5791 credi—

1857 4631 1938 4686 Ad
1993 4629 2497 4686 Thessalonicenses
2524 4640 2723 4694 autem,
2768 4631 3162 4686 evidentissime
3208 4629 3441 4685 futuram

1859 4723 2303 4777 resurrectionem
2352 4721 2595 4791 designat
2632 4721 2815 4776 dicens
2846 4738 2861 4774 :
2889 4721 3027 4775 Nolo
3074 4739 3157 4776 vos
3208 4722 3443 4790 ignorare

1862 4814 1925 4868 de
1958 4814 2345 4883 dormientibus,
2379 4825 2559 4869 utnon
2582 4816 2973 4880 contristemiui,
3018 4817 3150 4869 sicut
3189 4825 3236 4867 et
3273 4816 3441 4868 caeteri

1858 4908 1947 4976 qui
1977 4921 2116 4969 spem
2148 4922 2249 4960 non
2273 4906 2477 4961 habent.
2525 4907 2585 4962 Si
2614 4909 2747 4961 enim
2794 4908 3067 4974 credimus,
3114 4906 3251 4976 quod
3289 4906 3442 4959 Jesus

1859 5008 2093 5052 mortuus
2123 5008 2195 5053 est
2223 5008 2274 5052 et
2294 5002 2591 5066 resurrexit,
2621 5003 2691 5052 ita
2716 4999 2853 5052 Deus
2892 5015 2975 5052 eos
3003 4999 3089 5066 qui
3126 4997 3442 5049 dormierunt

1859 5108 1947 5162 per
1966 5089 2143 5145 Jesum
2164 5092 2380 5143 adducet
2409 5108 2523 5144 cum
2552 5107 2633 5144 eo.
2670 5090 2717 5143 II
2726 5106 2782 5142 oc
2808 5091 2940 5143 enim
2969 5091 3107 5141 vobis
3142 5088 3359 5140 dicimus
3387 5090 3440 5141 in

1858 5180 2005 5234 verba
2036 5178 2264 5243 Domini,
2287 5182 2406 5248 quia
2434 5196 2527 5234 nos
2552 5181 2636 5248 qui
2662 5180 2893 5241 vivimus,
2918 5180 3004 5247 qui
3024 5178 3215 5229 residui
3241 5193 3439 5243 sumus,

1860 5274 1912 5326 itt
1941 5273 2159 5324 adventu
2192 5272 2398 5325 Domini
2430 5288 2531 5325 non
2574 5272 2930 5341 prrcveniemus
2972 5286 3055 5324 eos
3084 5271 3171 5338 qui
3218 5271 3442 5324 dormie-

1860 5378 1999 5420 runt.
2032 5366 2288 5428 Quoniam
2314 5366 2421 5435 ipse
2453 5365 2700 5419 L‘ominus
2742 5365 2795 5416 in
2830 5366 2981 5434 jussu
3022 5372 3070 5416 et
3110 5365 3165 5417 in
3193 5380 3312 5418 voce
3350 5382 3441 5417 nr-

1861 5458 2114 5529 chaugeli,
2140 5466 2185 5510 et
2214 5458 2264 5509 in
2297 5459 2416 5509 tuba
2449 5456 2542 5510 Dei
2584 5455 2848 5509 descendet
2885 5456 2946 5510 de
2978 5455 3124 5523 caelo,
3168 5467 3218 5511 et
3257 5460 3442 5510 mortui

1861 5551 1949 5617 qui
1985 5550 2037 5601 in
2067 5546 2271 5602 Christo
2311 5557 2428 5601 sunt
2456 5559 2715 5619 resurgent
2765 5549 2917 5613 primi
2945 5549 3177 5604 :.deinde
3218 5565 3309 5603 nos
3355 5551 3444 5617 qui

1860 5641 2092 5702 vivimus,
2123 5641 2209 5705 qui
2243 5640 2597 5708 relinquimur,
2629 5641 2783 5695 simul
2822 5644 3078 5713 rapiemur
3112 5659 3225 5697 cum
3258 5644 3359 5696 illis
3388 5647 3441 5697 in

1863 5733 2079 5787 nubibus
2101 5734 2296 5787 obviam
2330 5733 2551 5787 Domino
2573 5736 2623 5787 in
2654 5752 2799 5798 uera,
2823 5745 2867 5789 et
2896 5736 2968 5790 sic
2990 5751 3185 5798 semper
3208 5750 3316 5788 cum
3340 5732 3441 5787 Do—
