3942 6190
518 299 616 353 543

1430 327 1432 330 τ
1494 297 1552 351 s.
1593 294 1917 350 ouscouu
1961 293 2262 348 EPISCOPI
2304 275 2729 346 TURONENSIS

3649 259 3762 332 stt

513 417 647 470 mino
681 433 884 472 erimus.
919 415 1095 486 Itaque
1118 411 1450 467 consolamini
1478 412 1689 463 invicem
1717 411 1767 460 in
1791 406 1950 460 verbis
1971 407 2080 458 istis
2111 414 2161 470 Α
2185 405 2468 460 :edilicaret
2495 415 2656 469 super
2686 413 2866 452 muros
2890 395 3038 450 urbis.
3063 394 3339 456 solarium,
3364 406 3430 446 ue
3454 404 3561 454 quo
3586 403 3760 444 cietur

516 506 563 567 (Ι
600 505 780 564 Thess.
813 524 880 570 tv,
913 505 973 560 l2
1001 516 1047 560 et
1076 505 1262 575 scqq.).
1291 505 1518 555 Plurima
1549 511 1671 554 sunt
1700 500 1839 552 enim
1889 500 1956 552 de
1999 498 2082 551 bis

517 601 818 653 testimonia
866 615 983 667 qum
1029 599 1164 652 banc
1209 610 1422 649 causam
1475 599 1812 648 confirmant.
1867 575 1970 645 Sel
2029 598 2083 642 tu

525 693 711 761 ignoro
739 691 865 760 quid
897 692 1132 759 ambigas
1169 688 1238 742 de
1268 686 1681 748 resurrectione,
1709 699 1865 754 quant
1916 687 2083 736 sancti

521 791 830 849 exspectant
861 796 955 848 pro
977 783 1185 845 merito,
1214 794 1369 846 quam
1397 787 1702 845 peccatores
1727 783 1967 828 metuunt
1994 789 2090 841 pro

532 881 692 925 reatu.
727 873 870 925 l-lanc
898 871 1037 926 enim
1072 871 1536 930 resurrectionem,
1583 877 1636 921 et
1679 867 1764 920 ifla
1811 880 1928 928 qua}
1970 881 2089 920 cer-

525 964 699 1016 nimus
741 965 999 1017 eleinenta
1039 963 1426 1022 demonstrant,
1479 958 1528 1011 id
1577 967 1658 1012 est
1701 945 1825 1009 dum
1873 961 2092 1010 arbores

525 1055 576 1108 in
600 1061 782 1107 aestate
813 1054 950 1108 foliis
975 1064 1144 1116 tectm,
1173 1053 1345 1106 hieme
1374 1051 1620 1104 veniente
1650 1048 1942 1112 nudantur;
1973 1061 2094 1102 suc-

529 1146 752 1200 cedente
795 1160 922 1198 vero
953 1159 1118 1197 verno
1157 1153 1396 1210 tempore
1442 1140 1592 1210 quasi
1636 1146 1992 1207 resurgentes,
2040 1137 2093 1191 in

523 1234 651 1290 illud
674 1234 812 1304 quod
844 1234 986 1299 prius
1014 1235 1220 1286 fuerant
1243 1233 1490 1286 foliorum
1517 1232 1746 1297 tegmine
1777 1231 2093 1284 vestiuntur.

525 1328 650 1382 Haec
677 1328 963 1382 ostendunt
991 1337 1044 1380 et
1085 1327 1168 1379 illa
1200 1340 1313 1392 qua
1343 1324 1611 1394 jaeinntur
1651 1322 1856 1376 semina
1907 1322 2092 1384 terris,

527 1435 646 1490 quae
677 1403 1044 1474 commendata
1068 1419 1249 1483 sulcis,
1280 1420 1322 1471 si
1347 1418 1538 1471 fuerint
1568 1427 1794 1481 mortua,
1816 1430 1937 1469 cum
1963 1416 2099 1469 mul-

529 1508 699 1575 tipiici
727 1508 902 1562 fructu
945 1515 1248 1575 resurgunt,
1280 1507 1416 1560 sicut
1444 1506 1516 1558 ait
1544 1503 1738 1558 Paulus
1779 1505 2052 1571 apostolus
2082 1519 2096 1555 :

527 1598 696 1654 Stulte
723 1609 796 1664 tu,
831 1599 965 1666 quod
993 1599 1210 1650 seminus
1235 1610 1334 1649 non
1365 1595 1670 1659 viviﬁcatur,
1703 1595 1800 1647 nisi
1827 1596 1967 1660 prius
1995 1608 2102 1646 mo-

525 1689 688 1743 riatur
702 1687 754 1760 (1
775 1688 890 1742 Cor.
915 1703 1000 1754 xv,
1026 1687 1135 1758 5(5).
1155 1687 1310 1756 501
1331 1686 1460 1752 Qua:
1478 1686 1655 1739 omnia
1672 1685 1736 1738 ad
1754 1683 1910 1738 ﬁdem
1926 1697 2102 1737 resur-

2187 499 2343 566 epulo
2372 495 2646 564 perfuncto
2673 491 3023 554 descendens,
3049 503 3261 541 manum
3289 500 3452 552 super
3471 483 3760 536 diaconum

2188 593 2345 662 502
2381 586 2749 650 sustentabat,
2799 584 2885 650 qui
2936 581 3196 634 intantum
3241 587 3351 631 crat
3397 576 3760 642 crapulatnsa

2189 686 2328 743 vino,
2361 691 2413 733 ut
2443 680 2526 731 vix
2556 677 2637 731 vel
2668 675 2827 744 figere
2856 685 3098 742 gressum
3125 669 3344 730 valeret,
3368 680 3642 736 pueroque
3670 666 3762 733 qui

2191 772 2411 842 prmibat
2437 785 2554 823 cum
2600 769 2814 830 lumine,
2848 764 3031 817 nescio
3061 761 3185 833 quid
3235 770 3556 816 commotus.
3588 773 3766 825 pugno

2190 865 2450 919 cervicem
2494 860 2635 915 ferit.
2689 860 2804 924 Quo
2847 855 3074 925 impulso
3118 852 3222 924 [AL
3257 850 3504 920 impulsu]
3535 850 3617 901 bic
3643 863 3766 899 cum

2192 973 2248 1011 se
2269 956 2541 1010 continere
2564 970 2664 1006 non
2696 951 2970 1021 potuisset,
2991 964 3108 1001 cum
3140 948 3254 1016 ipso
3284 947 3481 1014 impetu
3511 945 3578 996 de
3611 957 3770 995 muro

2195 1046 2570 1115 praecipitatur,
2601 1042 2870 1097 sudarium
2914 1039 3147 1107 episcopi
3175 1037 3317 1106 quod
3363 1034 3538 1088 balteo
3564 1033 3774 1098 depen-

2194 1137 2351 1190 debat
2379 1134 2660 1202 arripiens,
2689 1147 2808 1184 cnm
2857 1145 2962 1198 quo
3007 1142 3140 1193 pene
3183 1126 3417 1191 dilapsus
3444 1123 3638 1182 fuerat,
3670 1121 3772 1172 nisi

2198 1227 2356 1297 pedes
2401 1226 2634 1294 episcopi
2674 1224 2837 1276 abbas
2878 1220 3130 1274 velociter
3166 1217 3445 1284 amplexus
3471 1223 3638 1267 esset.
3670 1211 3773 1278 Qui

2201 1334 2359 1374 ruens
2407 1333 2568 1385 super
2614 1315 2878 1384 lapidem,
2907 1311 3194 1365 confractis
3237 1309 3447 1362 ossibus
3470 1317 3572 1383 ,ψει
3625 1312 3777 1357 crate

2199 1410 2449 1479 pectoris,
2483 1408 2792 1476 sanguinein
2821 1420 2940 1458 cum
2972 1403 3093 1457 felle
3115 1403 3356 1469 disrupta
3383 1412 3639 1453 evomens
3662 1395 3770 1464 spi-

2200 1503 2357 1555 ritum
2409 1499 2695 1553 exhalavit.
2746 1497 2871 1551 Erat
2915 1495 3056 1550 enim
3106 1504 3160 1547 et
3203 1493 3326 1545 vino
3373 1491 3609 1555 deditus,
3642 1488 3776 1543 etin

2200 1591 2459 1646 adulterio
2484 1587 2794 1644 dissolutus.

2271 1699 2388 1757 XV.
2420 1700 2550 1755 Cum
2577 1709 2754 1753 autem
2778 1695 3084 1750 scandalum
3115 1690 3276 1760 quod.
3295 1697 3509 1744 serente
3535 1685 3777 1750 diabolo,

525 1781 780 1836 rectionis
802 1781 1000 1834 mundo
1025 1778 1354 1832 tnanifestata
1377 1788 1520 1830 sunt.
1548 1777 1604 1831 Si
1621 1778 1761 1830 enim
1781 1776 2100 1830 resurrectio
2132 1771 2176 1830 Β
2204 1796 2257 1850 in
2285 1793 2609 1848 monasterio
2637 1779 2932 1845 Ῐιίριεηεηεῖ
2961 1795 3136 1840 ortum
3159 1823 3175 1848 ,
3205 1785 3257 1836 in
3295 1781 3613 1849 ampliorem
3645 1791 3780 1846 quo-

526 1872 698 1928 futura
729 1887 833 1926 non
861 1879 961 1933 est,
995 1869 1119 1940 quid
1151 1869 1386 1936 proderit
1410 1868 1568 1936 justis
1599 1868 1734 1922 bene
1762 1881 1953 1934 agere,
1972 1868 2098 1932 quid

528 1964 741 2019 nocebit
767 1964 1135 2032 peccatoribus
1179 1961 1350 2014 male?
1382 1960 1638 2013 Decidant
1664 1973 1792 2028 ergo
1837 1961 2010 2012 cuncti
2048 1973 2099 2011 in

527 2059 888 2115 voluntatibus
932 2058 1044 2112 suis
1073 2067 1120 2122 δ’,
1147 2067 1200 2110 et
1231 2056 1387 2110 faciat
1431 2057 1789 2124 unusquisque
1832 2069 1948 2121 quas
1991 2053 2103 2124 pla-

528 2154 722 2216 cuerit,
759 2151 804 2204 si
829 2148 1086 2219 judicium
1118 2148 1348 2201 futurum
1381 2161 1484 2199 non
1515 2148 1636 2199 erit.
1673 2145 1763 2197 Vel
1812 2145 1959 2213 illud,
1999 2143 2101 2196 im-

532 2244 718 2312 probe,
753 2256 857 2295 non
887 2240 1162 2306 formidas,
1193 2237 1334 2307 quod
1365 2239 1478 2306 ipse
1503 2238 1757 2291 Dominus
1781 2237 1946 2292 beatis
1972 2251 2104 2303 apu-

529 2333 685 2387 stolis
705 2332 781 2385 ait
813 2349 825 2382 :
857 2330 985 2383 Cum
1013 2330 1220 2391 venerit,
1253 2328 1448 2394 inquit,
1475 2326 1642 2381 Filius
1665 2328 1958 2380 horninis-in
1988 2327 2106 2380 sede

529 2424 806 2490 majestatis
825 2435 951 2483 suae,
975 2418 1406 2488 congregabantur
1427 2428 1542 2473 ante
1565 2434 1680 2472 eum
1710 2433 1882 2471 omnes
1914 2427 2104 2489 gentes,

530 2522 576 2566 et
603 2511 849 2581 separabit
879 2526 962 2563 eos
991 2511 1053 2561 ab
1081 2509 1307 2571 invicem,
1337 2511 1466 2560 sicut
1495 2519 1667 2576 pastor
1695 2505 1925 2578 segregat
1949 2525 2106 2578 agnos

530 2603 594 2654 ab
620 2601 780 2654 Ita’dis
810 2615 829 2652 :
855 2609 904 2652 et
931 2608 1116 2652 statuet
1141 2614 1253 2652 oves
1283 2598 1485 2668 quidem
1511 2600 1578 2652 ad
1609 2601 1885 2664 dexteram,
1937 2599 2108 2652 ha’dos

535 2701 702 2745 autem
729 2691 797 2742 ad
836 2691 1115 2742 sinistram.
1150 2688 1214 2740 Et
1257 2691 1336 2741 liis
1382 2690 1510 2741 dicet
1541 2705 1559 2742 :
1598 2688 1788 2747 Venite,
1841 2690 2107 2752 benedicti,

533 2783 775 2854 percipite
793 2797 1003 2850 regnum
1025 2797 1042 2842 ;
1070 2782 1169 2832 illis
1197 2793 1361 2832 autem
1387 2795 1409 2834 .‘
1438 2781 1688 2834 Discedite
1711 2797 1741 2832 α
1767 2798 1872 2846 me,
1891 2783 2110 2851 operarii

532 2875 814 2943 iniquitatis
845 2871 1056 2943 (Matt/1.
1108 2888 1232 2934 xxv,
1273 2869 1332 2924 5i
1380 2882 1424 2926 et
1457 2872 1644 2941 θείῃ).
1690 2875 1860 2938 Atque
1901 2882 1959 2924 ut
1999 2873 2108 2940 ipsa

535 2967 807 3034 Scriptura
835 2964 1009 3026 docet,
1036 2962 1188 3016 Ilunt
1213 2964 1262 3015 hi
1287 2965 1339 3014 in
1365 2963 1672 3030 supplicium
1697 2971 1960 3026 aeternum,
1980 2963 2113 3034 justi

535 3069 701 3111 autem
722 3057 772 3108 iu
799 3058 953 3110 vitam
983 3064 1224 3108 mternam
1258 3053 1422 3122 (Ibid.
1454 3070 1576 3118 xxv,
1608 3052 1719 3123 46).
1755 3055 1984 3111 Putasne
2009 3055 2115 3109 erit

538 3147 861 3201 resurrectio
886 3155 1232 3210 mortuorum,
1252 3144 1610 3211 autjndicium
1632 3160 1874 3210 operum,
1897 3145 2111 3208 quando
2141 3154 2186 3218 ε

544 3239 642 3291 ista
694 3237 846 3290 faciet
887 3236 1173 3288 Dominus?
1231 3235 1569 3303 Respondeat
1603 3249 1730 3303 ergo
1765 3234 1869 3288 .tibi
1918 3234 2111 3288 Paulus

541 3329 815 3396 apostolus
838 3369 852 3391 ,
887 3327 1027 3380 sicut
1053 3327 1172 3379 aliis
1204 3325 1490 3383 incredulis
1521 3325 1704 3379 dicens
1737 3341 1751 3378 :
1784 3325 1846 3378 Si
1888 3323 2114 3378 Christus

542 3438 641 3474 non
665 3420 969 3482 resurrexit,
998 3418 1164 3470 inanis
1201 3425 1274 3470 est
1313 3416 1604 3485 prwdicatio
1639 3425 1831 3482 nostra,
1873 3416 2042 3468 inanis
2069 3425 2114 3468 et

544 3513 669 3578 ﬁdes
718 3520 879 3562 vestra
912 3507 962 3579 (I
996 3507 1116 3561 Cor.
1174 3523 1262 3571 xv,
1320 3509 1427 3574 ιι).
1485 3507 1564 3562 Ad
1612 3507 1723 3560 haec
1771 3507 2116 3570 contristatus

543 3602 848 3672 presbyter,
887 3616 915 3653 a
946 3609 1228 3667 conspectu
1287 3609 1469 3651 nostro
1506 3597 1784 3652 discedens
1805 3638 1820 3661 ,
1851 3597 2115 3666 pollicitus

541 3703 626 3748 est
654 3695 880 3749 credere
908 3695 960 3745 in
993 3694 1462 3756 resurrectionem,
1489 3692 1638 3759 juxta
1664 3691 1854 3745 seriem
1876 3691 2113 3760 Scriptu-

543 3799 722 3838 rarttm
751 3793 1086 3848 sanctarum,
1127 3798 1282 3851 quam
1314 3797 1473 3851 supra
1503 3785 1933 3838 memoravimus.

615 3895 750 3950 XIV.
781 3895 910 3949 Erat
935 3907 1110 3949 autem
1142 3906 1264 3949 tunc
1292 3896 1544 3964 temporis
1569 3895 1898 3948 Tlieodulfns
1936 3894 2116 3948 diaco-

544 4004 646 4044 nus
691 3990 839 4043 urbis
888 3989 1166 4043 Parisiacm
1193 4029 1206 4050 ,
1235 3990 1322 4057 qui
1375 3989 1474 4043 sibi
1521 3988 1800 4042 videbatur
1843 3988 1895 4041 in
1939 3989 2116 4056 aliquo

544 4083 742 4136 sciolus
773 4080 819 4145 δ,
852 4083 938 4151 qui
969 4085 1162 4150 smpiits
1189 4081 1255 4134 de
1287 4084 1384 4135 hac
1410 4097 1568 4136 causa
1596 4081 1973 4135 altercationes
2005 4098 2116 4133 ino-

543 4173 719 4226 vebat.
753 4173 847 4225 Hic
875 4180 1051 4225 autem
1077 4172 1140 4224 de
1170 4172 1382 4224 Parisiis
1414 4173 1552 4226 urbe
1595 4170 1909 4234 abscedens,
1943 4173 2116 4224 Ande-

544 4262 694 4330 gavis
719 4262 883 4326 venit,
913 4269 969 4315 et
996 4275 1054 4315 se
1081 4261 1337 4315 Andoveo
1372 4273 1392 4297 σε
1427 4261 1676 4328 episcopo
1701 4260 1954 4322 subdidit,
1991 4275 2115 4326 pro-

547 4364 663 4424 pter
691 4358 958 4424 antiquam
989 4355 1296 4416 amicitiam,
1328 4370 1483 4422 quam
1529 4353 1683 4406 simul
1718 4351 1947 4405 Parisios
1972 4368 2118 4406 com-

547 4459 818 4504 morantes
839 4451 1132 4505 habuerant
1156 4468 1169 4504 :
1195 4450 1332 4503 unde
1354 4462 1405 4504 et
1427 4465 1454 4502 a
1476 4448 1815 4512 Ragneinodo
1839 4449 2116 4502 Parisiacae

547 4544 696 4594 urbis
743 4543 1027 4610 episcopo,
1058 4543 1253 4611 sacpius
1298 4541 1788 4594 excommunicatus
1835 4550 1945 4603 est,
1978 4543 2114 4610 quod
2147 4528 2194 4586 Β

547 4635 613 4688 ad
639 4636 918 4688 ecclesiam
949 4651 1098 4689 suam
1128 4652 1179 4687 ιιι
1209 4651 1309 4701 qua
1333 4637 1587 4687 diaconus
1616 4633 1891 4688 ordinatus
1923 4635 2112 4701 fuerat,

547 4725 725 4780 redire
745 4723 1004 4779 dilferret.
1024 4725 1120 4778 Hic
1143 4726 1193 4777 in
1215 4734 1356 4776 tanta
1381 4722 1736 4777 familiaritate
1756 4739 1871 4777 cum
1900 4724 2119 4792 prtefato

549 4817 849 4882 Andegavae
871 4817 1014 4869 urbis
1035 4820 1284 4881 episcopo
1305 4815 1620 4878 adhaeserat,
1640 4825 1694 4866 ut
1720 4831 1822 4869 non
1853 4829 1912 4868 se
1941 4823 2121 4882 posset

547 4911 617 4961 ab
646 4910 761 4974 ejus
792 4907 1194 4973 importunitate
1239 4906 1502 4960 discutere
1522 4946 1536 4969 ,
1571 4919 1666 4974 pro
1693 4921 1758 4960 eo
1787 4906 1924 4973 quod
1967 4905 2118 4958 bonis

550 5003 787 5054 moribus
815 5009 869 5051 et
898 4998 1085 5052 affectu
1137 4998 1224 5066 pio
1267 5009 1398 5051 erat.
1450 4997 1664 5051 Factum
1715 5005 1797 5051 est
1844 5004 2019 5050 autem
2062 5008 2120 5053 ιιι

623 5171 644 5193 ὀ
675 5161 762 5214 Sic
791 5159 936 5213 Colb.
973 5175 1067 5219 m.;
1102 5159 1311 5226 Regm.,
1343 5159 1622 5212 voluntates
1645 5174 1783 5212 suas.
1831 5157 1966 5211 Editi
1995 5172 2115 5212 cum

553 5231 700 5287 Bec..
733 5232 1068 5297 voluptatibus
1093 5231 1216 5281 suis.

621 5299 648 5338 δ
678 5301 887 5368 Regni"
917 5302 1000 5369 qui
1037 5301 1110 5350 sic
1155 5299 1415 5351 videbatur
1453 5299 1668 5350 solus-in
1699 5299 1905 5369 altario,
1935 5306 1989 5349 ut
2014 5312 2113 5369 smj

550 5372 664 5436 pius
685 5373 750 5420 ad
768 5367 916 5423 fidem
930 5367 1172 5422 accedens
1194 5370 1543 5420 altercationes
1572 5379 1812 5421 moveret.
1842 5368 1992 5428 ΒΜ..
2026 5367 2114 5435 qui

548 5440 735 5507 sa'pirts
764 5440 814 5489 in
842 5453 1018 5492 eadem
1043 5441 1264 5491 'ecclesia
1292 5440 1664 5501 altercationes,
1689 5450 1814 5502 etin,
1849 5450 1903 5490 ιιι
1928 5437 2110 5504 Regni.

550 5509 641 5562 Sic
675 5511 781 5560 fere
808 5508 962 5561 habet
991 5524 1198 5575 qunque
1226 5509 1375 5562 Colb.
1404 5525 1496 5570 tn.,
1521 5510 1626 5561 nisi
1653 5513 1789 5576 quod
1822 5525 1916 5576 pro
1945 5509 1997 5560 in
2027 5524 2115 5560 ea-

553 5585 667 5630 dem
692 5578 897 5630 ecclesia
921 5579 1076 5629 habet
1105 5579 1236 5630 idem
1261 5594 1457 5639 accesa,
1489 5579 1760 5631 mendose.

625 5657 649 5684 ⁴τ
683 5646 864 5713 Regm.
889 5662 941 5702 et
967 5647 1115 5700 Colh.
1151 5665 1244 5710 tn.,
1278 5648 1538 5709 Audoeno,
1565 5647 1652 5714 qui
1683 5649 1757 5700 sic
1786 5663 1993 5715 quoque
2021 5663 2114 5710 ap-

553 5718 782 5780 pellatur
807 5716 857 5772 in
880 5717 1152 5772 Cbartario
1173 5717 1340 5770 sancti
1365 5718 1533 5784 Scrgii
1566 5718 1788 5782 Andeg.,
1821 5730 1868 5768 ιιι
1897 5729 2113 5771 mouent

2206 1889 2329 1943 tidie
2358 1886 2688 1956 iniquitatem
2707 1881 2732 1918 ά
2755 1887 3121 1949 consurgeret,
3139 1888 3192 1930 et
3219 1872 3551 1930 Clirodieldis
3579 1884 3776 1941 aggre-

2204 1980 2337 2049 gatis
2382 1971 2520 2041 sibi,
2554 1983 2611 2028 ut
2659 1989 2814 2042 supra
2840 1972 3091 2031 diximus,
3139 1967 3450 2027 homicidia,
3494 1964 3779 2022 maleficis.

2206 2071 2480 2135 adulteris,
2514 2067 2744 2138 fugitivis
2787 2072 2843 2120 et
2886 2063 3209 2133 reliquorum
3249 2059 3530 2114 criminum
3563 2061 3692 2122 reis,
3727 2057 3780 2109 in

2205 2164 2465 2219 seditione
2496 2171 2672 2230 parata
2697 2154 3144 2224 resideret,iussit
3186 2153 3348 2216 eisut
3393 2152 3660 2206 irruentes
3685 2165 3780 2202 no-

2206 2267 2292 2311 cte
2315 2256 2364 2308 in
2395 2253 2777 2308 monasterium
2801 2247 3120 2304 abbatissam
3147 2243 3288 2300 foras
3317 2242 3680 2300 extraherent.
3711 2247 3781 2296 At

2205 2347 2296 2402 illa
2327 2345 2606 2400 tumultum
2637 2341 2873 2395 sentiens
2901 2336 3248 2400 venientium,
3275 2334 3340 2389 ad
3367 2344 3564 2388 sancta:
3590 2329 3783 2386 Crucis

2207 2455 2382 2493 arcam
2405 2452 2463 2490 se
2486 2435 2754 2504 deportari
2781 2432 3020 2502 poposcit
3041 2445 3056 2483 :
3075 2428 3398 2499 gravabatur
3423 2425 3559 2480 enim
3590 2425 3784 2481 dolore

2210 2529 2446 2586 lnunoris
2474 2525 2766 2598 podagrici,
2791 2526 2991 2578 scilicet
3020 2531 3076 2576 ut
3097 2523 3174 2574 vel
3198 2520 3601 2587 ejus-loverctur
3623 2515 3781 2568 auxi-

2209 2626 2300 2678 lio.
2333 2623 2438 2677 Sed
2469 2621 2555 2675 ubi
2585 2617 2809 2689 ingressi
2853 2615 2973 2681 viri,
3015 2627 3171 2669 cerea
3201 2624 3444 2673 accenso,
3467 2622 3582 2661 cum
3612 2607 3784 2660 armis

2213 2718 2314 2769 huc
2335 2715 2562 2781 illucque
2583 2717 2900 2778 vagarentur
2927 2722 3019 2776 per
3041 2703 3420 2757 monasterium
3449 2699 3786 2768 inquirentes

2211 2825 2350 2874 eam,
2384 2807 2715 2860 introeuntes
2747 2803 2797 2856 in
2827 2801 3115 2855 oratorium
3136 2839 3151 2861 ,
3183 2803 3492 2864 repererunt
3517 2793 3786 2861 iacentem

2212 2913 2371 2968 super
2399 2896 2613 2949 humum
2645 2900 2768 2948 ante
2797 2906 2972 2945 arcam
3003 2897 3199 2942 sanctis
3229 2885 3436 2940 Crucis.
3469 2883 3618 2937 Tunc
3645 2897 3786 2935 unus

2213 2991 2453 3047 acerbior
2498 2987 2737 3052 caeteris,
2768 2987 2855 3055 qui
2887 2987 2952 3039 ad
2986 2986 3085 3038 hoc
3132 2983 3305 3037 scelus
3351 2979 3665 3048 patrandum
3698 2994 3788 3048 ag.

2213 3098 2430 3154 gressus
2451 3082 2635 3135 fuerat.
2653 3091 2707 3134 ut
2732 3078 3051 3134 abbatissam
3075 3075 3248 3143 gladio
3265 3072 3546 3136 divideret,
3566 3075 3635 3124 ab
3655 3070 3789 3135 alio,

2219 3185 2275 3230 ut
2295 3177 2475 3236 credo,
2507 3176 2684 3227 divina
2717 3171 3042 3240 providentia
3071 3175 3411 3235 cooperante,
3444 3166 3617 3218 cultro
3668 3177 3791 3232 per-

2218 3269 2435 3321 cutitur.
2462 3265 2763 3319 Proﬂuente
2796 3277 2920 3316 vero
2942 3261 3196 3330 sanguine
3235 3259 3350 3312 solo
3379 3258 3668 3319 decubans,
3695 3269 3792 3305 vo-

2222 3371 2326 3412 tum
2369 3357 2508 3425 quod
2549 3355 2650 3409 levi
2699 3361 3018 3420 conceperat
3053 3351 3250 3413 animo,
3282 3363 3386 3401 non
3415 3345 3666 3416 explevit.
3701 3343 3793 3396 lu-

2222 3464 2362 3505 terca
2392 3449 2602 3521 Iustina
2629 3458 2652 3484 ε
2687 3445 2969 3515 praeposita
3008 3458 3128 3498 cum
3178 3442 3295 3498 aliis
3343 3438 3619 3494 sororibus
3651 3437 3792 3502 palla

2220 3543 2422 3606 altaris,
2446 3539 2584 3607 quod
2616 3549 2731 3592 erat
2756 3547 2878 3590 ante
2903 3535 3123 3589 Crucem
3151 3531 3494 3594 dominicam,
3522 3537 3795 3582 exstincto

2218 3647 2395 3690 aereo,
2423 3629 2740 3683 abbatissam
2766 3626 2961 3694 .operit.
3014 3623 3119 3680 Sed
3167 3621 3433 3678 venientes
3465 3636 3583 3675 cum
3614 3619 3796 3690 evagi-

2221 3723 2357 3776 natis
2384 3721 2571 3789 gladiis
2598 3734 2659 3772 ac
2691 3719 2914 3782 lanceis,
2945 3718 3110 3771 scissa
3142 3727 3308 3779 veSte,
3343 3725 3395 3769 et
3427 3727 3563 3783 pene
3589 3713 3797 3765 sancti-

2221 3810 2530 3864 monialium
2562 3808 2804 3861 manibus
2835 3806 3045 3860 laniatis
3070 3847 3084 3870 ,
3115 3804 3501 3874 apprehensam
3530 3802 3798 3872 praeposi-

2221 3911 2324 3954 tam
2375 3915 2468 3969 pro
2513 3899 2817 3963 abbatissa,
2870 3902 2988 3966 quia
3042 3897 3278 3951 tenebrat
3329 3905 3500 3960 erant,
3551 3891 3799 3947 excussis

2220 3991 2634 4053 linteaminibus,
2664 4005 2693 4042 a
2720 3991 2892 4057 capite
2929 3989 3099 4042 soluta
3147 3987 3399 4050 czesarie,
3431 3985 3589 4054 503
3615 3986 3798 4039 detra-

2223 4083 2372 4146 hunt,
2402 4090 2455 4135 et
2485 4095 2648 4149 usque
2694 4079 2964 4134 basilicam
3010 4079 3179 4132 sancti
3223 4077 3407 4130 Hilarii
3437 4077 3573 4129 inter
3603 4091 3798 4130 manus

2189 4186 2192 4188 '
2220 4170 2730 4226 dcferuntcustodia:
2747 4171 3170 4239 mancipandam.
3189 4168 3798 4237 Appropinquantcsque

2222 4266 2471 4327 basilicas,
2497 4267 2632 4319 caelo
2665 4266 2928 4318 modicum
2956 4264 3281 4332 albescente,
3311 4261 3399 4315 ubi
3429 4272 3798 4328 cognoverunt

2222 4378 2325 4414 non
2374 4375 2491 4414 csse
2538 4363 2893 4423 abbatissam,
2928 4374 3048 4412 mox
3093 4359 3156 4412 ad
3204 4359 3583 4412 monasterium
3615 4359 3798 4412 redire

2221 4452 2449 4521 puellam
2481 4452 2817 4520 prmcipiunt;
2849 4459 3300 4518 revertentesque,
3333 4449 3655 4503 abbatissam
3694 4463 3794 4515 ap-

2223 4545 2575 4610 prehendunt,
2607 4547 2914 4607 extrahunt,
2944 4551 2997 4596 et
3026 4543 3076 4594 in
3102 4541 3419 4604 custodiam,
3443 4541 3591 4606 juxta
3619 4544 3796 4593 sancti

2223 4634 2404 4688 Hilarii
2437 4633 2731 4694 basilicam,
2764 4632 2815 4685 in
2850 4633 2963 4684 loco
2992 4632 3075 4683 ubi
3112 4632 3298 4684 Basina
3346 4642 3598 4684 metatum
3631 4631 3797 4683 babe-

2222 4725 2327 4790 bat,
2351 4725 2653 4789 retrudnnt,
2690 4726 2874 4792 positis
2903 4723 2966 4775 ad
2994 4723 3190 4775 ostium
3223 4722 3556 4782 custodibus,
3587 4736 3654 4772 ne
3678 4721 3797 4788 quis

2220 4818 2381 4869 ullum
2413 4817 2632 4882 captivae
2671 4815 2927 4882 prmberet
2953 4813 3225 4867 auxilium.
3259 4812 3462 4866 Exinde
3489 4819 3642 4864 nocte
3667 4809 3798 4863 sub-

2219 4905 2443 4959 obscure
2491 4905 2722 4974 aggressi
2774 4905 3185 4970 monasterium,
3232 4918 3348 4957 cum
3396 4901 3543 4955 nullo
3590 4899 3797 4967 fulgore

2220 5001 2428 5053 accensi
2485 4997 2698 5051 luminis
2763 4997 3090 5064 potirentur,
3141 5004 3376 5049 extracta
3426 4995 3794 5063 promptuario

2217 5154 2609 5212 Sammartliani
2637 5154 2688 5206 in
2710 5152 2873 5206 Gallia
2904 5152 3103 5206 Christ.

2291 5225 2315 5262 ἀ
2353 5228 2495 5287 item,
2529 5225 2682 5278 Coll).
2716 5243 2784 5276 Ill.
2819 5238 2871 5276 et
2901 5225 3100 5292 aliquot
3125 5223 3276 5289 editi,
3311 5224 3360 5276 in
3390 5227 3634 5292 ampliori
3663 5245 3791 5293 quo-

2219 5297 2342 5349 tidie
2369 5297 2649 5364 iniquitate.

2291 5376 2313 5403 ι·
2347 5362 2526 5419 Proea
2551 5365 2613 5416 ad
2641 5362 2949 5426 Gregorium
2975 5363 3185 5429 scripsit
3208 5363 3532 5418 Fortunatus
3556 5367 3646 5418 lib.
3674 5384 3791 5431 vin,

2218 5453 2384 5490 carm.
2431 5435 2515 5497 15,
2548 5445 2603 5488 et
2675 5437 2949 5501 epi~tolam
3001 5436 3172 5488 eidem
3221 5437 3440 5488 carmini
3500 5439 3787 5501 praelixam.

2217 5505 2471 5560 Eamdem
2527 5506 2766 5575 Gregorii
2822 5504 2986 5556 nostri
3059 5515 3266 5574 neptem
3296 5507 3526 5575 appellat
3555 5507 3687 5560 libro
3715 5522 3791 5572 ιι,

2221 5593 2389 5630 carm.
2427 5578 2476 5634 7,
2513 5575 2661 5628 Unde
2705 5575 2928 5640 conjicio
2981 5591 3097 5629 eam
3147 5576 3306 5627 tiliam
3357 5576 3523 5630 fuisse
3570 5577 3790 5641 .Iustini,

2220 5649 2307 5715 qui
2339 5644 2536 5698 sororis
2566 5645 2802 5705 Gregorii
2829 5646 2908 5698 vir
2939 5645 3114 5715 fuisse,
3147 5646 3341 5700 dicitur
3367 5645 3504 5701 libro
3534 5663 3571 5701 tt
3600 5647 3668 5702 de
3697 5647 3786 5702 Μὶ-

2217 5719 2414 5771 rai-nlis
2437 5719 2602 5770 sancti
2634 5717 2861 5774 Martini,
2894 5718 3066 5778 capite
3092 5714 3148 5767 2.
