3942 6190
156 268 261 323 545

1057 268 1368 326 HISTORIA
1416 269 1863 326 FRANCORUM.
1906 268 2114 325 LIBER
2153 270 2472 330 DECIMUS.

3324 276 3426 333 546

155 399 346 452 cuppa,
375 399 492 452 qua:
523 382 651 437 olim
682 382 799 451 pice
829 382 979 436 linita
1009 382 1148 436 sicca
1183 392 1536 448 remanserat,
1563 385 1735 454 ignem
1767 383 2017 444 Actione
2048 394 2337 454 prematur.
2376 385 2477 437 Pro
2510 386 2606 440 bac
2634 400 2794 442 causa
2823 387 3060 443 Macconi
3082 433 3096 457 ,
3131 399 3253 444 tunc
3281 397 3422 444 tein-

161 478 428 548 iujiciunt,
460 476 708 544 factaque
734 473 903 542 pharo
931 489 1119 543 magna
1156 475 1225 529 de
1267 475 1422 543 hujus
1464 476 1733 541 incendio,

162 582 399 623 cunctam
448 566 763 621 monasterii
811 566 1195 634 supellectilem
1264 576 1584 635 rapuerunt,
1637 569 1736 621 hoc

161 671 358 716 tantum
389 662 532 730 quod
576 658 720 715 ferre
766 675 869 713 non
904 669 1148 726 poterant
1180 658 1561 727 relinquentes.
1610 659 1736 713 Haec

158 764 327 807 autem
356 760 504 817 gesta
546 758 672 804 sunt
698 757 821 803 ante
851 757 1056 816 septem
1087 748 1201 801 dies
1230 748 1464 801 Paschae.
1496 747 1735 817 Cumque

159 846 439 913 episcopus
489 842 606 897 haec
652 842 830 894 omnia
879 841 1113 909 graviter
1159 841 1343 907 ferret,
1386 857 1487 896 nec
1536 842 1734 897 valeret

156 938 464 992 seditionem
478 933 800 988 diabolicam
822 932 1083 999 mitigare,
1100 931 1237 986 misit
1255 932 1319 985 ad
1334 930 1728 997 (Zhrodieldcm,

156 1030 366 1084 dicens:
395 1026 658 1095 Relinque
687 1024 1033 1085 abbatissam,
1060 1034 1116 1076 ut
1144 1022 1198 1076 in
1221 1023 1303 1075 his
1327 1020 1515 1077 diebus
1549 1024 1599 1075 in
1632 1023 1732 1075 hoc

150 1134 363 1175 carcere
385 1135 490 1172 non
515 1118 808 1171 retineatur
831 1131 846 1168 :
872 1114 1066 1183 alioqui
1093 1129 1197 1167 non
1220 1113 1501 1168 celebrabo
1526 1113 1728 1167 Pascha

151 1214 379 1277 Domini,
398 1226 574 1281 neque
602 1211 923 1277 baptismum
953 1210 1003 1261 in
1031 1209 1128 1261 bac
1158 1210 1291 1261 urbe
1321 1207 1460 1259 ullus
1481 1206 1731 1261 catechu-

149 1320 335 1361 menus
365 1303 657 1369 obtinebit,
676 1302 779 1356 nisi
802 1301 1071 1355 abbatissa
1098 1316 1127 1354 a
1156 1300 1366 1354 vinculo
1388 1314 1494 1367 quo
1521 1308 1731 1353 tenetur

146 1400 391 1467 jubeatur
414 1395 647 1451 absolvi.
688 1395 840 1461 Quod
870 1395 914 1447 si
949 1407 1046 1447 nec
1073 1392 1153 1446 sic
1196 1391 1472 1446 volueritis
1500 1390 1725 1459 absolvi,

148 1488 381 1544 collectis
410 1487 618 1541 civibus
651 1486 887 1539 auferam
932 1499 1072 1538 eam.
1122 1483 1246 1536 Haec
1271 1498 1335 1537 eo
1362 1482 1596 1547 dicente,
1620 1490 1729 1534 sta-

146 1582 234 1635 tim
284 1577 630 1634 Chrodieldis
694 1589 1059 1643 percussores-
1089 1574 1308 1643 deputat
1338 1613 1354 1635 ,
1394 1573 1578 1627 dicens
1619 1590 1634 1626 :
1670 1571 1727 1626 Si

148 1685 260 1723 eam
340 1668 606 1722 violenter
679 1668 798 1735 quis
872 1665 1085 1719 auferre
1164 1664 1488 1729 tentaverit,
1545 1663 1724 1717 statim

1842 475 1986 542 poris
2014 476 2222 537 comiti,
2248 483 2452 543 prolata
2487 490 2772 550 praeceptio
2801 490 2907 548 est,
2938 483 2989 535 in
3016 498 3117 551 qua
3137 484 3423 550 jubebatur

1840 575 1890 619 ut
1944 567 2079 620 hanc
2123 568 2464 635 seditionem,
2499 574 2540 625 si
2591 573 2920 635 resisterent.
2975 577 3021 628 vi
3066 578 3417 645 opprimeret.

1840 657 1964 712 [hec
2011 659 2233 713 audiens
2279 660 2636 728 Chrodieldis,
2679 666 2899 719 sicarios
2946 667 3077 721 istos
3105 681 3224 721 cum
3252 668 3417 722 armis

1836 760 1959 802 ante
2009 753 2206 805 ostium
2254 755 2473 807 oratorii
2513 766 2689 809 astare
2720 757 2894 827 jubet,
2926 768 2981 811 ut
3019 758 3224 815 scilicet
3253 777 3412 828 repu-

1833 850 2057 909 gnantes
2083 852 2267 895 contra
2293 844 2550 912 judicent,
2575 847 2617 900 si
2640 849 2747 900 vim
2778 851 2938 903 vellet
2967 848 3185 914 inferre,
3213 853 3413 919 pariter

1834 932 2179 987 resultarent.
2220 935 2371 989 Unde
2396 938 2770 992 necessarium
2798 939 2899 993 fuit
2929 941 3048 994 huic
3077 943 3258 995 comiti
3288 942 3413 997 illuc

1833 1038 1952 1077 cum
1996 1025 2161 1078 armis
2207 1028 2517 1094 procedere,
2546 1039 2600 1084 et
2645 1032 2901 1099 quosdam
2951 1046 3118 1087 θέρεος
3148 1034 3412 1098 vectibus,

1832 1116 2117 1171 nonnullos
2145 1117 2262 1171 telis
2292 1119 2610 1187 transfixos,
2639 1132 2693 1175 et
2738 1122 2915 1177 acrius
2958 1124 3272 1178 resultantes
3297 1125 3412 1192 gla-

1830 1208 2037 1263 diorum
2070 1209 2271 1265 ictibus
2301 1210 2523 1267 allectos
2553 1211 2881 1282 opprimere.
2911 1213 3062 1280 Quod
3091 1229 3209 1268 cum
3239 1214 3412 1268 Chro—

1829 1298 2022 1353 dieldis
2078 1311 2363 1365 cerneret,
2409 1312 2625 1374 accepta
2689 1320 2851 1359 cruce
2903 1307 3207 1368 Dominica,
3257 1322 3412 1375 cujus

1830 1388 1976 1457 prius
2018 1392 2263 1447 virtutem
2290 1393 2627 1464 despexerat,
2662 1397 2712 1450 in
2759 1397 2971 1451 obviam
3018 1399 3289 1468 egreditur
3328 1401 3411 1454 die

1828 1495 1954 1535 cens
1979 1500 1991 1533 :
2020 1482 2195 1538 Nolite
2220 1500 2381 1553 super
2404 1503 2511 1551 me,
2537 1503 2743 1556 quaeso,
2770 1491 2877 1543 vim
2905 1490 3121 1557 inferre,
3145 1508 3264 1561 quae
3289 1510 3406 1547 sum

1828 1576 2036 1642 regina,
2094 1575 2197 1629 filia
2251 1578 2424 1647 regis,
2473 1579 2716 1649 regisque
2771 1581 2993 1637 alterius
3043 1586 3402 1651 consobrina;

1827 1665 1988 1720 nolite
2010 1668 2203 1731 facere,
2233 1684 2298 1721 ne
2318 1669 2513 1736 juando
2541 1672 2715 1725 veniat
2745 1671 2903 1744 505
2936 1684 3167 1745 tempus,
3191 1688 3245 1729 ut
3275 1678 3405 1733 ulci-

146 1780 256 1817 eam
317 1761 497 1831 gladio
549 1762 832 1829 percutite.
904 1758 1089 1812 Adfuit
1144 1768 1323 1811 autem
1377 1757 1567 1811 diebus
1614 1756 1722 1811 illis
1752 1777 1798 1838 Β
1825 1771 1945 1810 scar
1989 1772 2055 1812 ex
2084 1761 2252 1813 vobis.
2288 1761 2393 1815 Sed
2425 1762 2611 1831 vulgus
2655 1765 3045 1833 parvipendens
3082 1783 3201 1838 qua:
3242 1769 3311 1823 ab
3339 1786 3401 1824 ea

146 1856 430 1910 Flavianus
477 1868 648 1921 nuper
695 1852 1024 1905 domesticus
1074 1851 1383 1914 ordinatus,
1428 1850 1581 1919 cujus
1620 1864 1722 1917 0pc

142 1946 407 1999 abbatissa
435 1946 605 1998 sancti
639 1943 823 1997 Hilarii
857 1942 1097 2009 ingressa
1142 1940 1410 1994 basilicam
1442 1940 1723 1995 abscondi-

142 2050 222 2093 tur
250 2038 269 2109 [
296 2038 384 2092 Sic
414 2036 565 2099 Bec.;
596 2037 669 2089 al.
698 2032 1055 2104 absolvitur].
1104 2034 1247 2088 Inter
1293 2033 1405 2088 ha-c
1434 2032 1498 2095 ad
1544 2032 1723 2101 sepul-

138 2147 285 2185 crum
316 2139 519 2183 sancta:
551 2127 889 2194 Radegundis
920 2123 1201 2179 homicidia
1244 2135 1639 2193 perpetrantur,
1669 2132 1723 2177 et

140 2233 257 2276 ante
288 2221 459 2289 ipsam
504 2219 675 2273 beatae
704 2217 890 2271 Crucis
920 2231 1097 2271 arcam
1128 2215 1339 2283 quidam
1370 2230 1466 2283 per
1503 2214 1722 2269 seditio-

140 2328 257 2368 nem
288 2312 520 2365 trnncati
550 2320 693 2363 sunt.
726 2307 968 2375 Cumque
998 2307 1085 2361 hic
1130 2306 1278 2359 furor
1308 2308 1721 2375 superveniente

138 2407 220 2460 die
244 2421 341 2473 per
374 2402 708 2458 Cbrodieldis
735 2401 1035 2469 superbiam
1068 2408 1372 2468 augeretur,
1408 2409 1460 2452 et
1490 2398 1719 2452 .‘lSSIduiB

139 2495 310 2551 caedes
339 2504 394 2550 et
420 2493 641 2562 reliquae
666 2496 853 2562 plagaz.
878 2506 1011 2560 quas
1036 2505 1196 2557 supra
1222 2491 1656 2553 memoravimus,
1689 2503 1719 2541 a

140 2587 496 2643 seditionariis
527 2594 961 2656 perpetrareutur
985 2624 1001 2647 ,
1030 2593 1188 2650 atque
1232 2583 1303 2635 ita
1328 2582 1441 2636 base
1463 2581 1719 2649 jactantia

141 2680 421 2733 tumuisset
446 2689 502 2731 ut
542 2676 915 2731 consobrinam
946 2689 1096 2728 suam
1134 2673 1377 2727 Basinam
1420 2671 1597 2726 aliiori
1628 2688 1717 2723 co-

144 2770 330 2823 thurno
378 2766 716 2836 despiceret,
766 2764 851 2817 illa
906 2764 1275 2833 paenitentiam
1324 2777 1485 2832 agere
1531 2763 1712 2831 coepit,

143 2861 357 2915 dicens:
384 2858 571 2913 Erravi
601 2856 873 2926 sequendo
921 2855 1252 2910 Chrodieldis
1288 2854 1631 2923 jactantiatn;
1664 2862 1719 2907 et

144 2970 261 3010 ecce
310 2952 586 3023 despectui
632 2950 832 3005 habeor
860 2950 926 3004 ab
951 2949 1160 3013 eadem,
1190 2958 1243 3003 et
1270 2948 1553 3001 abbatissae
1584 2960 1717 2999 mea:

146 3058 421 3100 contumax
457 3044 652 3098 existo.
704 3043 766 3096 Et
794 3039 956 3112 504Ι
998 3054 1254 3094 conversa
1276 3081 1291 3102 ,
1324 3038 1619 3092 bumiliavit
1657 3050 1717 3090 se

1827 1847 2157 1909 dicebantur,
2193 1850 2422 1909 irruens.
2458 1863 2513 1904 ut
2539 1852 2792 1917 diximus,
2823 1871 2981 1922 supra
3014 1861 3112 1911 bos
3138 1859 3400 1912 resiiltan-

1829 1952 1907 1995 tes
1936 1983 1949 2007 ,
1975 1946 2183 1998 vinetos
2224 1948 2544 2000 monasterio
2582 1958 2953 2012 extraxerunt.
2986 1966 3048 2006 ac
3086 1954 3152 2008 ad
3199 1955 3405 2024 Stipites

1826 2044 2093 2100 extensos,
2125 2039 2438 2107 gravissime
2486 2054 2671 2106 caesos,
2698 2042 2823 2117 aliis
2864 2045 3107 2107 ctesarie,
3140 2045 3260 2100 aliis
3288 2063 3401 2099 ma-

1827 2133 2002 2199 ttibus,
2040 2134 2309 2187 nonnullis
2357 2135 2569 2188 auribus
2600 2136 2924 2206 naribusque
2968 2138 3185 2206 decisis,
3212 2140 3403 2195 seditio

1825 2222 2075 2292 depressa
2119 2228 2337 2291 quievit.
2368 2227 2517 2282 Tunc
2544 2228 2898 2284 residentibus
2922 2232 3285 2287 sacerdotibus
3314 2233 3402 2301 qui

1823 2319 2048 2372 aderant
2094 2333 2252 2386 super
2298 2320 2524 2374 tribunal
2560 2321 2835 2387 Ecclesiae,
2864 2324 3029 2378 adfuit
3060 2324 3401 2380 Chrodieldis

1825 2411 1986 2464 multa
2012 2411 2061 2463 in
2091 2411 2640 2481 abbatiSsam-jactans
2662 2413 2903 2469 convicia
2927 2429 3044 2468 cum
3063 2413 3402 2482 criminibus,

1822 2516 2070 2556 asserens
2101 2518 2215 2556 earn
2248 2504 2419 2556 virum
2453 2504 2649 2559 habere
2675 2506 2728 2558 in
2756 2507 3103 2571 monasterio,
3128 2509 3216 2577 qui
3248 2509 3400 2563 indu-

1825 2604 1908 2650 tbs
1938 2598 2249 2652 veStimenta
2269 2598 2571 2665 muliebria,
2597 2615 2691 2668 pro
2721 2599 2912 2654 femina
2948 2600 3252 2669 haberetur,
3275 2618 3396 2657 cum

1821 2696 1967 2742 esset
1996 2686 2076 2740 vir
2105 2687 2538 2743 manifestissime
2563 2689 2885 2754 declaratus,
2913 2701 3071 2759 atque
3109 2691 3208 2759 ipsi
3238 2691 3401 2745 abba»

1823 2782 1967 2833 tissa
2008 2779 2351 2834 lamularetur
2380 2781 2592 2835 assidue
2612 2823 2627 2845 ,
2658 2782 2897 2834 indicans
2942 2795 3064 2834 eum
3095 2781 3296 2848 digito:
3322 2782 3398 2835 En

1822 2873 2015 2941 ipsum.
2043 2872 2141 2937 Qui
2166 2887 2283 2925 cum
2311 2871 2360 2924 in
2391 2880 2559 2935 veste,
2587 2880 2643 2925 ut
2662 2871 2912 2937 diximus,
2941 2870 3188 2925 muliebri
3215 2887 3394 2925 coram

1820 2963 2068 3017 omnibus
2095 2963 2385 3029 astitisset,
2416 2962 2548 3017 dixit
2575 2976 2634 3016 se
2665 2962 2862 3015 nullum
2893 2976 3028 3030 opus
3056 2974 3213 3031 posse
3238 2961 3398 3016 virile

1821 3070 2003 3125 agere,
2026 3056 2252 3125 ideoque
2278 3055 2377 3110 sibi
2405 3056 2509 3111 hoc
2558 3057 2923 3111 indumentum
2953 3064 3197 3125 aptasse;
3232 3058 3398 3112 abba-

145 3151 319 3189 coram
360 3135 652 3195 abbatissa,
680 3147 937 3200 expetens
969 3146 1151 3198 pacem
1199 3130 1346 3197 ejus;
1393 3125 1715 3197 fueruntque

1827 3145 2002 3199 lissam
2024 3159 2153 3201 vero
2181 3146 2391 3200 nonnisi
2416 3156 2619 3201 tantum
2645 3146 2861 3201 nomine
2888 3162 3066 3212 nosse,
3091 3162 3254 3217 seqne
3276 3165 3395 3203 eam

148 3229 332 3296 pariter
361 3243 468 3281 uno
497 3225 675 3280 animo
698 3224 989 3292 eademque
1017 3223 1307 3276 voluntate.
1336 3222 1570 3291 Denique
1597 3229 1731 3275 orto:

150 3319 413 3381 seandalo,
445 3317 596 3386 pueri
645 3315 735 3385 qui
782 3330 901 3367 cum
928 3314 1195 3367 abbatissa
1225 3324 1397 3376 erant,
1427 3313 1553 3365 dum
1579 3310 1719 3365 sedi.

150 3413 267 3466 tioni
297 3426 456 3481 quam
493 3408 831 3471 Chrodieldis
860 3408 1038 3461 schola
1098 3403 1359 3477 [omnis]
1407 3405 1715 3470 commovit,

149 3505 472 3562 resisterent,
500 3515 722 3569 puerum
747 3499 953 3552 Basinte
984 3502 1306 3566 percutiunt,
1328 3497 1418 3565 qui
1448 3496 1641 3549 cecidit
1664 3505 1720 3550 et

151 3604 379 3649 mortuus
427 3605 532 3647 est.
591 3594 663 3646 At
704 3591 777 3644 illi
826 3598 948 3659 post
993 3589 1319 3643 abbatissam
1349 3588 1413 3641 ad
1445 3586 1716 3641 basilicam

148 3685 455 3741 confessoris
496 3684 828 3753 confugiunt,
863 3693 915 3735 et
945 3682 1014 3733 ob
1060 3682 1159 3736 hoc
1191 3682 1379 3734 Basina
1411 3681 1592 3734 relicta
1624 3680 1721 3733 ab-

149 3777 327 3832 batissa
350 3778 627 3839 discessit;
659 3774 752 3829 sed
779 3774 958 3844 pueris
981 3774 1173 3828 iterum
1203 3788 1299 3841 per
1325 3773 1502 3842 lugam
1532 3773 1715 3842 lapsis,

148 3867 193 3920 io
218 3884 345 3936 pace
363 3883 523 3938 quam
548 3866 694 3936 prius
722 3868 1016 3920 habuerant
1045 3866 1338 3920 redierunt.
1370 3866 1555 3920 POStea
1590 3878 1719 3919 vero

149 3961 315 4013 multa}
363 3960 507 4013 inter
552 3960 645 4010 bas
687 3956 899 4011 scholas
931 3956 1222 4010 inimicitias
1251 3967 1382 4010 orta:
1413 3966 1555 4011 sunt.
1588 3955 1719 4023 Quis

149 4066 365 4118 unquam
418 4059 595 4102 tantas
644 4048 825 4118 plagas
869 4056 1150 4116 tantasque
1202 4056 1429 4116 strages,
1461 4046 1542 4098 vel
1572 4056 1715 4099 tanta

148 4141 273 4194 mala
302 4139 479 4194 verbis
522 4140 714 4206 poterit
763 4138 1053 4207 explicare,
1081 4136 1169 4190 ubi
1201 4136 1289 4189 vix
1321 4136 1577 4205 prasteriit
1603 4135 1717 4189 dies

147 4237 253 4291 sine
302 4235 626 4295 homicidio,
659 4234 787 4286 hora
842 4232 959 4286 sine
1007 4233 1212 4301 jurgio,
1244 4233 1326 4285 vel
1386 4243 1716 4287 momentum

146 4332 348 4400 aliquod
379 4332 494 4385 sine
524 4330 698 4383 diem!
734 4328 855 4381 llaec
883 4338 1058 4380 autem
1104 4326 1480 4381 Childebertus
1509 4339 1601 4381 rex
1632 4341 1717 4379 aue

148 4424 309 4490 diens,
338 4422 657 4489 legationem
698 4419 762 4471 ad
803 4416 1259 4472 Guntchramnutn
1290 4433 1468 4485 regem
1497 4417 1714 4483 direxit,

1822 3251 2090 3304 nunquam
2114 3237 2336 3302 vidisse,
2368 3252 2540 3308 neque
2568 3253 2689 3293 cum
2722 3238 2909 3294 eadem
2940 3239 3263 3311 colloquium
3296 3242 3393 3294 ha-

1819 3327 2000 3382 buisse
2046 3329 2318 3397 professus
2365 3338 2481 3395 est,
2530 3316 2823 3397 praesertim
2869 3344 2988 3384 cum
3038 3329 3122 3385 hic
3174 3334 3398 3401 amplius

1820 3436 1977 3489 quam
2004 3422 2347 3493 quadraginta
2380 3423 2446 3475 ab
2476 3421 2606 3476 urbe
2638 3420 2846 3476 Pictava
2892 3421 3128 3479 millibus
3156 3424 3397 3492 degeret.

1822 3510 1982 3580 Igitur
2014 3511 2335 3566 abbatissam
2380 3512 2448 3567 de
2495 3515 2598 3567 isto
2639 3513 2863 3569 crimine
2905 3530 3010 3568 non
3051 3514 3393 3581 convincens,

1819 3601 2011 3671 adjecit
2038 3621 2048 3653 :
2078 3603 2203 3670 Qua!
2249 3604 2390 3658 enim
2421 3607 2673 3659 sanctitas
2702 3605 2755 3659 in
2789 3606 2888 3660 hac
2918 3605 3186 3660 abbatissa
3215 3622 3397 3661 versa-

1821 3701 1925 3761 tur,
1956 3708 2077 3760 qua)
2125 3694 2269 3747 viros
2314 3694 2586 3749 eunuchos
2621 3692 2788 3760 facit,
2820 3704 2875 3749 et
2921 3710 3102 3749 secum
3155 3696 3398 3753 habitare

1820 3785 2077 3853 imperiali
2110 3794 2133 3823 α
2166 3785 2357 3840 ordine
2405 3788 2682 3855 prmcipit?
2730 3787 3058 3853 Interrogata
3102 3789 3396 3855 abbatissa,

1819 3892 1879 3931 se
1904 3878 1971 3931 de
2011 3877 2108 3929 hac
2134 3878 2340 3931 ratione
2371 3878 2503 3930 nihil
2534 3879 2670 3931 srire
2705 3878 2998 3945 respondit.
3039 3880 3244 3934 Interea
3271 3896 3392 3935 cum

1819 3967 1933 4021 haec
1964 3979 2154 4019 nomen
2186 3966 2336 4034 pueri
2362 3966 2595 4020 eunuchi
2636 3969 2958 4034 protulisset,
2991 3969 3159 4024 adfuit
3190 3970 3396 4025 Beova-

1822 4059 1884 4111 lis
1928 4057 2209 4120 arcltiatcr,
2238 4056 2463 4111 dicens:
2491 4058 2627 4112 Puer
2678 4060 2775 4114 iste
2821 4060 3072 4129 parvulus
3102 4077 3218 4114 cum
3249 4072 3396 4117 esset

1818 4158 1871 4203 et
1897 4149 2253 4202 infirmaretur
2281 4150 2331 4202 in
2367 4147 2590 4214 femore,
2616 4150 2933 4217 desperatus
2974 4151 3135 4221 ccepit
3169 4152 3393 4219 haberi;

1820 4252 1991 4295 mater
2010 4257 2226 4310 quoque
2249 4241 2366 4311 ejus
2393 4251 2629 4296 sanctam
2656 4242 3031 4312 Radegundem
3060 4246 3244 4312 adlvit,
3270 4255 3323 4299 ut
3344 4247 3395 4304 ei

1820 4334 2032 4403 aliquod
2064 4335 2294 4386 studium
2320 4332 2538 4401 juberet
2566 4334 2821 4401 impendi.
2846 4336 2913 4388 At
2944 4337 3056 4401 illa,
3076 4352 3159 4391 me
3182 4347 3392 4404 Vocato,

1815 4424 1974 4494 juSsit
1997 4434 2052 4477 ut
2098 4426 2141 4477 si
2193 4427 2389 4492 ρος-ἱππ
2439 4424 2662 4494 aliquid,
2698 4425 3028 4495 adjuvat-em.
3081 4427 3229 4480 Tunc
3272 4442 3395 4497 ego,

150 4525 198 4565 ut
223 4516 422 4566 scilicet
450 4511 690 4581 episcopi
714 4512 983 4580 conjuncti
1015 4508 1083 4563 de
1129 4520 1352 4578 utroque
1381 4525 1567 4579 regno,
1602 4510 1715 4564 haec
1742 4551 1796 4612 D
1822 4517 1960 4570 sicut
2009 4517 2277 4585 quendam
2332 4516 2469 4585 apud
2524 4516 2708 4570 urbem
2754 4518 3396 4588 Constantinopolitanam

149 4622 255 4672 qnze
283 4606 601 4667 gerebantur
630 4603 906 4656 sanctione
948 4603 1203 4656 canonica
1234 4601 1601 4656 emendarem.
1635 4603 1714 4657 0b

152 4698 271 4751 hanc
304 4713 523 4752 causam
566 4694 939 4750 Cbildebertus
980 4710 1073 4749 rex
1105 4695 1490 4750 mediocritatis
1517 4704 1714 4749 nostra:

153 4805 456 4856 personam,
505 4803 625 4842 cum
680 4788 974 4857 Ebregisilo
1011 4796 1036 4824 ἰ
1069 4787 1443 4857 Agrippinensi
1495 4798 1545 4842 et
1598 4788 1711 4856 ipso

154 4884 279 4935 urbis
303 4883 533 4936 Pictavac
560 4880 805 4933 Maroveo
831 4894 1083 4949 episcopo
1107 4880 1272 4948 jussit
1300 4882 1516 4943 adesse;
1546 4879 1716 4934 Gunt-

154 4972 419 5025 rhraninus
442 4986 572 5023 vero
598 4984 687 5023 rex
712 4968 1111 5037 Gundegisilnm
1130 4968 1574 5035 Burdegalensem
1593 4984 1712 5023 cum

156 5065 547 5131 provincialibus
577 5063 709 5125 suis,
740 5076 804 5115 eo
851 5063 993 5130 quod
1042 5061 1155 5132 ipse
1198 5062 1507 5130 metropolis
1536 5060 1561 5099 δ
1590 5062 1713 5117 huic

154 5159 251 5211 urbi
294 5168 456 5212 esset.
520 5155 627 5209 Sed
670 5168 767 5207 nos
814 5155 1071 5209 resultare
1121 5155 1424 5223 coepimus,
1472 5154 1713 5210 dicentes

154 5250 270 5314 quod
318 5265 420 5301 non
462 5246 842 5300 accederemus
888 5246 950 5298 ad
1003 5247 1144 5300 hunc
1188 5246 1383 5308 locum,
1420 5247 1521 5302 nisi
1572 5264 1711 5303 sazva

159 5340 341 5401 seditio,
373 5356 491 5408 quae
518 5354 612 5408 per
633 5338 1008 5393 Cbrodieldem
1032 5341 1285 5404 surrexit,
1308 5338 1506 5408 judicis
1536 5340 1718 5395 distri-

222 5503 240 5529 ³
268 5494 473 5558 Regm.,
508 5490 843 5558 Eberegisilo.
874 5492 962 5546 Sic
983 5493 1177 5547 dicitur
1204 5496 1257 5546 in
1292 5495 1381 5548 lib.
1404 5511 1419 5548 I
1440 5495 1506 5547 de
1530 5494 1708 5549 Gloria

162 5561 308 5625 Mart.,
330 5581 448 5633 cap.
475 5564 567 5616 ‘55.
594 5564 859 5617 Successit
878 5562 1222 5631 Charentino,
1251 5574 1305 5616 ut
1331 5581 1395 5619 ex
1422 5566 1712 5620 Fortunato

162 5634 367 5707 cunnus
396 5637 609 5702 probat,
639 5634 760 5687 licet
802 5636 851 5685 in
882 5636 1138 5706 catalogis
1170 5638 1398 5705 vulgatis
1429 5638 1710 5707 Ebregesi-

164 5704 227 5760 lus
244 5706 562 5762 Cbarentino
588 5717 950 5772 praeponatur.

1819 4606 2053 4660 medicos
2073 4622 2229 4676 agere
2254 4620 2659 4675 conspexeram,
2688 4605 2869 4662 incisis
2892 4608 3153 4662 testiculis
3176 4624 3396 4676 puerum

1817 4712 2006 4752 sanum
2052 4697 2298 4766 genitrici
2344 4708 2549 4753 maestae
2599 4697 2833 4752 restitui.
2871 4696 3001 4752 Nam
3043 4700 3171 4753 nihil
3201 4701 3268 4755 de
3299 4702 3398 4755 hac

1818 4803 1978 4843 causa
2026 4788 2347 4842 abbatissam
2397 4791 2533 4843 scire
2576 4792 2821 4859 cognovi.
2868 4792 2974 4845 Sed
3025 4809 3143 4846 cum
3198 4808 3294 4846 nec
3325 4793 3395 4847 de

1820 4883 1921 4936 hac
1949 4897 2007 4936 re
2050 4883 2313 4937 abbatissa
2363 4886 2619 4953 potuisset
2662 4888 2942 4955 culpabilis
2991 4892 3234 4957 reperiri,
3265 4891 3399 4944 alias

1821 4975 1980 5045 caapit
2010 4974 2343 5030 Chrodicldis
2372 4978 2665 5033 calumnias
2703 4996 2873 5035 smvas
2915 4981 3109 5036 inferre
3134 5000 3145 5033 :
3173 4998 3395 5049 quarum

1822 5069 2147 5123 assertiones
2188 5070 2349 5140 506
2392 5072 2903 5143 responsionesque,
2936 5074 3057 5141 quia
3086 5075 3137 5125 in
3163 5071 3395 5141 judicio,

1821 5158 1962 5227 quod
1990 5168 2174 5212 contra
2195 5160 2406 5212 easdem
2437 5162 2694 5229 scriptum
2729 5172 2828 5225 est,
2864 5162 3122 5215 habentur
3152 5164 3394 5231 inserte,

1823 5251 1988 5321 ipsius
2010 5250 2174 5318 magis
2203 5250 2521 5317 exemplaria
2552 5250 2761 5305 lectioni
2794 5252 2945 5304 libuit
2977 5251 3180 5306 indere.

1889 5498 1914 5536 δ
1941 5497 2295 5572 εὼῖλετὶίιιιθ
2307 5500 2571 5564 etCasin.,
2597 5502 3037 5572 metropolitanus;
3056 5506 3274 5572 perinde
3290 5518 3393 5565 est.

1893 5580 1915 5606 ο
1944 5570 2150 5638 “egon,
2174 5574 2397 5634 nuptiali
2437 5575 2633 5625 ordini.
2680 5570 2863 5627 Melior
2890 5585 2972 5628 est
3006 5570 3183 5629 nostra
3214 5580 3391 5635 lectio.

1818 5640 2100 5719 A_ll_u_dehat
2146 5644 2343 5719 quippe
2386 5644 2451 5719 ad
2494 5659 2699 5719 rnorem
2750 5646 3045 5719 antiquum,
3085 5663 3194 5719 quo
3221 5666 3395 5707 eunu-

1818 5713 1905 5767 chi
1933 5711 2360 5783 iutperatricibus
2383 5716 2689 5771 ministrare
2719 5711 2985 5772 solebant.
