4020 6194
581 263 678 317 5η

939 385 1223 427 εςιιιῐιιλκ
1250 384 1434 425 lUDlClI
1465 383 1773 423 EABUMBEM.

658 466 793 520 XVI.
823 484 841 517 ι
871 465 1086 519 Domnis
1107 462 1495 529 gloriosissimis
1526 462 1761 530 regibus,
1792 457 2026 527 episcopi
2054 457 2146 525 qtti

584 559 881 612 adfuerunt.
936 557 1165 624 Propitia
1195 554 1504 616 divinitate,
1547 553 1647 621 piis
1686 562 1843 618 atque
1871 549 2149 604 catholicis

587 650 782 720 populo
808 649 945 703 datis
988 647 1337 717 principibus,
1373 646 1563 715 quibus
1591 658 1841 697 concessa
1865 652 1948 697 est
1978 642 2148 711 regio,

588 742 884 797 rectissime
910 757 1033 795 suas
1061 755 1250 794 causas
1280 739 1528 810 pati-facit
1555 736 1738 807 religio
1765 753 1778 789 :
1812 735 2109 804 intelligens
2132 774 2150 798 ,

591 843 930 888 sacrosancto
970 833 1313 901 participante
1347 830 1545 897 Spiritu
1570 871 1583 889 ,
1633 843 1816 882 eorum
1860 826 1949 894 qui
1978 825 2155 879 domi-

593 935 784 979 nantur
812 939 871 979 se
898 924 1088 980 sociari
1120 933 1173 978 et
1199 920 1524 978 constabiliri
1559 920 1794 973 decreto.
1843 918 1908 971 Et
1938 918 2057 986 quia
2090 932 2155 970 ex

594 1017 836 1087 iussione
877 1017 1151 1084 potestatis
1186 1024 1401 1077 vestrae,
1433 1027 1552 1066 cum
1583 1010 1646 1063 ad
1678 1009 1942 1063 Pictavam
1974 1007 2158 1060 civita-

594 1117 698 1161 tem
732 1121 829 1174 pro
848 1104 1242 1160 conditionibus
1271 1102 1579 1157 monaSterii
1609 1109 1806 1154 sancta:
1833 1098 2159 1152 recordatio-

597 1201 679 1254 nis
719 1199 1059 1268 Radegundis
1095 1212 1471 1256 ronvemmus,
1519 1204 1575 1247 ut
1616 1194 1984 1247 altercationes
2026 1192 2162 1244 inter

598 1291 917 1345 abbatissam
944 1291 1180 1357 ejusdem
1223 1287 1552 1341 monasterii.
1585 1286 1668 1338 vel
1699 1282 2004 1350 monacbas,
2046 1298 2163 1351 qua:

601 1382 670 1436 de
704 1398 826 1449 ipso
862 1396 1021 1449 grege
1068 1397 1171 1433 non
1215 1378 1410 1433 salubri
1447 1377 1825 1432 deliberatione
1873 1389 2167 1443 progressae

598 1482 764 1537 sunt,
817 1473 946 1541 ipsis
1004 1470 1425 1539 disceptantibus
1480 1480 1772 1538 agnoscere
1827 1465 2163 1519 deberemus.

610 1563 856 1617 Evocatis
903 1562 1158 1630 partibus,
1223 1561 1545 1630 interrogata
1608 1556 1914 1612 Cbrodieldi
1950 1557 2035 1610 vel
2069 1556 2169 1609 Ba-

603 1658 719 1710 sina
744 1664 791 1721 ι,
824 1670 986 1724 quare
1008 1664 1112 1707 tam
1143 1653 1391 1706 audacter
1418 1660 1598 1705 contra
1630 1664 1778 1704 suam
1808 1648 2060 1718 regulam,
2094 1649 2173 1702 fo-

1561 254 1619 310 S.
1664 249 1988 308 GREGORII
2032 246 2332 304 EPlSCOPI
2374 240 2803 301 TUBONENSIS

2172 367 2221 422 Λ
2249 359 2544 414 canonibus
2570 356 2766 419 retulit,
2809 352 2901 408 sed
2929 351 2994 405 ad
3020 348 3311 419 jussionem
3338 344 3715 413 episcoporum
3744 355 3828 393 re-

3718 220 3823 275 538

2252 452 2495 523 promisit
2520 495 2537 514 ,
2584 452 2791 505 cervice
2823 462 2881 502 se
2907 447 3096 500 inﬂexa
3127 458 3222 512 per
3252 438 3641 511 pmnitentiam,
3672 435 3829 505 quid-

2251 546 2375 616 quid
2418 544 2700 615 iuberetur
2738 541 2983 610 implere.
3035 538 3109 591 De
3147 534 3407 590 conviviis
3448 532 3608 587 etiam
3640 530 3736 593 ait,
3772 542 3837 583 se

2254 640 2450 693 nullam
2508 650 2696 691 novam
2752 634 2948 688 fecisse
2999 627 3472 685 consuetudinem,
3528 622 3632 676 nisi
3692 620 3837 673 sicut

2254 740 2428 785 actum
2461 740 2544 784 est
2575 729 2675 782 sub
2705 727 2896 780 domna
2942 721 3299 791 Radegunde;
3344 732 3402 772 se
3428 713 3752 770 Christianis
3776 710 3841 764 fi-

2256 822 2460 875 delibus
2491 819 2731 888 eulogias
2765 815 3047 878 obtulisse,
3093 827 3191 867 nec
3221 810 3322 865 sibi
3354 806 3690 875 comprobari
3716 820 3839 858 cum

2257 912 2362 965 illis
2404 912 2667 965 ullatenus
2722 908 3059 963 convivasse.
3116 904 3190 958 De
3242 901 3580 970 sponsalibus
3626 912 3844 967 quoque

2259 1005 2352 1068 ait,
2383 1019 2562 1058 coram
2599 1001 2870 1067 pontifice,
2918 999 3066 1054 clero
3095 995 3175 1050 vel
3206 993 3528 1058 senioribus,
3563 1006 3661 1058 pro
3684 996 3847 1055 nepte

2260 1111 2354 1148 sua
2402 1092 2694 1160 orphannla
2736 1091 2925 1144 arrbas
2964 1089 3237 1156 accepisse
3268 1103 3280 1137 :
3309 1094 3363 1140 et
3404 1091 3581 1137 tamen
3632 1080 3676 1133 si
3730 1081 3847 1133 htec

2262 1189 2413 1256 culpa
2463 1186 2554 1251 sit,
2584 1186 2794 1240 veniam
2824 1198 2883 1236 se
2925 1196 3109 1238 coram
3153 1179 3363 1235 cunctis
3395 1185 3576 1246 petere
3606 1177 3847 1243 professa

2264 1289 2383 1343 est;
2416 1288 2590 1332 tamen
2633 1291 2732 1330 nec
2763 1284 2887 1328 tunc
2926 1272 3228 1327 convivium
3267 1272 3321 1325 in
3353 1268 3677 1324 monasterio
3710 1266 3852 1320 fece-

2243 1361 2356 1423 'rit.
2396 1370 2470 1424 De
2515 1369 2654 1438 palla
2689 1366 2829 1436 quod
2880 1374 3218 1434 reputarent,
3267 1363 3485 1431 protulit
3528 1358 3849 1414 monacham

2268 1462 2497 1517 nobilem
2540 1478 2657 1531 qua:
2693 1461 2741 1515 ei
2776 1460 3054 1515 mafortem
3083 1457 3101 1496 τ
3129 1456 3515 1520 bolosericum,
3564 1466 3725 1521 quem
3788 1452 3854 1505 de

2273 1556 2582 1626 parentibus
2637 1551 2849 1619 detulit,
2903 1549 3139 1605 muneris
3188 1562 3349 1602 causa
3399 1544 3751 1607 concesserit,
3801 1549 3857 1595 et

2277 1648 2399 1703 inde
2429 1656 2633 1715 partem
2658 1644 2993 1707 abscidisset,
3021 1641 3157 1695 unde
3186 1640 3325 1709 quod
3350 1637 3513 1691 vellet
3541 1646 3597 1690 et
3629 1636 3853 1697 faceret;

604 1747 751 1801 ribus
782 1744 1088 1800 monasterii
1120 1743 1430 1806 confractis.
1463 1742 1843 1804 discesserant,
1876 1750 1929 1793 et
1960 1738 2056 1791 hac
2084 1753 2175 1792 oc-
2202 1730 2248 1788 B
2280 1739 2345 1794 de
2387 1740 2592 1806 reliquo
2625 1752 2756 1791 vero
2782 1743 3035 1806 quantum
3066 1742 3423 1802 Opportunum
3455 1729 3570 1796 fuit,
3605 1727 3669 1781 ad
3698 1740 3856 1780 orna-

604 1838 821 1892 casione
860 1836 1198 1905 congregatio
1224 1835 1451 1888 adunata
1497 1831 1718 1885 discissa
1764 1819 1871 1882 sit.
1902 1830 2031 1894 Quae
2063 1843 2177 1883 res-

609 1928 925 1997 pondeuies,
972 1926 1231 1996 professa:
1259 1934 1381 1980 sunt
1429 1924 1602 1988 lamis,
1639 1921 1915 1989 nuditatis,
1959 1921 2178 1988 insuper

610 2031 663 2072 et
710 2019 873 2074 caedis
916 2032 975 2074 se
1005 2018 1115 2085 jam
1158 2033 1260 2071 non
1309 2016 1449 2071 ferre
1492 2015 1819 2085 periculurn;
1865 2013 2181 2083 adjicientes

610 2111 795 2176 etiam,
825 2125 889 2164 eo
915 2109 1056 2179 quod
1086 2109 1284 2163 diversi
1314 2106 1341 2146 δ
1367 2122 1547 2163 earum
1579 2107 1630 2159 in
1658 2105 1850 2160 balneo
1879 2105 2183 2157 lavarentur

616 2200 923 2268 incongrue,
964 2198 1029 2252 ad
1063 2198 1294 2250 tabulam
1325 2198 1436 2264 ipsa
1470 2196 1670 2258 luserit,
1713 2206 1872 2263 atque
1898 2194 2183 2249 saeculares

618 2305 738 2344 cum
769 2290 1037 2342 abbatissa
1068 2290 1367 2353 reficerent,
1400 2286 1559 2339 etiam
1589 2286 1853 2353 sponsalia
1885 2286 1936 2339 iu
1970 2299 2184 2340 monas-

615 2382 753 2438 terio
810 2379 945 2435 facta
998 2380 1138 2443 sint;
1199 2380 1266 2432 de
1321 2377 1454 2445 palla
1514 2377 1811 2431 boloserica
1868 2378 2186 2431 vestimenta

619 2472 761 2541 nepti
786 2481 809 2509 α
839 2484 950 2524 suat
972 2470 1250 2524 temerarie
1275 2466 1488 2532 fecerit;
1523 2466 1700 2521 foliola
1719 2481 1903 2531 aurea,
1934 2482 2050 2536 quas
2074 2469 2189 2522 fue-

620 2571 739 2617 rant
767 2561 819 2616 in
842 2574 973 2632 gyro
993 2558 1171 2629 pallae,
1194 2558 1491 2613 inconsulte
1510 2556 1787 2612 sustulerit
1809 2565 1866 2613 et
1892 2557 1961 2611 ad
1992 2556 2187 2611 collum

621 2652 792 2721 neptis
834 2664 947 2705 sua:
990 2650 1285 2704 facinorose
1328 2648 1699 2719 suspenderit;
1745 2649 1928 2702 vittam
1956 2646 2024 2703 de
2060 2661 2191 2704 auro

618 2752 950 2806 exornatam,
979 2742 1150 2798 eidem
1187 2741 1329 2811 nepti
1358 2756 1469 2795 sua;
1495 2740 1766 2807 superflue
1793 2740 1974 2795 fecerit
2000 2759 2014 2806 ;
2066 2739 2188 2793 bar-

626 2836 858 2893 batorias
886 2833 914 2872 ἀ
936 2834 1079 2891 intus
1108 2849 1175 2889 eo
1212 2832 1353 2904 quod
1382 2832 1751 2887 celebraverit.
1803 2829 2195 2900 lnterrogantes

622 2932 968 2999 abbatissam,
1025 2929 1151 3000 quid
1205 2928 1272 2983 ad
1326 2927 1440 2983 hmc
1489 2927 1853 2995 responderet,
1910 2926 2084 2981 dixit:
2121 2926 2195 2982 De

626 3021 766 3078 fame
794 3020 933 3091 quod
961 3028 1376 3089 conqueruntur,
1424 3018 1713 3073 secundum
1754 3017 1893 3081 quod
1940 3016 2195 3086 temporis

2285 1840 2400 1883 tum
2432 1830 2617 1883 altaris
2669 1829 2859 1896 pallam
2890 1826 3152 1895 condigne
3195 1821 3525 1885 condiderit;
3571 1828 3627 1875 et
3662 1818 3735 1873 de
3766 1818 3855 1871 illa

2284 1922 2571 1976 inscissura
2600 1936 2719 1989 qua
2750 1919 2906 1990 palla:
2933 1915 3217 1986 superfuit,
3243 1928 3531 1982 purpuram
3563 1911 3713 1979 nepti
3744 1924 3857 1964 sua:

2282 2017 2336 2071 in
2368 2016 2544 2070 tunica
2574 2014 2832 2083 posuerit,
2860 2028 3019 2082 quam
3049 2010 3120 2062 ibi
3154 2007 3371 2064 dedisse
3408 2006 3561 2068 dixit,
3608 2018 3716 2074 quo
3744 2019 3857 2058 mo-

2284 2106 2520 2161 ttasterio
2574 2104 2792 2173 profuit,
2841 2118 2960 2171 qua:
3003 2116 3094 2170 per
3120 2102 3295 2156 omnia
3342 2100 3585 2154 donatrix
3632 2098 3860 2152 D‘dimia

2284 2196 2641 2253 confirmavit.
2694 2195 2768 2248 De
2819 2192 3011 2247 foliolis
3038 2194 3220 2247 aureis
3262 2201 3316 2247 et
3352 2193 3477 2245 vitta
3520 2206 3654 2244 auro
3698 2205 3860 2243 exor-

2288 2302 2411 2345 nata
2442 2298 2493 2357 8,
2525 2289 2829 2342 Macconem
2871 2285 3122 2339 famulum
3159 2294 3396 2339 vestrum
3436 2292 3758 2353 praesentem
3791 2294 3863 2336 te-

2290 2390 2428 2436 stem
2458 2379 2736 2441 adhibuit,
2776 2390 2843 2432 eo
2871 2376 3010 2444 quod
3041 2390 3138 2445 per
3163 2390 3378 2429 manum
3424 2375 3540 2443 ejus
3567 2375 3637 2428 ab
3665 2388 3864 2443 sponso

2287 2471 2477 2542 puella;
2522 2469 2789 2538 praedictae
2828 2468 3008 2539 neptis
3048 2482 3161 2522 sua:
3190 2466 3375 2538 viginti
3401 2466 3599 2521 solidos
3627 2464 3866 2532 accepit,

2290 2562 2431 2618 unde
2460 2562 2564 2617 hoc
2596 2560 2802 2629 publice
2826 2559 3031 2624 fecerit,
3063 2574 3164 2614 nec
3188 2559 3254 2613 de
3278 2574 3337 2613 re
3360 2554 3661 2612 monasterii
3691 2556 3860 2627 508

2291 2653 2581 2724 quidquam
2606 2651 2677 2706 ibi
2701 2651 3011 2720 permistum
3036 2651 3126 2704 sit.
3159 2650 3482 2719 Interrogata
3524 2644 3865 2701 Cbrodieldis

2292 2761 2411 2801 cum
2436 2744 2652 2804 Basitta.
2677 2744 2724 2797 si
2750 2742 2973 2797 forsitan
2998 2742 3197 2809 aliquid
3221 2741 3523 2809 abbatissae,
3546 2737 3685 2808 quod
3706 2739 3863 2805 absit,

2292 2835 2535 2889 adulterii
2566 2840 2901 2902 reputarent,
2929 2834 3042 2886 sive
3070 2831 3196 2900 quid
3246 2830 3519 2885 homicidii
3552 2830 3636 2885 vel
3663 2828 3841 2884 maleft

2293 2926 2363 2979 cii
2407 2923 2613 2988 fecerit,
2661 2931 2753 2977 aut
2791 2924 2992 2978 crimen
3046 2922 3278 2991 capitale
3322 2936 3428 2991 quo
3475 2928 3864 2990 percnteretur,

2297 3016 2591 3081 edicerent,
2644 3016 3030 3085 respondentes
3062 3014 3396 3083 protulerunt
3426 3029 3532 3068 non
3565 3015 3767 3069 habere
3810 3028 3865 3068 se

630 3112 850 3182 penuria
881 3113 1231 3179 permitteret,
1275 3125 1541 3178 nunquam
1574 3111 1701 3176 ipsae
1732 3109 1949 3162 nimiam
1980 3118 2187 3178 egesta-
2222 3103 2268 3165 C
2300 3106 2520 3179 aliquid,
2564 3108 2663 3161 nisi
2699 3122 2794 3177 per
2822 3108 2936 3161 hazc
2960 3122 3079 3177 quae
3122 3107 3368 3161 dixerant
3409 3120 3528 3161 eam
3558 3107 3662 3161 ista
3691 3106 3871 3162 fecisse

628 3215 732 3258 tem
763 3202 1113 3271 pertulerunt.
1152 3202 1228 3256 De
1253 3201 1571 3256 vestimento
1616 3215 1741 3256 vero
1779 3199 1913 3254 dixit
1942 3216 1956 3254 :
1986 3200 2043 3256 Si
2079 3202 2198 3269 quis

631 3309 813 3349 earum
862 3293 1144 3348 arcellulas
1191 3300 1541 3356 scrutaretur,
1595 3291 1826 3360 amplius
1860 3307 1953 3347 eas
2004 3292 2200 3347 habere

630 3400 790 3454 quam
846 3387 1139 3440 necessitas
1185 3385 1465 3455 indigeret.
1507 3385 1581 3439 De
1628 3384 1814 3439 balneo
1852 3399 2001 3448 vero,
2042 3384 2199 3456 507

631 3476 771 3545 quod
803 3485 1186 3545 opponeretur,
1237 3476 1413 3529 retulit
1462 3477 1562 3530 hoc
1608 3475 1804 3530 factum
1847 3476 2035 3531 diebus
2063 3478 2205 3543 Qua-

636 3569 948 3635 dragesimaa
983 3576 1028 3634 ο,
1064 3577 1118 3622 et
1148 3580 1245 3636 pro
1274 3567 1434 3622 calcis
1466 3567 1848 3633 amaritudine,
1880 3582 1947 3621 ne
1981 3567 2205 3621 lavanti-

636 3662 736 3713 bus
764 3666 980 3713 noceret
1005 3660 1210 3713 novitas
1236 3659 1406 3727 ipsius
1437 3658 1672 3724 fabricae,
1699 3658 1923 3726 iussisse
1952 3659 2202 3714 domnam

640 3752 1034 3823 Radegundem,
1077 3763 1133 3807 ut
1161 3752 1455 3807 servientes
1494 3755 1820 3819 monasterii,
1870 3754 2078 3823 publice
2108 3754 2207 3809 hoc

637 3846 932 3911 visitarent,
990 3845 1160 3901 donec
1209 3845 1382 3900 omnis
1427 3846 1560 3899 odor
1604 3845 1830 3900 nocendi
1884 3845 2203 3901 discederet.

641 3936 792 4003 Quod
822 3951 914 4005 per
940 3935 1409 4009 Quadragesimam
1439 3951 1606 4005 usque
1646 3936 1711 3990 ad
1754 3936 2123 3991 Pentecostem
2153 3934 2207 3989 in

643 4043 739 4080 usu
782 4026 991 4081 famulis
1033 4029 1209 4082 fuerit.
1252 4027 1333 4081 Ad
1372 4028 1486 4081 btcc
1532 4025 1864 4081 Cbrodieldis
1896 4027 2208 4094 respondit:

646 4120 712 4174 Et
740 4130 919 4188 postea
950 4119 1198 4175 similiter
1230 4119 1379 4173 multi
1412 4133 1506 4186 per
1533 4129 1771 4188 tempora
1802 4117 2064 4173 laverunt.
2110 4118 2213 4171 Re-

644 4210 764 4264 tulit
806 4210 1071 4264 abbatissa
1111 4224 1170 4264 se
1210 4224 1306 4264 nec
1337 4210 1565 4277 probare
1592 4207 1733 4277 quod
1763 4207 2033 4273 dicerent,
2073 4218 2126 4262 et
2156 4224 2214 4264 se

646 4302 855 4354 nescire
882 4315 948 4353 an
981 4297 1175 4354 factum
1206 4300 1295 4355 sit.
1331 4299 1435 4355 Sed
1460 4300 1633 4354 adhuc
1671 4298 1949 4367 inculpans
1976 4301 2213 4364 easdem,

645 4391 786 4461 quod
816 4393 861 4446 si
887 4393 1013 4461 ipsa:
1044 4391 1320 4457 vidissent,
1351 4406 1445 4446 cur
1467 4391 1749 4445 abbatissa;
1772 4405 1875 4443 non
1905 4390 2212 4460 proderent.

2299 3210 2483 3255 contra
2535 3198 2767 3268 regulam
2816 3199 3228 3267 proclamarem.
3279 3197 3357 3251 Ad
3408 3206 3734 3261 extremum,
3784 3211 3871 3264 pro

2300 3290 2534 3360 peccatis
2560 3290 2681 3359 quia
2712 3291 2939 3344 claustra
2982 3289 3223 3356 disrupta
3253 3298 3379 3343 sunt
3398 3301 3453 3345 et
3482 3291 3699 3345 miseris
3733 3290 3871 3345 licuit

2302 3383 2419 3436 sine
2464 3382 2744 3449 disciplina
2773 3381 3059 3435 abbatissa:
3090 3396 3199 3435 suae
3238 3381 3379 3450 quod
3406 3382 3607 3435 vellent
3636 3382 3869 3437 commit-

2304 3482 2419 3528 tere
2449 3488 2544 3541 per
2575 3482 2653 3526 tot
2682 3474 2943 3526 mensium
2975 3471 3165 3540 spatia,
3193 3486 3325 3540 quas
3347 3473 3701 3527 credebamus
3732 3472 3872 3527 inno-

2305 3572 2489 3617 centes
2538 3566 2867 3629 monachas,
2930 3563 3084 3617 nobis
3142 3558 3475 3630 protulerunt
3523 3574 3870 3633 praegnantes.

2308 3654 2513 3721 Quibus
2553 3669 2647 3723 per
2672 3654 2916 3707 ordinem
2954 3652 3233 3719 discussis,
3274 3668 3373 3707 nec
3415 3654 3638 3708 invento
3668 3651 3874 3709 crimine

2307 3748 2451 3817 quod
2481 3748 2804 3811 abbatissam
2833 3746 3112 3816 dejiceret,
3144 3746 3211 3801 de
3241 3747 3530 3801 levioribus
3569 3748 3751 3802 causis
3789 3760 3872 3813 pa-

2310 3850 2460 3894 terna
2483 3839 2902 3893 commonitione
2930 3838 3211 3892 contestati
3241 3852 3458 3901 sumus,
3491 3847 3549 3891 ut
3576 3836 3699 3892 hzec
3719 3836 3874 3890 nulla-

2315 3940 2472 3985 tenus
2503 3930 2759 3999 deinceps
2789 3944 2884 3999 pro
2915 3928 3332 3998 reprehensione
3362 3941 3639 3999 repeteret
3661 3929 3712 3987 δ.
3741 3930 3873 3984 Tunc

2315 4022 2467 4075 nobis
2499 4022 2959 4088 percunctantibus
3002 4036 3216 4076 causam
3257 4020 3499 4077 adversa:
3537 4027 3729 4092 partis,
3770 4036 3875 4090 qua}

2315 4113 2516 4182 majora
2549 4113 2771 4167 crimina
2798 4113 3199 4178 commiserunt,
3225 4112 3275 4166 id
3304 4124 3387 4167 est
3412 4129 3531 4181 quae
3556 4113 3875 4181 praedicatio-

2317 4217 2439 4257 nem
2471 4203 2555 4255 sui
2585 4201 2882 4256 sacerdotis
2910 4200 3043 4255 infra
3077 4200 3457 4255 monasterium
3488 4217 3555 4255 ue
3586 4202 3734 4258 foras
3769 4216 3874 4270 pro-

2316 4295 2592 4359 cederent,
2640 4293 3021 4362 despexerunt,
3064 4294 3313 4361 pontifice
3355 4294 3694 4358 cooculcato,
3744 4303 3794 4348 et
3829 4292 3871 4344 in

2319 4400 2530 4442 summo
2556 4395 2864 4455 contemptu
2908 4386 2961 4439 in
2994 4386 3320 4440 monasterio
3349 4386 3558 4440 relicto.
3613 4381 3873 4441 confractis

651 4485 726 4538 De
778 4484 950 4537 tabula
998 4498 1126 4539 vero
1178 4484 1493 4553 respondit:
1524 4482 1591 4535 Et
1635 4484 1681 4536 si
1735 4481 1952 4536 lusisset
2005 4485 2217 4537 vivente
2247 4483 2297 4542 D
2323 4481 2456 4535 seris
2482 4489 2535 4533 et
2557 4479 2754 4549 januis,
2801 4480 2954 4533 irrito
2986 4462 3123 4534 facto
3152 4479 3533 4547 discesserunt,
3568 4491 3622 4535 et
3646 4479 3711 4533 ad
3736 4491 3869 4529 suum

648 4577 840 4629 domna
878 4574 1222 4644 Badegunde,
1272 4590 1331 4630 se
1370 4574 1545 4628 minus
1571 4574 1729 4643 culpa
1757 4575 2086 4643 reSpiceret;
2135 4585 2216 4629 ta-

649 4682 770 4722 men
802 4681 903 4721 nec
927 4667 979 4721 in
1008 4668 1186 4736 regula
1217 4682 1312 4736 per
1340 4666 1657 4736 scripturam
1690 4665 1992 4735 prohiberi,
2035 4680 2135 4720 nec
2163 4666 2216 4719 in

723 4846 954 4918 fRegm.
985 4855 1039 4901 et
1065 4843 1215 4918 Colb.
1240 4861 1337 4906 m.,
1369 4844 1580 4900 Sabina.

722 4917 748 4957 ι)
778 4912 966 4988 [ὶιιξςιιι.
1012 4926 1066 4971 et
1094 4915 1245 4980 Bad.,
1277 4920 1507 4979 diversae,
1546 4924 1601 4970 et
1630 4929 1706 4969 διο
1747 4914 1878 4967 infra
1911 4929 2028 4988 qua:
2055 4912 2120 4966 ad

651 4983 988 5072 revocantur,
1017 4988 1246 5041 femineo
1274 5001 1470 5057 genere
1513 4988 1899 5056 exprimuntur.
1957 4987 2101 5049 Bec.,
2134 4983 2217 5035 di-

652 5075 733 5113 υϐΤ
736 5076 777 5113 81
800 5075 989 5112 eorum.

728 5141 748 5168 ο
776 5132 974 5184 Omnes
995 5138 1187 5196 praeter
1213 5128 1334 5183 Bec.
1366 5138 1420 5182 et
1446 5126 1655 5198 Regm.,
1683 5128 1868 5197 neptis.

726 5198 753 5237 ά
785 5201 906 5254 Mss.
934 5200 989 5266 2,
1019 5200 1357 5263 burbaturias,
1398 5210 1448 5253 et
1475 5199 1685 5268 ltcgtn.,
1717 5200 1889 5264 inique
1912 5240 1926 5261 ,
1958 5215 2055 5266 pro
2079 5200 2218 5251 intus

655 5287 714 5325 eo
735 5272 893 5339 quod.
928 5272 1262 5324 Barbatorias
1282 5270 1575 5331 celebrare,
1605 5270 1653 5322 id
1681 5279 1764 5322 est
1791 5268 1964 5339 larvas
1980 5286 2073 5323 seu
2101 5284 2225 5335 per-

658 5338 816 5394 sonas
836 5356 1013 5410 agere,
1043 5340 1235 5394 barbas
1280 5341 1379 5393 sibi
1404 5340 1671 5406 aptando:
1685 5355 1800 5410 quo
1844 5338 1897 5391 in
1947 5354 2128 5410 sensu,
2168 5347 2225 5392 ut

656 5408 903 5463 observat
947 5414 1235 5474 Altescrra,
1285 5410 1561 5464 Petronius
1592 5408 2025 5479 ioFragmento:
2057 5408 2223 5462 Hodie

659 5494 830 5534 servus
869 5497 1009 5534 meus
1065 5480 1404 5533 barbatoriam
1447 5481 1591 5547 facit.
1643 5478 1929 5531 Hinc'ludi
1984 5478 2221 5549 satyrici,

661 5552 799 5615 quod
833 5563 1038 5605 actores
1068 5551 1259 5603 barbas
1278 5588 1294 5613 ,
1338 5563 1485 5603 more
1510 5561 1809 5616 satyrorum
1838 5559 1892 5602 et
1916 5548 2218 5613 faunorutn,

663 5633 718 5672 nt
753 5622 909 5691 vuigo
950 5634 982 5673 a
1034 5621 1324 5688 pictoribus
1374 5621 1680 5686 finguntur,
1739 5618 2226 5691 dcferrent_;gquos

664 5686 870 5746 abusus
888 5686 1295 5745 sacri'canones
1331 5692 1522 5757 passim
1567 5686 1949 5756 proscripsere.
1980 5686 2224 5745 Coin’tius

2323 4579 2594 4641 peccatum
2625 4571 2745 4625 alia:
2784 4578 2966 4625 tracta:
3008 4580 3352 4639 transgressae
3398 4580 3521 4625 sunt
3553 4612 3565 4625 .
3601 4572 3803 4636 insuper
3826 4573 3872 4615 et

2323 4666 2702 4733 Gundegisilus
2748 4664 3005 4733 pontifex.
3038 4678 3158 4719 cum
3200 4668 3310 4718 suis
3339 4663 3745 4733 provincialibus
3790 4672 3872 4726 pro

2325 4852 2501 4899 tamen
2531 4842 2665 4896 hanc
2695 4856 2878 4895 vocem
2907 4841 3123 4907 exponit
3151 4838 3218 4893 de
3245 4847 3361 4892 arte
3392 4838 3649 4892 tonsoria.

2398 4925 2421 4952 ε
2444 4918 2557 4979 Quo
2585 4923 2823 4980 tempore
2850 4904 3116 4964 mos'erat
3150 4925 3253 4962 non
3294 4908 3503 4962 lavandi
3530 4910 3601 4963 ob
3633 4904 3869 4966 utnniten-

2323 4985 2411 5038 tite
2435 4987 2652 5038 luctum.
3370 4982 3379 4990 '

2399 5053 2418 5093 ί
2449 5037 2647 5107 Mafors
2675 5048 2977 5106 vestimenti
3008 5049 3281 5114 amplioris
3311 5064 3475 5119 genus
3510 5057 3625 5103 erat
3651 5037 3869 5119 mulieri-

2327 5126 2423 5179 bus
2452 5124 2743 5192 propriutn,
2788 5121 2943 5192 quod
2958 5110 3118 5188 caput
3157 5130 3211 5174 et
3246 5110 3498 5192 huvmeros
3538 5118 3762 5192 tegebat.
3806 5110 3868 5187 lle

2328 5196 2429 5250 hoc
2458 5189 2781 5248 Fortunatus
2819 5192 2873 5244 in
2903 5189 3247 5261 Vitasanctae
3290 5190 3644 5261 Badegundis,
3694 5194 3796 5261 turn
3826 5192 3867 5261 ut

2332 5266 2445 5320 Vita
2475 5262 2642 5318 sancti
2671 5262 2878 5317 Hilarii.
2934 5260 3134 5313 Eadem
3164 5275 3313 5322 voce,
3338 5262 3411 5314 uti
3434 5250 3721 5313 Cassianus
3744 5250 3826 5304 lib.
3839 5258 3866 5325 _t

2325 5335 2579 5397 lnstitut.,
2620 5348 2738 5398 cap.
2771 5332 2825 5393 7,
2870 5337 3115 5394 testatur,
3144 5338 3351 5385 veteres
3379 5330 3598 5398 pallium
3642 5328 3871 5381 monasu-

2328 5422 2447 5462 cum
2478 5404 2847 5473 designabant.

2400 5458 2441 5523 εί
2456 5458 2670 5542 Ουωυὶιι
2697 5471 2910 5526 modum
2938 5483 3156 5542 coronze
3180 5468 3431 5542 disposita
3453 5466 3652 5542 deferri
3674 5458 3868 5542 solebat

2326 5561 2355 5600 a
2377 5528 2568 5612 sponsa
2602 5545 2729 5614 :qui
2755 5556 2871 5596 tuos
2894 5540 3159 5609 hodieque
3183 5538 3235 5595 iu
3268 5528 3539 5596 nonnullis
3580 5528 3867 5604 regionibus

2331 5624 2656 5689 perseverat.

2396 5683 2425 5724 ⁵
2451 5684 2553 5741 Alii
2584 5684 2777 5739 habent
2804 5688 3144 5749 cognosceret.
