4020 6194
607 264 709 321 551

1616 258 1674 316 S.
1712 256 2041 315 GREGORII
2083 256 2390 313 EPISCOPI
2429 257 2859 318 TURONENSIS

3773 264 3882 319 552

679 377 822 433 XIX.
862 373 1218 443 Sunnigisilus
1248 384 1273 412 ιι
1299 389 1427 429 vero
1455 375 1647 429 iterum
1685 376 1967 428 tormentis
1995 372 2199 427 addiri-
2227 377 2275 434 Α
2303 388 2463 429 causa
2495 376 2720 444 primum
2738 379 3017 447 episcopus
3040 378 3195 432 fallax
3230 390 3469 447 repertus
3490 390 3593 436 est.
3617 378 3744 436 Post
3764 383 3885 440 haec

612 480 712 531 tur,
744 483 805 520 ac
834 466 1073 536 quotidie
1104 466 1265 533 virgis
1309 466 1547 534 lorisque
1588 466 1844 530 catilitur;
1876 475 1927 520 et
1974 480 2194 532 compu-

612 559 969 614 trescentibus
1024 557 1366 621 vulneribus,
1418 572 1538 610 cum
1591 558 1823 626 primum
1878 558 2199 611 decurrente

611 666 742 720 pure
788 650 1074 717 cmpissent
1102 650 1214 717 ipsa
1248 648 1467 701 vulnera
1499 648 1700 710 claudi,
1732 650 1922 701 iterum
1962 661 2192 702 renova-

611 746 807 797 bantur
854 743 917 797 ad
950 758 1185 809 poenam.
1238 739 1291 794 In
1335 742 1417 793 bis
1466 742 1765 807 tormentis,
1799 757 1903 795 non
1934 743 2102 795 solum
2131 740 2199 794 de

612 847 785 891 morte
813 835 1097 905 Clnlperici
1121 834 1147 871 δ
1171 849 1333 903 regis,
1363 849 1546 887 verum
1579 836 1735 887 etiam
1760 834 1968 887 diversa
1991 833 2197 887 scelera

611 944 674 984 se
709 929 988 983 admisisse
1020 926 1295 981 coafessus
1335 936 1417 981 est
1447 944 1458 977 :
1495 927 1632 980 inter
1660 943 1791 995 quas
1828 925 2197 981 ciinfessiones

614 1021 819 1074 addidit
839 1020 995 1073 etiam
1024 1018 1263 1088 Egidium
1289 1018 1643 1072 Rhemensem
1667 1019 1972 1086 episc0pum
1996 1020 2197 1072 socium

616 1110 779 1166 fuisse
827 1110 879 1164 in
927 1111 1017 1163 illo
1047 1108 1334 1177 llanchingi
1367 1117 1413 1176 ο,
1467 1107 1706 1163 Ur~ionis
1754 1124 1815 1162 ac
1859 1109 2191 1163 Berthefredi

616 1203 841 1257 consilio
881 1202 946 1254 ad
979 1200 1400 1254 interficiendum
1430 1198 1825 1253 Cliildebertum
1858 1215 2057 1269 regem.
2087 1200 2195 1255 Nec

620 1309 769 1348 mora
817 1294 1018 1361 rapitur
1063 1293 1364 1361 episcopus,
1414 1298 1471 1344 et
1512 1290 1579 1343 ad
1624 1290 1933 1344 Mettensem
1985 1292 2195 1358 urbem,

617 1401 736 1441 cum
768 1396 909 1441 esset
941 1385 1095 1438 valde
1132 1385 1197 1437 ab
1228 1384 1575 1453 aegrotatione
1619 1382 1902 1453 longinqua
1932 1382 2196 1449 defessus,

622 1480 931 1544 adducitur;
983 1478 1159 1546 ibique
1182 1478 1280 1531 sub
1300 1477 1538 1531 custodia
1560 1476 1779 1545 degens,
1804 1493 1897 1531 rex
1925 1478 2202 1545 episcopus

624 1572 873 1628 arcessiri
914 1572 979 1624 ad
1027 1571 1145 1641 ejus
1183 1571 1633 1626 examinationem
1678 1571 1952 1638 prmcepit,
1996 1572 2202 1625 scilicet

623 1675 681 1718 ut
710 1666 761 1717 in
792 1662 944 1717 initio
976 1662 1174 1716 mensis
1200 1661 1375 1715 octavi
1403 1661 1541 1730 apud
1575 1660 1977 1716 Viridunensem
2011 1663 2198 1716 urbem

2300 468 2541 535 epistola:
2580 471 2798 537 prolatae
2828 480 2972 532 sunt,
3008 472 3057 523 in
3089 471 3281 540 quibus
3320 472 3482 525 multa
3515 472 3582 527 de
3613 474 3884 542 imprope-

2301 559 2395 611 riis
2443 559 2799 614 Brunichildis
2850 563 3196 628 tenebantur,
3247 579 3365 631 quae
3413 562 3477 616 ad
3528 565 3885 633 Chilpericum

2299 652 2513 715 scripta:
2542 649 2777 712 fuerant.
2809 654 3057 707 similiter
3085 664 3139 708 et
3163 654 3447 723 Chilperici
3480 656 3543 708 ad
3573 658 3885 725 episcopum

2300 743 2510 809 delatae,
2545 744 2595 798 in
2624 746 2817 814 quibus
2851 749 2987 801 inter
3025 748 3226 818 reliqua
3260 749 3555 804 habebatur
3590 752 3885 805 insertum:

2308 854 2325 885 ι
2371 836 2504 903 Quia
2535 838 2578 891 si
2613 841 2758 892 radix
2799 841 3079 909 cujuslibet
3108 841 3184 896 rei
3216 842 3380 897 incisa
3419 858 3522 896 non
3568 844 3743 907 fuerit,
3774 846 3885 897 cul-

2304 942 2421 982 mus
2450 928 2540 998 qui
2578 932 2733 983 terris
2760 943 2844 987 est
2872 933 3045 987 editus
3073 950 3175 988 non
3207 944 3435 989 arescet.
3485 953 3503 986 ι
3550 935 3703 991 Unde
3733 952 3886 1005 pror-

2301 1033 2393 1072 sus
2443 1020 2781 1076 manifcstum
2832 1035 2935 1087 est,
2987 1025 3109 1079 ideo
3137 1024 3252 1080 haec
3281 1027 3502 1096 scripta,
3536 1038 3594 1082 ut
3634 1040 3881 1097 superata

2304 1109 2671 1173 Brunichilde,
2727 1111 2867 1167 filius
2919 1114 3034 1181 ejus
3086 1118 3496 1185 Opprimeretur.
3546 1117 3774 1185 Negavit
3827 1135 3883 1173 se

2304 1201 2589 1269 episcopus
2618 1202 2715 1256 has
2753 1205 3007 1272 epistolas
3036 1209 3115 1260 vel
3146 1208 3360 1262 misisse
3396 1224 3497 1262 suo
3529 1212 3772 1279 nomine,
3804 1213 3882 1265 vel

2302 1290 2604 1361 suscepisse
2634 1312 2660 1345 a
2694 1296 2952 1365 rescripto
2976 1296 3287 1364 Chilperici.
3342 1298 3446 1354 Sed
3488 1316 3622 1369 puer
3656 1303 3774 1370 ejus
3812 1302 3883 1355 fa-

2304 1386 2530 1439 miliaris
2562 1387 2753 1456 adfuit,
2790 1391 2877 1456 qui
2910 1390 3020 1443 lucc
3069 1400 3312 1446 notarum
3362 1394 3527 1447 titulis
3573 1410 3665 1463 per
3714 1406 3881 1449 tomos

2305 1480 2609 1533 chartarum
2639 1482 3021 1548 Comprehensa
3055 1482 3268 1536 tenebat
3296 1501 3307 1535 :
3352 1486 3492 1537 unde
3533 1501 3637 1537 non
3668 1486 3881 1539 dubium

2306 1571 2403 1625 fuit
2425 1571 2799 1635 residentibus,
2827 1572 2938 1625 bzcc
2959 1573 3024 1625 ab
3046 1571 3232 1626 eodem
3256 1575 3413 1645 513
3438 1574 3658 1629 directa.
3690 1577 3883 1630 Deinde

2307 1662 2524 1729 prolatae
2571 1673 2691 1714 sunt
2725 1663 2996 1728 pactiones
3022 1665 3170 1730 quasi
3213 1677 3287 1741 ex~
3320 1662 3530 1716 nomine
3554 1664 3883 1719 Cbildcberti

621 1757 809 1811 adesse
836 1756 1112 1811 deberent.
1147 1754 1296 1808 Tunc
1336 1756 1403 1809 ab
1430 1755 1548 1808 aliis
1574 1755 1941 1810 sacerdotibus
1972 1756 2200 1822 inerepi-
2234 1755 2278 1813 Β
2304 1768 2366 1806 ac
2391 1752 2679 1821 Cbilperici
2713 1755 2877 1822 regis,
2910 1752 2961 1806 iu
2992 1754 3183 1822 quibus
3215 1754 3492 1809 tenebatur
3522 1754 3807 1821 insertum,
3837 1768 3886 1810 ut

627 1859 732 1914 tus,
761 1865 856 1904 cur
884 1849 1150 1902 hominem
1195 1848 1397 1917 absque
1443 1848 1708 1902 audientia
1739 1848 1806 1902 ab
1839 1848 1969 1901 urbe
1997 1851 2110 1915 rapi
2153 1858 2206 1903 et

623 1943 676 1997 in
721 1942 1017 1997 custodiam
1064 1941 1265 1996 retrudi
1316 1942 1675 2009 praecepisset,
1711 1942 1949 2008 permisit
1986 1959 2106 1995 cum
2140 1942 2205 1995 ad

630 2035 813 2087 urbem
843 2047 991 2086 suam
1023 2033 1220 2097 redire,
1260 2031 1495 2101 dirigens
1522 2033 1797 2096 epistulas,
1835 2044 1890 2085 ut
1938 2049 2094 2093 supra
2133 2034 2208 2085 di-

626 2126 819 2188 ximus,
871 2123 935 2177 ad
987 2137 1173 2177 omnes
1226 2123 1371 2191 regni
1430 2123 1510 2175 sui
1566 2122 1866 2189 pontifices,
1924 2132 1983 2175 ut
2032 2122 2207 2176 medio

626 2229 812 2269 mense
837 2228 978 2266 nono
1007 2211 1072 2266 ad
1098 2210 1485 2265 discutiendum
1520 2212 1569 2264 in
1602 2211 1732 2266 urbe
1761 2211 2066 2278 supradicta
2110 2214 2205 2265 ad-

626 2320 745 2360 esse
773 2304 1047 2359 deberent.
1074 2301 1239 2356 Erant
1266 2311 1441 2356 autem
1467 2302 1659 2369 pluviae
1687 2303 1895 2365 validae,
1928 2317 2081 2372 aqua:
2110 2304 2209 2356 ini-

629 2409 850 2458 mensae,
877 2394 1018 2463 rigor
1044 2393 1418 2456 intolerabilis,
1441 2393 1713 2447 dissoluta:
1734 2393 1847 2447 luto
1879 2394 1998 2457 vite,
2024 2409 2209 2450 amnes

630 2486 808 2541 littora
834 2485 1153 2551 excedentes
1186 2504 1198 2536 ε
1239 2485 1330 2539 sed
1364 2484 1709 2553 praeceptioni
1741 2486 1901 2554 regiae
1951 2485 2211 2541 obsistere

629 2579 1002 2649 nequiverunt.
1058 2579 1294 2646 Denique
1338 2579 1495 2649 512
1525 2579 1923 2641 convenientes,
1958 2582 2210 2647 pertracti

631 2681 757 2728 sunt
804 2685 973 2739 usque
1018 2672 1327 2725 Mettensem
1378 2674 1561 2725 urbem
1594 2671 1815 2739 :oibique
1862 2679 1917 2726 et
1962 2671 2212 2740 praefatus

636 2764 851 2835 Egidius
878 2764 1065 2818 adfuit.
1116 2764 1264 2819 Tunc
1306 2779 1399 2819 rex
1440 2762 1711 2818 inimicum
1748 2781 1868 2818 eum
1910 2764 2011 2819 sibi
2042 2765 2214 2836 regio-

635 2861 819 2928 nisque
868 2858 1191 2925 proditnrem
1238 2871 1358 2913 esse
1406 2858 1777 2926 pronuntians,
1811 2857 2107 2911 Ennodiuin
2142 2875 2208 2913 ex

631 2952 767 3005 duce
797 2949 860 3004 ad
889 2951 1154 3018 negotium
1198 2946 1391 3019 delegit
1437 2947 1882 3017 prosequendum,
1914 2948 2064 3018 cujus
2090 2966 2215 3020 pru-

640 3043 835 3111 positio
881 3044 1049 3110 prima
1096 3041 1209 3096 ha-c
1237 3040 1375 3095 fuit:
1413 3041 1504 3095 Dic
1532 3041 1685 3108 mihi,
1733 3058 1766 3094 o
1790 3042 2057 3113 episcope,
2091 3046 2213 3114 quid

2308 1844 2479 1914 ejecto
2504 1845 2903 1900 Guntchraumo
2932 1863 3053 1914 rege
3072 1892 3085 1915 ,
3123 1848 3172 1899 hi
3200 1848 3306 1902 duo
3332 1864 3483 1919 reges
3525 1850 3661 1903 inter
3691 1866 3750 1904 se
3778 1851 3826 1921 ej
3851 1867 3888 1906 is

2310 1953 2529 2007 regnum
2568 1939 2832 2007 urbesque
2863 1938 3207 1992 dividerent:
3251 1939 3344 1994 sed
3394 1942 3604 2010 negavit
3642 1942 3758 1995 haec
3798 1958 3885 1996 rex

2309 2046 2429 2085 cum
2460 2045 2557 2084 suo
2588 2033 2781 2084 factum
2811 2030 3055 2096 consilio,
3086 2032 3302 2086 dicens:
3332 2033 3467 2098 Quid
3499 2044 3552 2087 tu
3578 2035 3886 2089 commisisti

2311 2133 2531 2192 patruos
2559 2137 2727 2189 meos,
2764 2132 2821 2176 ut
2848 2122 2989 2177 inter
3027 2122 3144 2178 illos
3176 2123 3371 2178 bellum
3397 2126 3557 2179 civile
3600 2143 3885 2197 consurge-

2308 2216 2424 2270 ret?
2453 2215 2600 2270 Unde
2629 2216 2823 2270 factum
2847 2226 2928 2271 est
2945 2224 3004 2270 ut
3026 2226 3322 2281 commotus
3342 2219 3611 2272 exercitus
3637 2220 3887 2287 Biturigas

2312 2304 2521 2370 urbem,
2571 2321 2868 2375 pagumque
2901 2308 3296 2375 Stampensem,
3330 2310 3410 2363 vel
3446 2309 3835 2365 Medio’ancnse
3864 2322 3885 2347 ε

2311 2406 2543 2451 castrum
2565 2407 2854 2452 attererent
2878 2408 3035 2469 atque
3055 2399 3533 2469 depopularentur:
3557 2404 3606 2457 in
3627 2418 3731 2473 quo
3757 2405 3887 2456 bello

2312 2492 2460 2544 nmlti
2490 2491 2791 2559 interempti
2821 2502 2963 2555 sunt,
2990 2508 3239 2559 quorum,
3267 2502 3323 2546 ut
3353 2504 3494 2562 puto,
3518 2495 3707 2547 anima:
3735 2504 3889 2547 erunt

2315 2584 2404 2638 Dei
2426 2583 2625 2652 judicio
2648 2585 2715 2638 de
2746 2584 2848 2638 tuis
2873 2586 3116 2639 mauilms
3144 2586 3499 2656 requirenda?
3527 2586 3649 2641 llaec
3676 2588 3889 2655 episco-

2315 2689 2411 2741 pus
2443 2688 2638 2742 negare
2684 2690 2788 2727 non
2822 2677 3009 2743 potuit.
3041 2674 3247 2744 Scripta
3280 2677 3419 2731 enim
3459 2678 3556 2730 ista
3596 2678 3647 2729 in
3676 2689 3890 2741 regesto

2313 2765 2595 2834 Cbilperici
2634 2768 2776 2837 regis
2816 2767 2866 2821 in
2913 2784 3017 2821 uno
3056 2768 3373 2822 scriuinrum
3417 2769 3607 2838 pariter
3635 2780 3759 2823 sunt
3804 2787 3885 2823 re-

2316 2868 2466 2927 perta
2504 2875 2517 2910 :
2551 2874 2615 2913 ac
2661 2870 2786 2913 tunc
2830 2860 2893 2911 ad
2934 2876 3054 2912 eum
3099 2872 3475 2928 pervenerunt,
3520 2863 3733 2930 quandu
3764 2863 3888 2915 inte-

2317 2958 2523 3017 rempto
2546 2949 2868 3017 Chilpericii,
2898 2950 3129 3005 thesauri
3157 2953 3271 3020 ejus
3296 2953 3363 3007 de
3384 2951 3593 3007 Calensi
3620 2953 3887 3008 Parisiacat

2320 3040 2468 3097 urbis
2506 3042 2632 3095 villa
2674 3040 2837 3096 ablati
2881 3042 2948 3096 ad
2987 3043 3234 3098 eumdem
3265 3042 3429 3098 delati
3460 3052 3611 3101 sunt.
3661 3045 3886 3113 Cumque

637 3136 730 3190 tibi
756 3135 927 3188 vismn
962 3133 1077 3198 fuit,
1106 3143 1163 3187 ut
1190 3133 1375 3187 relicto
1406 3148 1553 3205 rege,
1585 3133 1635 3187 in
1667 3136 1816 3202 cujus
1843 3138 1975 3190 urbe
2005 3138 2216 3205 episcu—
2244 3117 2290 3179 C
2323 3132 2390 3185 de
2420 3132 2785 3202 hujuscemodi
2812 3133 2987 3188 causis
3031 3134 3307 3189 altercatio
3336 3134 3538 3189 diutius
3576 3137 3886 3200 traheretur,

639 3237 793 3296 patus
821 3226 1025 3281 honore
1073 3224 1357 3292 fruebaris,
1389 3234 1440 3280 te
1467 3225 1753 3296 Chilperici
1804 3229 1946 3298 regis
1973 3230 2218 3285 amicitiis

640 3320 968 3385 subdereris,
1009 3320 1094 3388 qui
1139 3334 1348 3387 semper
1380 3320 1622 3374 inimicus
1647 3319 1864 3373 domino
1896 3334 2077 3377 nostro
2107 3324 2216 3390 regi

640 3411 806 3465 luisse
836 3411 1111 3479 probatur,
1143 3410 1230 3477 qui
1263 3419 1464 3478 patrem
1514 3409 1631 3478 ejus
1680 3412 1961 3478 interfecit,
1993 3424 2216 3469 matrem

638 3504 829 3559 exsilio
858 3500 883 3539 ά
916 3503 1307 3569 condemnavit,
1343 3519 1669 3573 regnumque
1715 3506 1961 3572 pervasit,
1992 3517 2045 3561 et
2076 3508 2124 3560 in
2159 3509 2220 3562 iis

642 3596 858 3649 urbibus
886 3608 1036 3662 quas,
1072 3604 1127 3645 ιιι
1156 3593 1409 3657 diximus,
1440 3595 1621 3662 iniquo
1652 3596 1983 3663 pervasionis
2011 3597 2218 3661 ordine,

640 3704 736 3741 suo
768 3686 1002 3740 dominio
1032 3684 1356 3756 subjugavit,
1404 3695 1456 3739 tu
1504 3685 1570 3738 ab
1607 3685 1795 3741 eodem
1826 3689 2217 3751 possessionum

642 3778 897 3832 liscalium
936 3778 1132 3845 prmdia
1181 3778 1466 3832 meruisti?
1500 3778 1578 3832 Ad
1633 3778 1745 3833 haec
1784 3779 1875 3831 ille.
1905 3781 2216 3846 respondit:

638 3872 789 3940 Quod
821 3872 1007 3926 fuerim
1039 3872 1246 3925 amicus
1273 3872 1412 3941 regis
1440 3869 1723 3936 Chilperici
1755 3887 1953 3938 negare
1985 3890 2087 3927 nun
2122 3890 2216 3942 p0-

641 3977 771 4025 tero,
808 3980 912 4017 non
967 3973 1143 4017 tamen
1173 3971 1356 4017 contra
1406 3962 1681 4016 utilitatem
1728 3965 1866 4032 regis
1892 3963 2220 4021 Childeberti

638 4053 755 4109 lucc
781 4054 1011 4108 amicitia
1055 4054 1356 4124 pullulavit.
1411 4053 1572 4107 Villas
1603 4070 1726 4108 vero
1756 4071 1889 4124 quas
1932 4072 2218 4120 memoras,

640 4165 734 4216 per
794 4150 949 4203 istius
992 4148 1131 4216 regis
1177 4150 1391 4201 chartas
1438 4146 1664 4200 emerui.
1720 4145 1870 4201 Tunc
1913 4147 2219 4215 proferente

638 4239 854 4293 easdem
890 4241 941 4291 in
967 4238 1197 4306 publico,
1229 4248 1379 4305 negat
1417 4252 1513 4290 rex
1544 4236 1876 4306 se‘largitum
1909 4238 2099 4303 fuisse;
2134 4255 2222 4293 re-

638 4327 967 4398 Quisitusque
1005 4330 1127 4382 Otto
1158 4325 1286 4399 [Ed.
1313 4326 1495 4397 Othol,
1528 4327 1614 4394 qui
1660 4334 1784 4379 tunc
1828 4325 2220 4384 referendarius

642 4420 833 4481 fuerat,
869 4417 1019 4487 cujus
1050 4418 1118 4471 ibi
1167 4415 1485 4485 subscriptio
1516 4416 1767 4468 meditata
1798 4418 2096 4483 tenebatur,
2128 4422 2220 4474 ad-

642 4514 758 4577 fuit,
788 4525 946 4581 uegat
973 4528 1031 4565 se
1060 4511 1437 4577 subscripsisse
1470 4527 1483 4562 :
1513 4510 1737 4563 conficta
1771 4511 1910 4563 enim
1956 4525 2067 4565 erat
2107 4529 2219 4568 nia-
2245 4500 2296 4559 Ῑ)

642 4623 739 4661 nus
767 4607 881 4675 ejus
925 4605 975 4658 in
1008 4604 1163 4672 hujus
1196 4602 1566 4672 praeceptionis
1598 4604 1818 4673 scripto.
1852 4605 1905 4658 In
1932 4604 2032 4659 hac
2063 4608 2221 4676 igitur

713 4754 737 4780 ι
780 4743 991 4813 Regm.,
1034 4751 1092 4795 ut
1130 4742 1264 4793 libro
1298 4740 1647 4807 praecedenti,
1675 4755 1793 4809 cap.
1823 4742 1912 4803 58,
1947 4740 2217 4812 Domnigi-

638 4816 784 4870 Silus.

715 4885 739 4922 δ
784 4885 872 4939 Sic
903 4897 1029 4938 mss.
1064 4897 1202 4935 omn«
1225 4897 1251 4933 s
1280 4892 1331 4934 ιιι
1361 4882 1523 4945 editi;
1554 4882 1799 4936 Valesius
1830 4893 2003 4936 tamen
2052 4883 2223 4951 legen-

642 4958 770 5011 dum
831 4964 1009 5009 censi-t
1049 4952 1376 5005 Childeberti.
1433 4953 1629 5015 quue,
1683 4962 1739 5005 ut
1778 4963 1923 5018 putat
1962 4963 2218 5020 erratum,

643 5025 885 5095 Gregorii
930 5024 1202 5078 memoria:
1237 5025 1400 5090 lapsui
1432 5023 1694 5095 attribuit,
1748 5040 1865 5077 cum
1899 5024 2031 5075 haud
2060 5030 2227 5089 possi-

641 5094 873 5153 bileiusi
900 5096 1161 5158 videatur,
1194 5096 1367 5147 virum
1400 5094 1626 5148 nobilem
1653 5110 1720 5147 ex
1748 5097 2037 5156 Anstrasia,
2064 5104 2225 5162 atque

644 5172 695 5220 in
723 5167 1046 5220 Childeherti
1081 5166 1274 5232 palatio
1303 5166 1615 5217 honoratum
1649 5180 1675 5215 a
1704 5164 2073 5233 Fredegunde,
2104 5182 2223 5231 quae

640 5238 928 5303 Chilperici
982 5237 1227 5289 interitus
1274 5245 1464 5288 auctor
1506 5250 1625 5289 esse
1676 5244 1910 5298 putatur,
1960 5236 2221 5288 delectum

644 5309 807 5362 frisse
838 5308 903 5360 ad
937 5307 1268 5361 inferendam
1300 5306 1399 5371 ipsi
1425 5305 1724 5369 Chilperico
1761 5321 1965 5369 necem,
1995 5308 2224 5359 maxime

640 5394 764 5432 cum
812 5380 925 5445 ipsa
972 5380 1022 5429 in
1056 5377 1295 5430 Neustria
1344 5376 1589 5429 habuerit
1635 5376 1936 5439 complures
1982 5375 2220 5439 sicarios,

642 5450 734 5514 qui
767 5449 1021 5500 scelerum
1052 5448 1216 5513 ipsius
1249 5448 1485 5499 fidissimi
1518 5454 1670 5499 erant
1703 5447 1953 5500 ministri.
1979 5445 2220 5499 Nondum

645 5528 824 5569 tamen
876 5516 1082 5586 obierat
1110 5516 1504 5578 Childchertns,
1557 5517 1766 5583 quando
1799 5517 1910 5570 lucc
1937 5516 2222 5586 Gregorius

645 5588 933 5638 scribebat.
966 5585 1121 5641 Unde
1153 5589 1195 5638 si
1221 5601 1345 5639 vera
1384 5588 1451 5638 sit
1485 5586 1673 5638 Valesii
1706 5587 1907 5653 opinio,
1958 5587 2041 5637 hic
2068 5593 2219 5639 incus

647 5657 1019 5724 intelligendus
1063 5656 1129 5708 tle
1172 5666 1343 5709 morte
1373 5671 1529 5717 quam
1558 5656 1893 5723 Raucbingns
1938 5667 1991 5709 et
2022 5657 2108 5710 alii
2139 5658 2221 5710 hic

648 5726 929 5783 memorati
958 5725 1298 5779 Childcbertu
1328 5726 1565 5779 meditati
1599 5724 1801 5779 fuerant
1829 5724 2047 5779 inferre.

2322 3223 2491 3278 adfuit
2530 3231 2586 3278 et
2624 3226 2789 3278 abbas
2820 3224 3146 3293 Epiphanius
3176 3226 3411 3281 basilicae
3458 3229 3629 3282 sancti
3660 3229 3889 3296 Remigii,

2322 3315 2503 3369 dicens
2533 3315 2670 3384 quod
2708 3316 2816 3369 duo
2853 3317 3014 3370 millia
3046 3332 3329 3372 aureorum
3369 3320 3687 3389 speciesque
3718 3319 3889 3373 multas

2325 3422 2421 3472 pro
2448 3407 2805 3461 conservanda
2842 3407 2981 3477 regis
3007 3407 3291 3477 Chilperici
3326 3409 3552 3464 amicitia
3588 3412 3888 3479 accepisset.

2323 3498 2724 3566 Astiteruutque
2768 3499 2927 3551 etiam
2976 3508 3030 3551 et
3070 3498 3259 3567 legati,
3297 3500 3383 3567 qui
3425 3515 3544 3552 cum
3592 3501 3780 3555 eodem
3832 3501 3886 3550 ad

2326 3604 2675 3644 memoratum
2730 3606 2905 3657 regem
2959 3590 3197 3656 fuerant,
3243 3593 3529 3647 dicentes:
3585 3594 3721 3660 Quia
3753 3592 3889 3647 nobis

2324 3685 2525 3741 relictis
2569 3685 2766 3737 diutius
2796 3698 2917 3737 cum
2950 3684 3138 3738 eodem
3170 3683 3315 3737 solus
3354 3683 3655 3738 collocutus
3685 3695 3763 3739 est
3794 3701 3804 3735 :
3834 3684 3889 3733 de

2323 3755 2516 3847 quibus
2546 3778 2725 3830 verbis
2753 3776 2885 3829 nihil
2935 3775 3315 3840 intelleximus,
3350 3776 3448 3827 nisi
3486 3777 3773 3840 supradicti
3810 3791 3889 3827 ex-

2324 3870 2448 3923 cidii
2480 3870 2906 3937 prosecutionem
2948 3870 3290 3936 imposterum
3332 3880 3740 3936 cognoscentes.
3785 3871 3889 3918 lla-c

2325 3980 2388 4017 eo
2413 3973 2653 4033 negante.
2671 3962 2835 4014 abbas
2855 3960 2943 4028 qui
2964 3958 3134 4014 fuerat
3158 3973 3371 4027 Semper
3404 3964 3450 4011 in
3474 3957 3538 4012 iis
3559 3961 3885 4013 consiliuruin

2324 4056 2532 4108 arcanis
2574 4052 2874 4121 particeps,
2928 4053 3100 4105 locum
3150 4052 3524 4119 hominemque
3569 4050 3881 4110 denominat,

2326 4147 2435 4211 ubi,
2468 4156 2520 4200 et
2547 4146 2634 4215 qui
2663 4159 2876 4211 aureos,
2905 4159 3038 4213 quos
3066 4142 3325 4203 diximus,
3358 4143 3671 4209 detulisset;
3702 4155 3751 4197 et
3778 4158 3886 4209 qua-

2328 4238 2446 4292 liter
2480 4237 2545 4290 de
2582 4236 2789 4289 excidio
2826 4235 3058 4305 regionis
3102 4250 3165 4289 ac
3202 4236 3338 4305 regis
3366 4234 3751 4289 Guntchranmi
3778 4248 3888 4286 cnn-

2328 4341 2542 4382 ventutn
2588 4328 2779 4392 fuerat,
2819 4339 2875 4379 ut
2909 4338 3112 4395 gestum
3141 4337 3221 4380 est
3262 4342 3323 4380 ex
3366 4327 3553 4381 Ordine
3584 4328 3887 4381 deuarmvit.

2326 4422 2454 4488 Quae
2483 4428 2535 4473 et
2566 4420 2653 4471 ille
2694 4411 2988 4482 cauvictns,
3037 4419 3288 4487 deinceps
3334 4428 3414 4471 est
3455 4420 3749 4472 Confessus.
3783 4417 3886 4469 “33C

2322 4513 2601 4567 audientes
2630 4511 2862 4579 eplSCOpi
2904 4511 2991 4577 qui
3023 4511 3264 4564 advocati
3310 4508 3539 4575 fuerant,
3572 4520 3630 4565 et
3672 4513 3718 4564 in
3751 4512 3885 4563 tantis

2324 4607 2477 4660 malis
2500 4602 2829 4659 sacerdotem
2857 4601 3059 4653 Domini
3082 4609 3395 4654 contuentes
3417 4600 3583 4655 fuisse
3605 4600 3883 4655 satellitem.

2398 4755 2420 4781 ο
2445 4743 2566 4801 Alii,
2592 4740 2868 4808 Ravingns.
2896 4752 2985 4790 sou
3014 4736 3285 4790 Iluvincns.
3303 4736 3361 4808 pls
3388 4738 3503 4803 ipse
3539 4751 3619 4792 est
3655 4737 3867 4808 Ranchin

2323 4832 2442 4885 gus,
2472 4816 2667 4886 dequo
2696 4807 2850 4886 supra
2884 4810 2973 4860 lib.
3001 4823 3113 4870 vin,
3147 4824 3263 4886 cap.
3288 4807 3461 4886 ~21i,_.:t
3487 4809 3580 4863 lib.
3608 4825 3679 4875 ιι,
3704 4822 3813 4874 cap.
3835 4807 3878 4867 9,

2329 4879 2418 4939 ubi
2449 4880 2744 4949 conjuratio
2774 4880 2858 4931 hic
2886 4891 3175 4929 memorata
3212 4879 3551 4931 describitur.

2413 4973 2439 5012 δ·
2472 4974 2681 5040 nvem“
2715 4970 2958 5035 εφηιίσοξ
3006 4968 3096 5021 sed
3123 4970 3286 5020 altera
3336 4968 3495 5021 lectio
3539 4970 3742 5023 melior.
3771 4966 3881 5019 Nam

2336 5047 2515 5111 reipsa
2559 5039 2935 5111 Cllilpet‘itftls,
2968 5048 3023 5089 ut
3051 5050 3231 5111 narrat
3275 5042 3387 5111 ipse
3409 5040 3702 5111 Δ(ἱιεεςονὶιιε
3731 5039 3812 5111 lib.
3837 5052 3878 5095 v,

2334 5108 2513 5180 ωειλ.
2549 5122 2662 5180 post
2693 5110 2941 5174 Sigiberti
2973 5123 3155 5161 necent
3177 5108 3567 5164 Bruiiichildem
3590 5111 3639 5162 in
3661 5108 3880 5162 exsdiuin

2336 5184 2603 5253 deportari
2632 5180 2814 5251 jussit.

2405 5288 2427 5315 ε
2471 5277 2559 5329 Sic
2584 5274 2779 5327 habent
2802 5274 2922 5325 Bec.
2951 5282 3005 5323 et
3029 5271 3181 5323 Cnlh.
3218 5288 3290 5324 m.
3323 5272 3478 5326 (Imb.
3512 5286 3564 5336 a,
3619 5270 3853 5324 Mediam

2324 5364 2471 5411 sem;
2503 5347 2651 5409 editi,
2678 5343 3071 5396 Miliodunense.
3103 5344 3218 5407 Hic,
3267 5352 3323 5395 ιιι
3354 5354 3497 5409 puto.
3532 5342 3878 5395 Mediolanum.

2326 5436 2418 5472 seu
2461 5418 2774 5484 Mugduuum
2823 5414 3121 5484 Biturigum
3150 5411 3336 5484 potius
3375 5412 3697 5484 designatur,
3742 5423 3877 5476 quam

2325 5482 2680 5551 Meloduiium,
2716 5485 2851 5551 quod
2889 5494 2970 5537 est
3005 5482 3254 5548 oppidum
3294 5484 3561 5536 Senonum
3592 5482 3656 5533 ad
3687 5484 3875 5542 Sequa-

2330 5576 2473 5615 nam.
2504 5559 2797 5613 Utrumque
2828 5556 2964 5609 bello
2993 5554 3094 5608 isto
3123 5555 3424 5609 lacessitum
3452 5566 3551 5608 est.
3588 5552 3714 5605 Vide
3740 5562 3875 5603 sum?

2329 5632 2421 5686 lib.
2455 5644 2530 5695 v1,
2561 5642 2676 5696 cap.
2708 5624 2798 5679 5|.
