4020 6194
123 253 215 307 5ῗῖ5

1051 247 1367 303 HISTORIA
1400 246 1845 304 FRANCORUM.
1888 248 2089 304 LIBER
2130 248 2441 306 DECIMUS.

3250 251 3353 306 {54

115 366 450 435 sutpirantes,
482 364 552 419 de
590 364 657 418 iis
689 362 918 425 triduani
958 366 1213 432 temporis
1241 364 1466 433 spatium
1496 364 1685 430 depre-
1714 366 1762 423 Α
1789 363 1853 418 l's
1877 406 1892 429 ,
1926 364 2340 431 interfecerunt,
2385 363 2694 433 diripientes
2736 379 2821 420 res
2867 366 3004 435 ejus.
3038 366 3187 431 Quod
3232 382 3355 423 cum

114 468 287 512 cantur
313 455 600 519 tractandi,
631 455 835 510 scilicet
870 464 927 509 ut
956 453 1172 509 forsitan
1211 456 1532 525 resipiscens
1557 454 1683 524 Egi-

114 552 224 604 dius
257 549 415 602 ullum
450 548 671 601 modum
711 547 946 615 reperire
983 554 1183 615 posset,
1219 561 1313 615 per
1338 560 1493 616 quem
1531 560 1592 601 se
1616 546 1685 601 ab

116 642 179 696 iis
211 641 353 695 noxis
384 639 552 710 514
579 654 700 708 quae
736 638 784 694 ei
822 638 1229 707 objiciebantur,
1260 653 1516 693 excusare
1540 639 1685 692 vale-

116 745 231 787 ret:
258 732 347 786 sed
379 732 728 785 illucescente
756 729 845 784 die
880 729 1063 792 tertia,
1100 730 1481 783 convenientes
1510 729 1561 782 in
1591 742 1681 783 ec-

113 826 336 883 clesiam.
371 825 702 891 interrogant
727 821 1058 890 episcopum,
1089 820 1134 873 si
1160 820 1356 889 aliquid
1383 820 1684 874 excusatio-

115 919 192 971 nis
230 917 467 978 haberet,
500 912 755 967 ediceret.
803 914 872 965 At
910 911 999 966 ille
1022 911 1273 966 confusus
1303 912 1377 965 ait
1404 927 1417 962 :
1448 911 1526 966 Ad
1557 925 1683 966 sen-

113 1010 317 1060 tentiain
366 1006 601 1059 dandam
672 1018 838 1072 super
892 1003 1216 1067 culpabilem
1262 1017 1329 1056 ne
1375 1002 1681 1057 moremini.

113 1102 233 1155 Nam
274 1115 374 1169 ego
414 1099 540 1153 novi
582 1114 667 1152 me
708 1098 775 1150 ob
801 1097 1002 1150 crimen
1051 1096 1347 1162 majestatis
1391 1110 1538 1149 reum
1566 1109 1685 1149 esse

112 1193 323 1255 mortis,
371 1190 460 1257 qui
516 1204 729 1256 semper
774 1197 959 1243 contra
1006 1186 1292 1240 utilitatem
1344 1185 1499 1252 hujus
1542 1184 1685 1256 regis

112 1284 394 1352 matrisque
430 1296 548 1350 ejus
580 1280 717 1343 abii;
764 1295 826 1334 ac
865 1294 958 1347 per
995 1294 1174 1333 meum
1204 1278 1484 1333 consilium
1517 1278 1685 1332 multa

112 1373 269 1427 fuisse
300 1383 446 1443 gesta
492 1375 780 1426 certamina
813 1371 958 1435 novi,
996 1371 1188 1439 quibus
1214 1370 1462 1424 nonnulla
1489 1369 1686 1423 Callia-

113 1482 224 1519 rutn
261 1466 372 1519 loca
410 1463 731 1531 depOpulata
773 1473 917 1515 sunt.
952 1462 1073 1515 lla'c
1109 1461 1344 1530 episcopi
1384 1460 1682 1529 audientes,

111 1575 170 1611 ac
210 1558 561 1613 lamentantes
599 1553 778 1608 fratris
804 1554 1169 1622 opprobrium,
1201 1555 1415 1608 obtenta
1441 1555 1566 1617 vita,
1607 1553 1687 1622 ip-

110 1661 222 1700 sum
252 1648 317 1703 ab
346 1646 536 1700 ordine
561 1644 899 1709 saCerdntali,
931 1644 1081 1698 lectis
1110 1659 1371 1697 canonum
1397 1643 1686 1697 sanctioni-

1787 455 1965 511 Macco
1988 471 2169 513 comes
2197 458 2490 526 reprimere
2527 456 2803 523 niteretur,
2836 458 2871 512 ii
2902 458 3233 527 praesentiam
3264 476 3355 514 ex-

1784 556 1972 617 petunt
2010 550 2171 620 regis.
2204 549 2378 605 Ennte
2405 558 2580 603 autem
2618 550 2841 616 comite,
2873 558 2930 604 ut
2956 550 3188 605 debitum
3229 551 3360 605 fisco

1785 642 2058 696 servitium
2088 641 2245 697 solite
2273 641 2492 697 deberet
2524 638 2781 708 inferre“,
2811 641 3094 697 adfuerunt
3121 652 3173 698 et
3208 642 3241 696 ii
3265 657 3355 696 co-

1784 747 1899 786 ram
1923 748 2068 803 rege,
2091 733 2380 789 oﬁ'erentes
2401 732 2631 787 balteum
2656 748 2901 803 magnum
2928 749 2990 787 ex
3015 748 3144 786 auro
3172 733 3355 801 lapidi~

1785 822 1988 890 busque
2029 822 2279 891 pretiosis
2324 831 2592 889 ornatum,
2642 824 2977 893 gladiumque
3023 823 3353 889 mirabilem,

1783 913 1936 983 cujus
1973 915 2223 983 capulum
2252 929 2318 968 ex
2346 915 2572 982 gemmis
2603 914 2898 984 Hispanicis
2925 930 3159 985 auroque
3179 915 3359 983 dispo-

1785 1006 1944 1059 situm
1967 1014 2102 1060 erat.
2131 1005 2369 1075 Cumque
2392 1021 2485 1060 rex
2512 1006 2624 1061 haec
2651 991 2849 1062 scelera
2877 1023 2996 1076 qua:
3022 1007 3262 1064 audierat
3289 1007 3357 1061 ab

1785 1096 1848 1150 iis
1871 1098 2205 1167 Cognovisset
2227 1096 2655 1151 manifestissime
2696 1106 3016 1166 perpetrata,
3047 1098 3233 1153 vinciri
3260 1113 3354 1153 eos

1784 1188 1987 1241 catenis
2031 1188 2312 1258 praecepit,
2344 1202 2407 1242 ac
2434 1188 2711 1243 tormentis
2749 1188 2921 1243 subdi.
2963 1189 3060 1256 Qui
3091 1189 3215 1244 dum
3246 1199 3357 1244 tor-

1784 1288 2096 1347 querentur,
2132 1282 2408 1333 thesauros
2430 1280 2595 1348 patris
2625 1279 2984 1344 absconditos,
3016 1294 3148 1349 quos
3177 1279 3245 1335 de
3273 1294 3354 1334 re-

1785 1366 1885 1421 bus
1904 1368 2233 1423 Gundovaldi
2256 1371 2504 1438 superius
2527 1371 2803 1424 memorati
2825 1381 2974 1439 pater
2993 1383 3015 1410 υ
3039 1371 3350 1441 diripuerat,

1785 1455 2025 1511 revelare
2054 1467 2352 1527 ctepernnt.
2390 1457 2500 1513 Nec
2529 1473 2700 1521 mora,
2742 1460 2929 1514 directi
2962 1460 3057 1514 viri
3085 1460 3151 1515 ad
3182 1462 3355 1530 inqui-

1785 1548 2037 1614 rendum,
2081 1549 2392 1605 immensam
2426 1552 2815 1608 multitudinem
2846 1555 2959 1608 auri
3004 1556 3314 1626 argentique
3337 1598 3354 1621 ,

1786 1651 1849 1690 ac
1881 1639 2212 1695 diversarum
2242 1641 2539 1709 specierum
2562 1681 2579 1707 ,
2612 1652 2664 1695 et
2689 1658 2818 1696 auro
2844 1644 3173 1714 gemmisque
3202 1660 3357 1700 exor-

117 1741 229 1801 bus,
276 1746 624 1791 removerunt
666 1753 678 1788 :
722 1735 809 1803 qui
855 1734 1031 1788 statim
1074 1736 1139 1787 ad
1181 1736 1684 1804 Argentoratensem
1718 1725 1764 1784 B
1790 1737 2032 1784 natarum
2064 1741 2396 1800 repererunt,
2418 1732 2557 1802 quod
2589 1734 2851 1787 thesauris
2873 1735 3134 1804 regalibus
3160 1737 3356 1790 intule-

111 1832 310 1893 urbetn,
335 1844 494 1898 quam
518 1842 655 1880 nunc
680 1826 1078 1896 Strateburgum
1101 1824 1130 1857 *
1162 1834 1371 1888 vocant,
1401 1825 1680 1891 deductus,

113 1924 297 1977 exsilio
339 1922 726 1977 condemnatus
756 1928 857 1974 est.
897 1918 952 1972 lu
981 1919 1130 1986 cujus
1158 1920 1326 1973 locum
1362 1918 1635 1972 Homulfus
1658 1927 1684 1956 ⁸

110 2014 243 2066 filius
273 2012 407 2081 Lupi
447 2012 627 2077 ducis,
667 2016 777 2081 jam
808 2012 1124 2081 presbyterii
1159 2011 1364 2065 honore
1405 2014 1680 2080 praeditus,

106 2104 384 2171 episcopus
412 2101 731 2171 subrogatus
769 2108 875 2164 est,
909 2101 1208 2168 Epiphanio
1235 2100 1445 2156 abbatis
1480 2101 1679 2167 officio,

108 2197 191 2264 qui
218 2196 454 2251 basilica:
499 2194 668 2249 sancti
696 2193 919 2263 Remigii
952 2206 1200 2261 prteerat,
1250 2204 1476 2249 remoto.
1522 2194 1682 2249 Multa

106 2288 245 2342 enim
271 2287 388 2341 auri
429 2287 744 2357 argentique
781 2288 831 2339 in
866 2286 1022 2355 hujus
1050 2286 1283 2357 episcopi
1313 2296 1522 2356 regesto
1555 2303 1683 2357 pon-

106 2384 228 2432 dera
251 2388 377 2432 sunt
404 2387 640 2445 reperta.
672 2376 801 2443 Quae
826 2385 1002 2430 autem
1026 2376 1094 2432 de
1134 2377 1220 2431 illa
1261 2378 1549 2447 iniquitatis
1587 2380 1684 2434 mi-

108 2470 217 2522 litia
256 2468 286 2507 δ
331 2476 507 2531 erant,
559 2467 823 2536 regalibus
871 2466 1137 2521 thesauris
1182 2476 1308 2521 sunt
1353 2467 1527 2533 illata;
1567 2486 1685 2538 qua:

106 2572 279 2613 autem
312 2560 380 2613 de
410 2558 646 2625 tributis,
688 2566 781 2611 aut
832 2558 1036 2627 reliqua
1084 2559 1290 2612 ratione
1321 2559 1569 2614 Ecclesia:
1608 2560 1683 2613 iii-

108 2663 261 2708 reuta
286 2660 433 2721 sunt,
465 2651 597 2706 inibi
629 2650 837 2705 relicta.

170 2744 292 2799 XX.
337 2744 391 2798 In
413 2754 435 2781 ε
466 2742 568 2797 hac
591 2742 795 2812 synodo
824 2741 1011 2795 Basina
1037 2741 1323 2808 Cliilperici
1364 2744 1504 2812 regis
1544 2743 1648 2797 lilia
1667 2786 1681 2809 ,

106 2852 257 2903 quam
286 2849 448 2903 supra
468 2849 590 2888 cum
623 2832 943 2888 Chrodielde
970 2848 999 2887 a
1029 2834 1404 2888 communione
1429 2846 1684 2890 remotam

107 2929 367 2991 diximus,
395 2940 577 2980 coram
606 2925 871 2995 episcopis
901 2925 1015 2979 solo
1046 2933 1333 2991 prostrata,
1356 2926 1564 2979 veniam
1597 2943 1684 2993 pe-

107 3023 201 3087 tiit,
227 3020 552 3089 promittens
574 3032 633 3073 se
653 3033 773 3072 cum
814 3016 1077 3072 charitate
1105 3017 1389 3073 abbatissa:
1418 3028 1687 3073 monaste-

1786 1832 1929 1877 runt.
1950 1822 2191 1878 Postbzec
2205 1824 2417 1880 seniore
2448 1826 2621 1895 capite
2649 1826 2832 1896 plexo,
2861 1827 3130 1895 iuniorem
3162 1832 3353 1884 exsilio

1786 1913 2190 1969 damnaverunt.

1861 2004 2019 2060 XXII.
2058 2003 2392 2062 Childericus
2421 2005 2443 2046 ί
2476 2022 2606 2062 vero
2652 2008 2801 2064 Saxo
2830 2021 2947 2078 post
2984 2010 3187 2065 diversa
3237 2025 3353 2065 sce-

1786 2095 1919 2161 lera,
1968 2094 2270 2162 homicidia,
2303 2097 2619 2163 seditiones,
2663 2100 2927 2167 multaque
2960 2099 3059 2154 alia
3110 2100 3351 2168 improba

1787 2203 1905 2255 qua:
1943 2188 2128 2258 gessit,
2156 2187 2222 2241 ad
2253 2190 2593 2245 Ausciensem
2636 2191 2839 2253 urbem,
2874 2191 2925 2245 in
2956 2206 3056 2260 qua
3086 2194 3354 2261 possessio

1787 2279 1968 2332 moris
1996 2285 2130 2342 erat,
2160 2278 2306 2333 abiit.
2345 2279 2587 2349 Cumque
2631 2296 2723 2336 rex
2754 2280 2945 2336 auditis
2969 2283 3083 2351 ejus
3104 2283 3355 2353 improbi-

1788 2368 1984 2423 tatibus
2000 2367 2249 2436 jnssisset
2272 2384 2394 2422 eum
2424 2368 2671 2432 interfici,
2698 2372 2926 2440 quadam
2958 2381 3111 2428 nocte
3139 2374 3206 2427 ita
3233 2388 3354 2428 cra-

1790 2460 1999 2525 pulatus
2013 2467 2094 2514 est
2114 2459 2260 2523 vino,
2281 2467 2337 2513 ut
2355 2460 2421 2513 ab
2441 2474 2508 2514 eo
2529 2460 2837 2527 suffocatus,
2862 2472 3100 2519 mortuus
3120 2465 3172 2518 in
3190 2474 3357 2521 strato

1788 2564 1886 2602 suo
1927 2550 2274 2618 reperiretur.
2308 2551 2633 2605 Asserebant
2675 2552 2815 2607 enim
2844 2555 2911 2609 ad
2956 2556 3083 2611 illud
3113 2562 3357 2626 superius

1789 2639 1961 2694 scelus
1988 2640 2339 2707 nominatum,
2365 2657 2469 2708 quo
2491 2643 2795 2698 sacerdotes
2822 2644 3028 2700 Domini
3060 2648 3111 2702 in
3142 2649 3356 2704 basilica

1789 2730 1955 2783 sancti
1975 2730 2160 2785 Hilarii
2183 2745 2277 2800 per
2295 2730 2671 2787 Chrodieldem
2693 2735 2817 2788 caesi
2833 2748 2955 2789 sunt
2973 2745 3020 2802 ες,
3044 2737 3181 2791 hunc
3197 2736 3358 2795 fuisse

1790 2820 2101 2890 signiferum
2134 2839 2149 2875 :
2182 2822 2429 2879 ultusnue
2467 2834 2549 2879 est
2578 2825 2745 2892 Deus,
2773 2824 2817 2879 si
2860 2824 2932 2880 ita
2962 2839 3078 2894 est,
3111 2829 3357 2898 injuriam

1790 2925 2331 2968 δεινοτυηιευοιηηι

1862 3002 2023 3072 516
2048 3000 2237 3056 XXIII.
2278 3003 2334 3056 In
2369 3003 2472 3057 hoc
2502 3014 2677 3060 autem
2699 3021 2838 3062 anno
2877 3016 3054 3063 tantus
3085 3012 3239 3065 terris
3262 3028 3355 3068 m-

108 3117 238 3169 rintn
268 3113 504 3183 ingredi,
535 3127 597 3166 ac
624 3113 692 3167 de
719 3112 898 3182 regula
929 3113 1059 3167 nihil
1100 3112 1494 3168 transcendere.
1523 3111 1689 3165 Chro-
1712 3096 1757 3156 ο
1790 3104 1975 3149 Clum"
2003 3105 2244 3163 tempore
2277 3096 2528 3166 splendor
2557 3099 2754 3165 illuxit,
2785 3110 2841 3154 ut
2880 3102 3107 3157 mediam
3143 3113 3355 3173 putares

108 3208 301 3262 dieldis
322 3216 500 3260 autem
524 3206 780 3259 obtestata
803 3213 908 3267 est,
930 3203 1069 3273 quod
1094 3203 1398 3258 Leobovera
1421 3203 1687 3265 abbatissa

109 3301 156 3353 in
188 3302 296 3351 hoc
323 3296 648 3350 monasterio
677 3302 1061 3361 commoraute,
1090 3294 1288 3349 ibidem
1314 3308 1580 3361 nunquam
1606 3295 1690 3348 iu-

108 3392 444 3459 grederetur.
471 3385 578 3440 Sed
599 3386 836 3453 utrisque
862 3399 958 3438 rex
984 3385 1188 3438 veniam
1213 3382 1472 3452 impertiri
1501 3383 1691 3451 depre-

109 3490 253 3533 catus
278 3484 389 3541 est,
421 3484 477 3530 et
518 3475 598 3531 sic
631 3474 683 3528 in
714 3476 1142 3530 communionem
1186 3483 1444 3542 receptae,
1477 3474 1691 3529 Pictavo

109 3569 322 3639 regredi
344 3568 505 3636 iussae
517 3575 640 3620 sunt
658 3583 671 3620 :
689 3567 888 3620 scilicet
910 3578 963 3618 ut
993 3566 1181 3619 Basina
1204 3569 1257 3619 in
1287 3568 1689 3631 monasterium,

110 3671 163 3713 ut
196 3657 405 3727 prmfati
432 3672 647 3724 sumus,
693 3656 1083 3725 regrederetur,
1106 3656 1441 3711 Chrodieldis
1480 3671 1609 3710 vero
1636 3657 1688 3710 in

108 3752 254 3813 villa,
273 3764 395 3819 qua:
414 3749 679 3819 quondam
704 3747 990 3802 Waddonis
1011 3750 1256 3817 superius
1275 3751 1553 3804 memorati
1579 3750 1690 3804 fue-

107 3854 215 3905 rat,
238 3842 345 3896 sibi
365 3855 393 3894 a
423 3856 548 3910 rege
568 3854 822 3895 concessa
854 3842 1134 3895 resideret.

179 3920 328 3976 XXI.
369 3919 486 3973 Filii
510 3933 685 3973 autem
718 3918 1011 3974 Waddonis
1036 3919 1195 3991 515
1218 3919 1380 3989 ipsius
1407 3935 1499 3989 per
1522 3921 1691 3974 Picta-

106 4026 234 4066 vum
266 4018 538 4080 vagantes,
573 4009 784 4063 diversa
810 4009 1216 4065 committebant
1252 4009 1478 4074 scelera,
1526 4010 1693 4064 homi-

105 4104 247 4159 cidsa
271 4101 517 4170 furtaque
544 4100 819 4155 nonnulla.
842 4099 972 4155 Nam
1002 4101 1265 4155 irruentes
1292 4111 1413 4154 ante
1440 4100 1538 4152 hoc
1560 4111 1690 4153 tctu-

108 4212 218 4263 pus
262 4208 425 4260 super
463 4194 841 4261 negotiatores,
888 4193 990 4248 sub
1041 4194 1212 4248 noctis
1249 4195 1571 4248 obscuritate
1598 4209 1691 4252 eos

103 4288 287 4358 gladio
318 4286 612 4352 trucidant,
642 4286 1076 4357 abstuleruntque
1101 4301 1188 4342 res
1230 4302 1413 4342 eOrunt
1450 4306 1463 4341 :
1495 4290 1589 4344 sed
1635 4298 1689 4344 et

1791 3184 1966 3251 diem;
1993 3185 2084 3240 sed
2113 3196 2166 3239 et
2193 3187 2332 3255 globi
2356 3188 2603 3243 similiter
2630 3189 2768 3259 ignei
2794 3206 2893 3261 per
2923 3195 3093 3249 noctis
3116 3207 3354 3267 tempora

1789 3276 1985 3345 sepius
2034 3294 2127 3346 per
2170 3279 2361 3333 caelum
2404 3281 2722 3347 cucurrisse,
2754 3285 3115 3355 mundumque
3163 3288 3356 3344 illumi«

1791 3385 1946 3423 nasse
1976 3372 2070 3425 visi
2100 3383 2243 3425 sunt.
2285 3374 2538 3427 Dubietas
2572 3373 2791 3429 Paschae
2838 3375 2934 3430 fuit
2970 3379 3039 3431 ob
3069 3379 3186 3443 hoc,
3217 3382 3356 3451 quod

1789 3463 1844 3517 in
1874 3464 2026 3533 cyclo
2070 3462 2249 3531 Victor
2280 3464 2401 3518 luna
2429 3464 2635 3520 decima
2662 3466 2888 3536 quintah
2918 3468 3116 3523 Pascha
3146 3473 3359 3539 scripsit

1791 3554 1930 3609 fieri.
1956 3554 2061 3609 Sed
2094 3568 2163 3609 ne
2187 3554 2501 3622 Christiani,
2534 3566 2592 3610 ut
2617 3557 2805 3624 Judazi,
2836 3558 2937 3612 sub
2961 3558 3062 3615 hac
3094 3562 3217 3615 luna
3248 3563 3359 3617 haec

1790 3646 2046 3701 solemnia
2074 3646 2425 3713 celebrarent,
2457 3648 2695 3713 addidit,
2726 3650 2897 3703 Latini
2926 3660 3100 3706 autem
3132 3653 3256 3709 luna
3281 3657 3358 3710 vi-

1789 3739 1985 3807 gesima
2038 3738 2290 3792 secunda.
2332 3738 2414 3793 0b
2466 3741 2567 3794 hoc
2612 3740 2763 3793 multi
2818 3743 2868 3794 in
2921 3743 3106 3797 Galliis
3151 3745 3358 3799 decima

1788 3831 1973 3899 quinta
2002 3830 2123 3883 luna
2160 3830 2583 3885 celebraverunt.
2626 3832 2734 3885 Nos
2775 3841 2949 3888 autem
2998 3836 3244 3905 vigesima
3274 3852 3359 3892 se-

1790 3919 1960 3973 cunda
1982 3917 2024 3973 ί.
2051 3918 2420 3988 inquisivimus
2450 3929 2627 3975 tamen
2656 3923 2921 3987 studiose;
2950 3928 3040 3977 sed
3068 3924 3240 3981 fontes
3268 3927 3359 3982 Hi-

1790 4013 2009 4080 spania},
2038 4012 2128 4082 qui
2157 4011 2408 4067 divinitus
2448 4014 2751 4083 implentur,
2795 4017 2846 4070 in
2876 4027 3113 4072 nostrum
3153 4019 3353 4075 Pascha

1788 4102 1976 4171 repleti
2002 4112 2145 4157 sunt.
2176 4103 2532 4158 Terriemotus
2567 4104 2737 4160 factus
2786 4116 2867 4161 est
2890 4123 3110 4176 magnus
3147 4111 3358 4167 decimo

1789 4202 1977 4247 octavo
2002 4191 2267 4248 Kalendas
2304 4193 2505 4248 mensis
2543 4194 2752 4264 quinti,
2801 4197 2889 4253 die
2916 4199 3138 4267 quartot'
3188 4202 3358 4269 primo

1791 4298 1967 4352 mane,
1994 4299 2116 4339 cum
2139 4286 2223 4338 lux
2251 4284 2425 4340 redire
2446 4288 2717 4356 cepisset.
2745 4288 2835 4342 Sol
2872 4290 3110 4358 eclipsim
3140 4295 3359 4362 pertulit

102 4384 275 4435 alium
309 4377 597 4432 tribunitiae
636 4376 913 4446 potestatis
937 4379 1108 4433 virum
1136 4378 1552 4434 circumventum
1597 4380 1693 4434 do-
1792 4390 1975 4431 mense
1996 4388 2185 4432 octavo
2206 4376 2493 4441 mediante,
2526 4390 2578 4432 et
2607 4380 2674 4433 ita
2707 4383 2880 4436 lumen
2905 4382 3019 4451 ejus
3054 4386 3263 4454 minuit,
3304 4398 3361 4443 ut

170 4502 207 4530 ³
243 4491 394 4546 Hunc
425 4489 602 4543 laudat
632 4489 964 4544 Frodoardus
994 4492 1088 4547 lib.
1121 4507 1182 4555 tt,
1210 4505 1327 4559 cap.
1362 4492 1418 4553 4,
1450 4492 1535 4546 ubi
1564 4507 1686 4547 eum

104 4566 336 4616 fratrem
361 4560 577 4613 Joannis
598 4560 899 4628 Campania;
924 4563 1095 4626 ducis,
1126 4563 1213 4631 qui
1238 4561 1386 4630 Lupo
1414 4564 1544 4630 patri
1569 4580 1689 4618 stic-

102 4642 369 4694 cesserat,
402 4631 564 4683 fuisse
593 4630 769 4683 tradit.
802 4632 926 4696 Ejus
959 4630 1208 4700 pietatem
1234 4641 1493 4686 te~tantur
1522 4637 1687 4687 duna-

103 4708 284 4759 tinnes
315 4703 437 4768 piae,
467 4715 621 4768 quas,
651 4715 715 4753 ex
743 4702 930 4756 eodem
962 4711 1183 4757 auctore
1203 4742 1219 4768 ,
1254 4701 1537 4756 Rhcmensi
1582 4704 1683 4757 Ec-

101 4778 287 4828 clesiae
318 4771 543 4835 aliisque
571 4770 715 4823 fecit.

177 4844 201 4878 δ
244 4842 385 4896 Bad.
416 4850 469 4892 et
490 4839 643 4898 Colb.
668 4856 765 4903 m.,
789 4840 1017 4906 malitia;
1043 4841 1121 4895 sic
1141 4849 1196 4895 et
1221 4842 1370 4897 Colb.
1395 4858 1446 4898 a.
1478 4842 1583 4898 Sed
1610 4842 1681 4896 al-

104 4926 213 4968 lem
250 4926 416 4981 manu
445 4921 625 4977 postea
655 4913 906 4979 scriptum
929 4924 1010 4965 est
1039 4912 1243 4976 militia,
1271 4929 1371 4981 qua
1402 4928 1531 4967 voce
1552 4913 1687 4967 alias

102 4990 274 5037 utitur
303 4980 614 5048 Gregorius.

175 5054 411 5178 ccnll)§est
436 5052 536 5104 hoc
560 5058 717 5118 caput
745 5066 864 5105 cum
903 5050 1071 5105 tribus
1102 5052 1447 5121 sequentibus
1476 5053 1527 5106 in
1565 5051 1684 5106 Vat.

328 5160 342 5172 .
365 5136 416 5172 a.

98 5135 146 5179 et
179 5125 342 5178 Cnlb.
365 5136 416 5172 a.

168 5202 195 5229 α
238 5192 462 5259 Εκίὺυε
499 5199 555 5244 et
596 5189 713 5242 aliis
763 5188 1002 5257 Gregorii
1044 5192 1371 5259 aliorumque
1408 5199 1682 5246 ant-torum

98 5267 232 5317 locis
266 5258 430 5314 infert
463 5262 754 5330 Bign0nius
786 5263 836 5313 in
868 5263 1006 5315 notis
1031 5262 1097 5315 ad
1132 5265 1224 5314 lib.
1259 5258 1536 5316 t’Marcnlli
1560 5276 1678 5331 cap.

96 5340 151 5397 8,
184 5334 254 5386 ad
283 5331 522 5386 Comites
544 5346 727 5384 curaui
756 5332 1076 5397 pertinuisse
1100 5333 1294 5388 tributa
1325 5331 1513 5387 aerario
1537 5332 1685 5389 dele-

97 5405 276 5458 rendi.

178 5485 201 5511 ο
249 5470 461 5525 Waddo
492 5470 662 5542 major
688 5469 881 5523 domus
926 5469 1205 5542 Riguntltis
1234 5487 1353 5526 sese
1382 5471 1683 5527 Cundoval-

96 5545 168 5594 dn
198 5544 484 5597 Ballomeri
526 5540 871 5609 adjunxerat,
904 5544 970 5596 de
1000 5540 1106 5612 quo
1137 5559 1293 5611 supra
1341 5546 1535 5610 passim
1577 5546 1684 5612 egit

99 5616 137 5667 li
148 5632 295 5683 regni
310 5613 407 5668 ius.

178 5712 208 5744 ⁹
230 5710 358 5764 Vide
386 5723 547 5775 supra
582 5715 692 5760 nol.
729 5704 779 5770 δ,
819 5709 921 5761 col.
952 5708 1072 5763 515.

340 5806 614 5863 ΡΑτιιοι.
668 5802 766 5858 LX
785 5802 889 5860 XL

1294 5708 1443 5761 Eutr.

1720 4455 1768 4513 Ι)

1869 4484 1889 4525 τ
1916 4487 2061 4558 Bec,,
2092 4486 2244 4545 Colb.
2277 4505 2347 4542 tn.
2377 4500 2431 4545 et
2454 4491 2657 4558 aliquot
2682 4493 2770 4548 eil.
2825 4494 3175 4555 Cimmericus.

1862 4567 1889 4629 tt
1928 4557 2057 4629 Yide
2078 4574 2233 4626 supra
2263 4560 2353 4613 lib.
2393 4578 2463 4629 ix,
2492 4557 2611 4629 cap.
2640 4566 2727 4617 4|.

1862 4627 1888 4666 1³
1918 4628 2122 4692 Casin.,
2150 4627 2470 4686 duodecima.

1869 4709 1886 4736 ι
1931 4698 2082 4752 Colb.
2114 4715 2213 4780 m.,
2248 4700 2430 4780 litigat.
2458 4717 2516 4780 et
2537 4706 2698 4780 βίω..
2722 4706 2959 4780 vigesima
2980 4710 3165 4780 primo.
3190 4714 3363 4768 (Σαειρ-

1790 4786 1907 4848 [om
1927 4773 2309 4848 praevaluit-in
2344 4773 2581 4848 _Ecclesia
2621 4773 2879 4833 catholica
2911 4773 3027 4833 mos
3052 4785 3357 4839 celebrandi

1791 4839 1992 4913 Pascha
2014 4842 2071 4913 in
2104 4839 2413 4913 plenilunio,
2442 4860 2534 4899 seu
2568 4847 2689 4900 luna
2716 4863 2806 4913 xv,
2828 4863 2948 4903 cum
2977 4851 3059 4905 die
3088 4852 3359 4909 Dominica

1790 4911 2073 4990 contingit.
2103 4911 2252 4990 Quod
2287 4922 2525 4990 tempore
2552 4911 2799 4990 Gregorii
2820 4921 3083 4988 aliquibus
3114 4921 3362 4990 displice-

1792 4980 2118 5061 bat,-ne.sic,
2150 4993 2205 5033 ut
2234 4980 2689 5061 ipsisvidebatur',
2729 4980 2957 5061 aliquam
2992 4980 3260 5046 Paschalis
3287 4994 3363 5048 fe-

1793 5052 2040 5105 stivitatis
2071 5062 2274 5120 partem
2316 5052 2600 5109 Christiani
2649 5052 2888 5111 simul'et
2917 5058 3081 5113 Judaei
3125 5062 3363 5116 celebra-

1792 5132 1942 5185 rent;
1971 5135 2103 5193 quas
2129 5122 2374 5193 querelas
2419 5137 2537 5177 cmn
2565 5133 2805 5191 tempore
2832 5126 3169 5193 Cregoriana:
3192 5132 3365 5186 refor—

1792 5191 2038 5245 mationis
2064 5191 2573 5247 Kalendariisarculo
2617 5197 2856 5262 proxime
2900 5191 3082 5263 elapso
3126 5206 3360 5257 nonnulli

1794 5275 2056 5339 renovare
2083 5271 2547 5339 conarentur,_‘eos
2578 5264 2823 5339 refn_ta_v_it
2852 5267 3063 5339 Clavuus
3097 5270 3149 5322 in
3180 5275 3361 5339 apolu.

1791 5331 1872 5402 gia
1899 5331 2133 5402 ejusdem
2157 5331 2490 5399 Kalendarii;
2514 5350 2632 5387 cum
2651 5335 2720 5388 ob
2743 5335 2792 5388 id
2820 5340 2991 5390 solum
3019 5331 3362 5402 Pascha'luna

1792 5400 1879 5455 xiv
1916 5400 2175 5455 celebrari
2206 5402 2425 5456 vetitum
2452 5413 2613 5472 esset,
2644 5422 2709 5459 ne
2736 5406 3025 5461 Christiani
3058 5411 3194 5467 lianc
3221 5400 3365 5469 festi;

1792 5472 2007 5595 ἷίἷτιῑεὲη
2037 5486 2103 5526 eo
2133 5472 2219 5527 die
2246 5472 2579 5531 celebrarent
2609 5491 2716 5546 quo
2741 5477 2909 5533 Judaei
2937 5494 3129 5550 agnum
3176 5484 3366 5541 immo-

1814 5557 1946 5595 aian
1980 5580 1992 5592 .

1814 5557 1992 5595 anant.

1866 5616 1879 5661 l
1929 5611 2136 5682 ilegm.,
2161 5615 2335 5682 quinta
2363 5615 2464 5671 die.

2863 5809 2933 5871 18
