4020 6194
634 264 735 317 5.55

1632 264 1691 318 S.
1735 261 2065 317 GREGl’ll’tll
2112 261 2411 317 EPISCGPI
2454 263 2888 320 TURONENSIS
3816 268 3917 321 μετ)

630 380 717 431 vix
746 384 995 446 quantum
1027 376 1225 444 quinta:
1256 373 1393 426 luna:
1427 386 1627 426 cornua
1659 374 1912 436 retinent,
1947 373 2009 426 ad
2037 373 2218 427 locen-
2249 378 2299 435 Α
2325 375 2475 441 quasi
2533 389 2693 441 super
2746 375 2902 428 aliam
2958 376 3296 430 medietatem
3356 376 3500 430 urbis
3524 415 3541 439 ,
3600 380 3915 444 apprchetn

633 467 759 519 dum
814 465 1053 551 haberet.
1090 462 1290 516 Pluvia:
1336 461 1556 527 valid-.c,
1594 461 1819 516 tonitrua
1870 464 1920 515 in
1967 474 2220 516 autumno

633 562 833 630 gravia,
866 574 1019 630 aqua:
1058 567 1235 613 autem
1276 556 1500 611 nimium
1550 556 1910 614 ittvaluerunt.
1946 555 2221 611 Vivarjen-

636 670 746 709 sem
767 664 789 687 ει
823 652 1258 719 Avennicamque
1288 649 1470 703 urbem
1506 648 1741 718 graviter
1776 649 1887 703 lues
1927 650 2220 719 inguinaria

634 744 947 798 devastavit.

709 833 897 889 XXIV.
940 835 1095 887 Anno
1147 831 1306 901 igitur
1352 829 1569 884 decimo
1633 836 1787 881 sexto
1847 827 2218 891 Childcberti,

642 926 1029 982 Guntchramni
1055 935 1229 978 autem
1254 922 1527 993 trigesimo
1548 935 1754 990 regum,
1779 920 1991 989 quidam
2016 920 2222 989 episco-

640 1035 737 1089 pus
754 1021 821 1073 de
840 1016 1209 1071 transmarinis
1228 1013 1469 1083 partibus
1490 1013 1555 1066 ad
1577 1011 1898 1066 Turonicam
1916 1013 2101 1065 urbem
2129 1010 2226 1064 ad-

637 1112 800 1179 venit,
854 1109 1066 1163 nomine
1098 1109 1305 1163 Simon.
1350 1104 1444 1159 llic
1475 1104 1629 1159 nobis
1661 1105 1996 1159 eversionem
2035 1104 2222 1158 Antiu-

633 1202 767 1256 chire
798 1202 943 1255 urbis
985 1200 1312 1263 enuntiavit,
1358 1210 1607 1253 asserens
1655 1212 1715 1252 se
1759 1200 1828 1252 de
1876 1196 2125 1251 Armenia
2170 1197 2222 1249 itt

638 1295 857 1351 Perside
883 1294 1205 1364 captivatum
1232 1290 1413 1347 luisse.
1444 1290 1556 1346 Rex
1584 1291 1726 1345 enim
1749 1290 2054 1357 Persarum,
2087 1291 2226 1343 ill‘ll-

635 1399 726 1456 pto
766 1386 1139 1443 Armeniorum
1172 1384 1421 1450 termino,
1467 1382 1678 1452 pratdas
1707 1384 1814 1451 egit
1862 1382 2224 1449 ecclesiasque

637 1480 745 1550 igni
773 1478 1072 1545 succendit,
1104 1488 1158 1533 et
1189 1476 1329 1531 hunc
1358 1475 1691 1530 sacerdotem
1721 1490 1840 1528 cum
1870 1474 2067 1543 pepulo
2097 1490 2217 1539 suo,

636 1580 695 1622 ut
724 1570 981 1634 diximus,
1015 1567 1278 1637 captivum
1321 1565 1561 1621 abduxit.
1588 1566 1738 1620 Tunc
1765 1568 1924 1620 etiam
1954 1576 2007 1620 et
2036 1566 2221 1619 basili-

634 1677 753 1717 cam
782 1672 1085 1717 sanctorum
1122 1661 1466 1731 quadraginta
1495 1668 1615 1713 octo
1658 1670 1973 1729 martyrum,
2006 1659 2073 1714 de
2101 1660 2221 1729 qui-

2325 480 2415 520 sus
2465 476 2547 520 est
2594 483 2621 519 a
2677 468 2882 522 duobus
2929 468 3089 521 sociis
3135 470 3223 537 qui
3271 483 3392 521 eum
3432 483 3499 523 eo
3534 478 3721 531 erant,
3757 476 3917 535 atque

2324 556 2634 612 obsecratus
2691 559 3017 614 terribilibus
3069 557 3463 627 sacramentis,
3499 569 3555 613 ut
3605 558 3918 629 indulgeret

2324 648 2594 702 medietati
2624 649 2789 718 urbis,
2822 665 2889 704 ne
2920 661 3118 715 rueret,
3152 649 3494 720 mitigatoque
3536 650 3731 707 furore
3759 654 3917 706 susti-

2325 738 2437 791 nuit
2484 754 2698 792 manum
2755 757 2929 799 suam,
2982 752 3141 810 atque
3188 743 3405 798 elevans
3442 743 3726 799 hominem
3758 740 3917 816 518

2324 829 2412 898 qui
2440 841 2715 883 corruerat
2743 832 2794 884 in
2830 841 3047 898 terram,
3076 835 3149 885 ait
3179 851 3191 883 :
3228 833 3369 887 Vade
3394 832 3458 887 ad
3490 833 3721 889 dontutn
3752 844 3911 903 tuam,

2325 935 2393 975 ne
2421 922 2608 975 timeas
2643 939 2655 975 :
2704 922 2794 975 ﬁlii
2836 923 2976 977 enim
3012 925 3082 977 tui
3120 939 3240 977 cum
3275 940 3442 979 uxnre
3467 935 3521 979 et
3551 926 3708 980 omni
3759 927 3915 981 domo

2326 1022 2414 1067 tua
2442 1012 2572 1067 Salvi
2599 1024 2743 1079 sunt,
2778 1031 2876 1071 nec
2897 1016 3176 1085 quisquam
3207 1033 3270 1071 ex
3299 1020 3377 1071 eis
3410 1019 3587 1086 periit.
3608 1019 3913 1074 Custodit-it

2324 1105 2466 1160 enim
2512 1115 2562 1160 te
2592 1107 2762 1159 oratio
2790 1108 2999 1160 assidua
3028 1116 3081 1162 et
3111 1110 3472 1179 eleemosyna:
3498 1124 3633 1179 quas
3666 1112 3909 1179 quotidie

2326 1212 2543 1251 exerces
2595 1198 2645 1252 in
2697 1214 2979 1268 pauperes.
3026 1199 3086 1253 Et
3136 1200 3249 1255 hazc
3289 1202 3491 1265 dit-ens,
3545 1203 3910 1258 discesserunt

2326 1288 2394 1342 ah
2423 1289 2586 1342 oculis
2616 1289 2754 1358 ejus,
2788 1306 2885 1344 nec
2912 1291 2960 1345 ei
2997 1303 3356 1360 apparuerunt
3396 1295 3555 1347 ultra.
3600 1294 3699 1348 Ille
3742 1306 3908 1349 autem

2325 1393 2600 1448 regressus
2632 1381 2681 1433 in
2716 1383 2930 1446 uxbem,
2966 1383 3165 1451 reperit
3205 1385 3349 1438 urbis
3390 1385 3747 1440 medietatem
3775 1386 3909 1439 dian-

2326 1483 2433 1527 tam
2462 1480 2621 1541 atque
2642 1472 2952 1551 subversam
2982 1489 3101 1528 cum
3134 1474 3437 1531 hominibus
3477 1478 3873 1546 pecoribusque
3892 1518 3907 1542 ,

2325 1576 2392 1616 ex
2438 1562 2631 1629 quibus
2662 1562 2901 1618 nonnulli
2933 1579 2961 1615 a
3003 1565 3170 1619 ruinis
3217 1566 3470 1633 deinceps
3512 1569 3753 1623 extracti
3798 1580 3909 1623 sunt

2327 1654 2545 1721 mortui,
2582 1656 2729 1723 pauci
2770 1654 3029 1710 debilitati
3070 1659 3268 1725 reperti
3298 1672 3421 1713 sunt
3461 1660 3591 1716 vivi.
3636 1661 3912 1716 Verumta‘

635 1756 737 1809 bus
777 1754 831 1808 itt
868 1753 1005 1808 libro
1042 1751 1419 1807 Miraculorum
1464 1748 1725 1805 meminib
1751 1790 1765 1813 ,
1794 1749 1882 1818 qui
1922 1749 1974 1803 itt
2006 1749 2091 1803 illa
2141 1764 2223 1805 re-
2254 1760 2302 1819 Β
2328 1760 2449 1800 men
2474 1761 2571 1800 nec
2603 1746 2691 1800 illa
2721 1756 2928 1801 cassata
2967 1736 3112 1814 sunt,
3143 1765 3261 1817 qua:
3295 1750 3410 1803 viro
3446 1752 3568 1805 huic
3589 1752 3661 1804 ab
3694 1754 3830 1822 ipso,
3861 1760 3910 1807 ut

638 1845 795 1915 giotte
837 1843 975 1912 passi
1003 1852 1148 1909 sunt,
1179 1844 1389 1911 oppleta
1426 1840 1553 1911 ligni
1579 1840 1847 1909 congerie,
1877 1839 2011 1907 pice,
2046 1849 2222 1908 tergo-

645 1936 901 2006 ribusque
918 1935 1142 1989 suillinis
1158 1933 1425 1997 immistis,
1441 1930 2047 2001 suppositisardentibus
2063 1930 2219 2000 517

638 2028 860 2092 facibus,
889 2024 1347 2097 succendercnisi
1375 2035 1499 2079 sunt
1519 2034 1540 2062 ε
1565 2039 1579 2075 :
1608 2022 1702 2077 sed
1733 2036 2062 2091 nequaquam
2088 2020 2223 2089 ignis

645 2127 952 2188 apparatum
970 2116 1198 2171 incendii
1213 2113 1638 2183 comprehendit,
1654 2113 1838 2179 sicque
1860 2113 2101 2166 videntes
2114 2126 2223 2164 ma-

638 2211 812 2279 gnalia
847 2209 962 2272 Dei,
997 2214 1333 2262 recesserunt
1369 2204 1436 2257 ab
1465 2220 1546 2258 ca.
1580 2203 1770 2258 Audita
1803 2214 1979 2257 autem
2008 2202 2222 2273 quidam

646 2304 926 2373 episc0pus
947 2299 1098 2353 iStius
1128 2297 1404 2351 memorati
1447 2296 1739 2350 sacerdotis
1769 2294 2110 2361 abductione,
2144 2294 2227 2349 dl-

642 2394 780 2449 rexit
810 2391 1034 2460 pretium
1060 2405 1151 2457 per
1181 2387 1422 2442 homines
1448 2401 1573 2441 suos
1604 2385 1667 2439 ad
1704 2401 1881 2454 regem
1919 2386 2222 2440 Persarum.

646 2488 762 2554 Quo
802 2484 890 2540 ille
917 2493 1185 2550 suscepto,
1220 2480 1474 2534 relaxavit
1510 2493 1538 2530 a
1575 2477 1849 2532 servitutis
1880 2478 2090 2531 vinculo
2114 2479 2228 2547 epi-

644 2594 864 2649 sc0pum
891 2578 1071 2633 istum.
1103 2573 1178 2627 Ex
1207 2572 1270 2627 iis
1292 2588 1420 2641 ergo
1444 2571 1724 2626 discedens
1749 2570 2075 2639 regionibus,
2104 2570 2228 2624 Gal-

644 2672 744 2726 lias
771 2681 855 2724 eSt
878 2683 1178 2739 aggressus,
1223 2673 1280 2719 ut
1325 2663 1937 2732 aliqttid-consolationis
1963 2678 1992 2717 a
2023 2662 2228 2717 devotis

646 2762 951 2829 acciperet:
984 2760 1073 2823 qui
1099 2756 1272 2822 nobis,
1302 2764 1359 2810 ut
1382 2752 1586 2825 praefati
1616 2768 1800 2808 sumus
1827 2754 2088 2822 superius,
2115 2753 2229 2809 haec

646 2855 846 2913 retulit.
874 2855 1042 2910 llomo
1066 2861 1184 2907 erat
1211 2853 1261 2905 in
1285 2850 1568 2905 Antiochia
1590 2849 1743 2904 valde
1766 2848 1987 2903 devotus
2010 2850 2060 2903 itt
2084 2849 2229 2905 elee-

648 2949 912 3019 mosynis,
950 2946 1228 3015 conjugetn
1259 2959 1321 2998 ac
1351 2943 1548 2997 liberos
1581 2941 1812 3006 habens;
1854 2957 1952 2996 nec
2000 2957 2225 3012 unquam

648 3041 695 3095 ei
724 3041 775 3093 in
806 3039 950 3093 omni
982 3041 1084 3091 vita
1112 3052 1205 3091 sua
1232 3034 1345 3091 dies
1368 3033 1646 3104 praeteriit,
1675 3044 1951 3103 postquam
1978 3034 2227 3104 quiddam

2324 1839 2397 1892 ita
2425 1838 2621 1903 dicam,
2654 1838 2846 1908 angelo
2884 1838 3094 1894 Domini
3121 1851 3245 1894 sunt
3274 1841 3457 1898 effata.
3500 1842 3634 1897 Nam
3664 1846 3906 1911 veniens,

2324 1947 2543 1987 omnem
2562 1931 2778 1986 domum
2807 1946 2955 1986 suam
2985 1932 3307 1988 incolumem
3341 1936 3558 2003 reperit,
3584 1946 3798 1991 tantum
3831 1936 3906 1990 {tt-

2324 2038 2451 2078 nera
2506 2024 2947 2093 propinquorum,
2979 2040 3097 2093 qua:
3144 2026 3193 2078 in
3251 2026 3373 2080 aliis
3418 2027 3669 2081 domibus
3723 2028 3906 2082 ellecta

2324 2116 2552 2183 fuerant,
2594 2116 3002 2183 latnentabatur,
3057 2119 3396 2186 protexitque
3442 2132 3566 2172 eum
3618 2119 3675 2173 in
3735 2121 3907 2174 tnedio

2326 2196 2627 2278 iniquorum
2659 2208 2877 2261 dextera
2922 2208 3129 2262 Domini
3161 2225 3281 2263 cum
3311 2210 3470 2263 domo
3497 2224 3616 2277 sua,
3651 2212 3905 2266 salvam-

2325 2314 2429 2369 que
2458 2312 2540 2353 est
2563 2314 2591 2350 a
2636 2299 2882 2366 periculis
2919 2307 3127 2366 mortis,
3161 2316 3222 2355 ac
3250 2301 3390 2355 velut
3423 2314 3754 2358 memoratus
3776 2303 3904 2358 Loth

2326 2390 2592 2460 quondam
2618 2394 2667 2444 in
2695 2390 2942 2446 Sodomis
2969 2390 3123 2463 (Gen.
3155 2392 3290 2463 χιι).

2402 2483 2567 2538 XXV.
2599 2486 2670 2539 At
2691 2486 2742 2539 itt
2774 2483 2958 2541 Galliis
2987 2485 3370 2542 Massiliensem
3402 2486 3733 2540 Provinciam
3750 2502 3903 2540 mor-

2328 2576 2428 2630 bus
2445 2591 2588 2645 satpe
2609 2576 2913 2630 nominatus
2934 2578 3153 2633 invasit:
3179 2578 3504 2648 Attdegavos,
3529 2576 3897 2644 Namneticos,

2331 2676 2490 2736 atque
2539 2667 2927 2722 Cenomanicos
2978 2668 3147 2722 valida
3200 2668 3367 2725 fames
3412 2668 3693 2739 oppressit.
3748 2669 3901 2724 Initia

2328 2767 2447 2811 sunt
2478 2759 2622 2813 enim
2665 2757 2780 2813 haec
2809 2759 3073 2823 dolorum,
3114 2761 3269 2829 juxta
3311 2761 3437 2816 illud
3467 2760 3605 2831 quod
3647 2760 3897 2815 Dominus

2329 2852 2402 2905 ait
2422 2850 2475 2905 itt
2511 2851 2832 2922 Evangelia:
2864 2850 3031 2906 Erunt
3056 2855 3355 2918 pestilentia!
3377 2864 3422 2907 et
3444 2855 3626 2924 fames,
3657 2862 3706 2907 et
3728 2864 3896 2908 teme-

2328 2953 2495 2997 motus
2516 2960 2605 3014 per
2624 2944 2737 2997 loco
2767 2943 2979 3016 (Matth.
3006 2960 3151 3012 xxtv,
3176 2945 3231 3011 7)
3259 2962 3274 3010 ;
3322 2954 3365 2999 et
3394 2955 3665 3017 exsurgant
3691 2946 3896 3013 pseudo-

2332 3037 2529 3101 cltrt'stt',
2553 3046 2598 3090 et
2620 3036 3076 3105 pseudOpraphetw
3099 3035 3259 3105 (Ibid.
3292 3052 3440 3100 xxtv,
3471 3035 3560 3106 ιι)
3591 3052 3607 3102 ;
3641 3042 3690 3089 et
3717 3036 3897 3089 dabunt

649 3134 918 3201 proprium
952 3129 1145 3185 habere
1184 3129 1367 3197 cmpit,
1406 3127 1546 3197 quod
1590 3128 1708 3179 sine
1738 3140 1971 3195 paupere
2015 3126 2227 3195 epulum
2256 3136 2300 3199 ο
2332 3130 2476 3199 signa
2494 3138 2541 3183 et
2564 3130 2795 3201 prodigia
2815 3130 2869 3182 in
2885 3129 3030 3195 caelo,
3054 3130 3190 3183 itaut
3206 3132 3388 3185 electos
3406 3131 3456 3183 in
3475 3131 3897 3184 moremmittattt

649 3226 999 3296 przelibasset.
1057 3223 1151 3275 llic
1197 3235 1299 3274 una
1351 3220 1439 3274 die
1488 3232 1608 3272 cum
1658 3216 1988 3271 circumisset
2045 3219 2227 3272 urbem

652 3331 817 3384 usque
836 3317 899 3369 ad
924 3328 1222 3382 vesperum,
1245 3321 1301 3367 et
1320 3309 1553 3379 reperire
1572 3324 1677 3364 non
1705 3312 1961 3379 potuisset
1979 3325 2227 3379 egenum,

649 3421 770 3461 cum
792 3420 897 3474 quo
917 3404 1091 3459 cibum
1118 3417 1311 3471 capere
1330 3412 1525 3468 posset,
1552 3415 1798 3470 egressus
1815 3410 1964 3455 extra
1992 3411 2227 3468 portam,

648 3512 767 3552 eum
799 3511 902 3550 nox
942 3496 1182 3556 irrueret,
1234 3490 1430 3560 reperit
1470 3491 1644 3545 virum
1691 3492 1743 3544 in
1784 3500 1932 3545 veste
1959 3492 2077 3544 alba
2108 3508 2226 3545 cutn

650 3590 857 3644 duobus
885 3587 1008 3642 aliis
1038 3594 1293 3649 stantem,
1323 3598 1479 3653 quem
1498 3583 1781 3652 aspiciens,
1812 3582 1962 3652 quasi
1989 3584 2119 3636 Loth
2141 3584 2229 3638 ille

650 3686 861 3752 antiqua
893 3686 1217 3735 memoratus
1246 3676 1524 3737 historia“,
1570 3687 1783 3731 territus
1817 3680 1893 3729 ait
1924 3694 1937 3729 :
1970 3677 2033 3730 Et
2071 3676 2229 3732 forsi-

654 3788 740 3830 tan
775 3774 1085 3845 peregrinus
1114 3782 1196 3825 est
1225 3772 1469 3824 dominus
1498 3783 1669 3831 meus,
1700 3769 1946 3837 dignetur
1973 3769 2229 3824 accedere

651 3867 716 3920 ad
762 3866 976 3921 domum
1007 3863 1147 3919 servi
1179 3862 1292 3927 sui;
1324 3872 1376 3915 et
1405 3872 1617 3929 sumpto
1658 3861 1850 3927 epulo,
1882 3862 2138 3930 quiescite
2172 3861 2228 3915 in

649 3969 835 4024 strato,
866 3970 1020 4011 mane
1044 3964 1220 4008 autem
1263 3950 1670 4021 prolicisccmini
1702 3950 1754 4003 in
1779 3949 1916 4003 viam
1944 3966 2100 4021 quam
2131 3966 2235 4029 vn-_

652 4056 881 4111 lneritis.
917 4052 1013 4107 Cui
1043 4052 1132 4107 ille
1171 4051 1259 4118 qui
1294 4060 1407 4103 erat
1442 4048 1624 4103 senior
1663 4058 1849 4101 tenens
1879 4047 2145 4101 sudarium
2174 4046 2229 4102 in

658 4165 817 4205 manu
857 4163 975 4215 sua,
1004 4148 1113 4201 ait:
1147 4145 1262 4200 Non
1305 4152 1544 4213 poteras,
1578 4156 1612 4195 ο
1651 4141 1810 4195 homo
1849 4140 1963 4205 Dei,
1990 4156 2110 4194 cum
2139 4138 2228 4195 Si-

660 4254 849 4294 meone
877 4246 1056 4293 vestro
1082 4236 1219 4290 hanc
1241 4235 1424 4289 urbem
1449 4233 1676 4297 salvare,
1700 4248 1768 4285 ne
1796 4231 2229 4286 subverteretur?

659 4335 721 4386 lit
764 4334 982 4387 elevans
1010 4344 1228 4385 manum
1267 4327 1506 4382 excussit
1534 4324 1806 4379 sudarium
1837 4324 1976 4393 quod
2017 4325 2231 4380 tenebat

654 4441 814 4495 super
842 4423 1179 4478 medietatem
1210 4419 1379 4484 urbis,
1410 4426 1465 4473 et
1502 4416 1680 4472 statim
1705 4425 2021 4471 corruerunt
2050 4418 2227 4470 omnia

2334 3220 2525 3292 (Marc.
2554 3238 2669 3287 xnt,
2702 3220 2816 3293 εξ).
2861 3222 3008 3277 Sicut
3038 3224 3282 3292 przesenti
3308 3234 3515 3294 gestum
3543 3234 3893 3294 esttempore.

2331 3316 2557 3381 Quidam
2586 3318 2729 3372 enim
2759 3334 2823 3373 ex
2866 3318 3124 3384 Biturico,
3180 3330 3237 3376 ut
3288 3322 3401 3391 ipse
3444 3324 3783 3392 postmodum
3824 3330 3894 3376 est

2334 3409 2625 3478 professus,
2667 3411 2789 3464 dum
2820 3412 2985 3467 saltus
3023 3413 3278 3468 silvarum
3309 3413 3605 3484 ingressus,
3638 3416 3775 3485 ligna
3802 3430 3894 3469 ca-

2332 3501 2481 3554 deret
2507 3502 2573 3554 ad
2613 3501 2928 3571 explendam
2975 3505 3153 3574 operis
3199 3505 3473 3574 cujusdam
3510 3510 3890 3571 necessitatem,

2330 3607 2631 3646 muscarum
2662 3608 2784 3648 eum
2811 3597 3152 3651 circumsedit
3175 3610 3433 3665 examen,
3493 3613 3601 3667 qua
3643 3600 3710 3654 de
3754 3612 3893 3653 causa

2331 3697 2425 3751 per
2456 3683 2727 3738 biennium
2759 3700 2943 3739 amens
2973 3698 3054 3740 est
3088 3687 3297 3741 habitus
3325 3707 3338 3742 :
3382 3689 3522 3745 unde
3554 3691 3777 3759 intelligi
3811 3688 3892 3742 da-

2331 3786 2416 3829 tur
2437 3775 2713 3830 diaboficaa
2747 3776 3050 3832 emissionis
3095 3777 3261 3833 fuisse
3303 3780 3625 3849 nequitiam.
3666 3781 3891 3836 Posthac

2333 3869 2621 3923 transactis
2650 3869 2872 3923 urbibus
2917 3870 3247 3939 pr0pinqttis,
3291 3874 3661 3927 Arelatensem
3694 3872 3894 3927 Provin-

2329 3960 2464 4012 ciam
2497 3959 2647 4024 adiit,
2691 3959 2869 4026 ibique
2900 3960 3114 4014 indutus
3165 3962 3408 4029 pellibus,
3443 3965 3597 4031 quasi
3632 3963 3889 4032 religiosus

2329 4049 2509 4103 orabat
2549 4066 2561 4101 :
2589 4049 2652 4103 ad
2671 4065 2826 4119 quem
2852 4034 3176 4105 illtttlettduat
3203 4068 3325 4119 pars
3349 4054 3599 4121 adversa,
3635 4052 3887 4110 divinandi

2330 4139 2380 4194 ei
2422 4140 2603 4195 tribuit
2627 4142 2741 4195 [acu
2768 4149 2950 4196 tatem.
2986 4142 3061 4195 Ex
3108 4142 3206 4197 hoc
3236 4154 3291 4197 ttt
3324 4146 3373 4198 in
3405 4145 3599 4216 majori
3632 4148 3891 4215 proﬁci-ret

2329 4235 2556 4299 scelere,
2582 4247 2882 4289 commotus
2924 4251 2952 4288 a
2986 4237 3137 4299 loco,
3187 4236 3521 4292 Provinciam
3562 4250 3889 4293 memoratam

2331 4325 2604 4388 deserens,
2635 4324 2966 4379 Gabalitanaa
2996 4324 3013 4363 τ
3043 4329 3273 4396 regionis
3299 4332 3589 4383 terminum
3614 4342 3694 4384 est
3715 4332 3891 4397 ingres-

2330 4431 2442 4482 sus,
2502 4416 2780 4487 proferens
2833 4419 2995 4490 519
3044 4437 3101 4474 sc
3150 4436 3425 4489 magnum,
3459 4436 3520 4476 ac
3573 4423 3798 4489 proﬁteri
3841 4434 3891 4473 se

654 4518 903 4583 aedilicia,
935 4525 988 4570 et
1019 4513 1370 4585 quodcunque
1402 4508 1471 4563 ibi
1501 4518 1759 4563 structum
1788 4508 1910 4573 fuit;
1936 4508 2110 4577 ibique
2138 4525 2231 4578 op-
2262 4509 2314 4567 D
2338 4525 2442 4563 non
2499 4518 2739 4565 metuens
2791 4509 3082 4577 Christum,
3130 4522 3396 4579 assumpta
3444 4527 3630 4568 secum
3688 4512 3891 4566 muliere

654 4609 824 4678 pressi
851 4616 972 4661 sunt
999 4621 1154 4661 senes
1181 4618 1300 4659 cum
1340 4600 1666 4665 infantibus,
1709 4600 1806 4653 viri
1841 4614 1960 4654 cum
2003 4601 2236 4656 mulieri.

654 4702 776 4768 bus,
805 4708 965 4769 atque
985 4706 1210 4766 uterque
1234 4710 1391 4750 sexus
1413 4692 1677 4747 interiite.
1703 4690 1854 4758 Quod
1888 4691 1974 4745 ille
1992 4707 2237 4756 cernens,

655 4808 765 4851 tam
796 4794 863 4847 de
892 4806 1115 4861 persona
1147 4789 1273 4853 viri,
1308 4801 1465 4856 quam
1489 4786 1556 4840 de
1581 4784 1759 4839 sonitu
1782 4784 1948 4838 ruina:
1978 4784 2141 4838 hebes
2166 4785 2243 4838 el'-

654 4889 846 4952 fectus,
888 4883 995 4938 ruit
1037 4883 1088 4936 itt
1135 4890 1330 4936 terram
1371 4889 1426 4934 et
1453 4878 1620 4932 lactus
1664 4883 1747 4930 est
1791 4876 1934 4930 velut
1978 4885 2238 4930 ntortuns.

656 4981 995 5045 Elevansque
1044 4974 1233 5028 iterum
1278 4972 1359 5024 vir
1411 4969 1502 5023 ille
1557 4982 1768 5020 manum
1826 4980 1945 5021 cum
2003 4966 2239 5032 sudario,

732 5174 756 5200 ἰ
798 5162 986 5217 Albam
1029 5155 1334 5209 llelviorttnt
1376 5153 1509 5205 hanc
1538 5150 1720 5203 urbem
1753 5161 1958 5203 veteres
1990 5148 2237 5216 frequen-

660 5238 763 5289 tius
801 5228 1155 5299 appellabant,
1202 5224 1355 5299 hodie
1393 5221 1661 5299 Vivartutn
1714 5236 1811 5299 seu
1856 5219 2067 5299 Vivaria
2108 5221 2239 5273 dici-

662 5317 768 5367 tur,
800 5292 958 5369 vulgo
1008 5298 1213 5357 Vivt'ers,
1251 5296 1335 5349 tibi
1369 5294 1521 5349 sedes
1547 5292 1867 5360 episcopalis
1906 5292 2007 5343 sub
2036 5298 2237 5343 metro-

662 5375 767 5444 poli
802 5369 1107 5444 Viennensi.

734 5444 759 5481 δ
800 5443 854 5495 ltt
882 5441 973 5493 lib.
999 5455 1014 5492 ι
1043 5438 1110 5490 de
1134 5436 1312 5490 Gloria
1342 5436 1517 5499 lllart.,
1545 5447 1658 5500 cap.
1691 5430 1780 5485 96.

741 5520 763 5549 ε
809 5511 905 5564 llic
932 5509 1127 5561 desinit
1149 5508 1314 5561 codex
1346 5506 1555 5573 Hegnt..
1591 5499 1798 5557 caneris
1828 5502 2049 5555 avulsis.
2092 5499 2235 5554 Nihil

664 5594 840 5639 autem
862 5581 1064 5640 deerat,
1097 5587 1231 5631 utcv
1266 5578 1497 5643 capitum
1524 5574 1696 5626 indice
1724 5573 2007 5640 colligitur,
2042 5582 2237 5643 pragter

664 5660 799 5708 torte
831 5650 1071 5703 ultimum
1099 5658 1258 5713 caput
1283 5641 1350 5699 de
1380 5646 1644 5714 episcopis
1674 5645 1982 5708 Turonicis,
2013 5641 2152 5711 quod
2182 5644 2231 5695 in

666 5724 838 5779 iadicc
869 5733 971 5775 non
1004 5726 1340 5771 memoratur.

2339 4600 2565 4670 quadam
2622 4617 2718 4669 pro
2768 4617 2972 4667 sorore,
3028 4618 3184 4673 quant
3236 4604 3451 4658 Mariam
3497 4600 3888 4660 vocitari‘l'ecit.

2339 4692 2655 4749 Conﬂuebat
2683 4694 2748 4747 ad
2777 4709 2895 4748 eum
2929 4695 3210 4749 multitudo
3242 4694 3441 4763 populi,
3480 4696 3738 4750 exhibens
3767 4694 3889 4746 inﬁr-

2344 4800 2478 4845 mos,
2507 4801 2641 4855 quos
2669 4788 2985 4855 contingens
3015 4786 3226 4839 sanitati
3250 4785 3523 4840 reddebat.
3554 4783 3890 4840 Conferebant

2345 4882 2484 4930 enim
2516 4879 2563 4930 ei
2587 4894 2771 4930 aurum
2806 4884 3213 4946 argentumque,
3243 4891 3305 4930 ac
3352 4876 3689 4940 vestimenta,
3736 4876 3769 4928 ii
3814 4870 3889 4940 qui

2347 4969 2412 5022 ad
2440 4985 2559 5022 euut
2586 4970 2996 5023 conveniebant.
3040 4967 3190 5035 Quod
3244 4967 3353 5031 ille,
3379 4982 3486 5036 quo
3512 4965 3721 5022 facilius
3746 4966 3887 5016 sedu-

2416 5147 2439 5185 ά
2485 5150 2537 5202 In
2564 5150 2786 5204 Historia
2816 5165 2987 5212 sacra,
3019 5151 3213 5203 scilicet
3245 5148 3536 5216 Geneseos,
3564 5166 3681 5218 cap.
3717 5150 3796 5202 l9.

2422 5230 2443 5256 θ
2485 5222 2699 5274 Cladetn
2727 5222 2864 5275 hanc
2903 5221 3287 5274 Antiochenam
3320 5218 3437 5272 fuse
3464 5219 3742 5288 descripsit
3774 5222 3889 5288 Eva-

2345 5292 2486 5355 grius
2516 5292 2607 5344 lib.
2632 5307 2703 5354 vt,
2730 5307 2846 5357 cap.
2868 5292 3091 5359 8,qnam
3118 5306 3257 5343 anno
3284 5289 3387 5343 589
3412 5286 3698 5361 contigtSSe
3726 5286 3885 5358 proba!

2349 5363 2507 5414 llenr.
2544 5362 2778 5416 Valesius
2808 5367 2855 5415 in
2885 5361 3345 5416 Annutatiottibus.

2424 5431 2441 5468 ί
2489 5433 2650 5485 llmlie
2705 5435 2752 5487 le
2787 5433 3060 5487 (let-nudati
3092 5473 3108 5497 ,
3164 5431 3313 5497 cujus
3341 5431 3466 5484 urbs
3495 5431 3751 5498 praecipua
3780 5426 3887 5479 olim

2342 5503 2688 5565 Audet-itum,
2739 5504 2833 5558 sed
2899 5518 2930 5556 a
2976 5502 3338 5571 compluribus
3391 5503 3600 5555 satculis
3652 5499 3887 5571 Μὶιιιλιιϐο

2343 5573 2549 5636 Mende,
2597 5570 3149 5645 hodiequeepiscopi
3197 5572 3353 5628 sedes
3400 5573 3689 5642 principem
3735 5570 3887 5625 locum

2339 5646 2408 5700 ob
2436 5646 2563 5698 iuet.
