4020 6194
131 247 215 303 557
1025 239 1362 296 ιιιδτυιιιλ.
1382 232 1680 293 FRANCOI

1787 234 1831 289 Ι.
1870 233 2073 291 LIBER
2115 234 2435 293 DECIMUS.

3253 230 3363 295 551

129 369 272 425 ceret,
301 358 624 428 pauperibus
652 354 924 424 erogabat,
960 364 1307 421 prosternens
1337 366 1397 406 se
1419 350 1552 413 solo,
1602 346 1677 404 ef—
1711 348 1763 408 Α
1859 347 2044 403 XXVI.
2116 349 2491 420 Ragnemodus
2546 360 2566 388 ο
2627 364 2837 421 quoque
2883 350 3160 410 Parisiacae
3209 350 3358 411 uritis

130 451 331 505 fundens
351 453 648 503 orationem
688 463 807 500 cum
839 448 1061 501 muliere
1093 457 1384 499 memora'a
1408 486 1422 509 ,
1464 452 1519 497 et
1560 456 1675 496 sur-

128 557 237 613 gens
276 557 332 597 se
376 544 566 596 iterum
596 555 624 592 a
673 537 1141 593 circumstantibus
1187 536 1396 590 adorari
1432 533 1676 604 jubebat.

130 635 433 689 Praedicebat
454 635 595 687 enim
625 631 823 695 futura,
864 639 918 685 et
944 629 1262 699 quibusdam
1291 628 1527 691 morbos,
1556 627 1678 697 qui-

130 726 322 781 busdam
360 726 555 779 damna
600 722 882 790 provenire
909 721 1281 782 denuntiabat,
1323 719 1506 787 paucis
1538 718 1676 771 salu-

131 828 216 871 tem
238 816 483 870 fntnram.
544 813 651 869 Sed
701 813 817 867 haec
847 812 1027 865 omnia
1070 809 1345 865 diabolicis
1371 809 1595 874 artibus,
1624 816 1679 862 et

130 909 379 979 praestigiis
411 907 596 962 nescio
624 905 816 974 quibus
844 905 1057 975 agebat.
1112 902 1343 958 Seducta
1386 911 1470 956 est
1496 910 1673 955 autem

129 1018 204 1069 per
243 1018 357 1056 eum
400 999 687 1055 multitudo
726 998 987 1052 immensa
1020 994 1234 1066 populi,
1267 1004 1321 1049 et
1352 1008 1456 1048 non
1496 993 1674 1047 solum

128 1092 439 1157 rusticiores,
496 1104 682 1145 verum
735 1088 896 1143 etiam
948 1087 1254 1142 sacerdotes
1306 1083 1676 1140 ecclesiastici.

129 1186 469 1253 Sequebantur
513 1192 694 1235 autem
742 1195 863 1236 eum
914 1179 1148 1248 amplius
1175 1191 1335 1246 quam
1388 1176 1485 1230 tria
1514 1173 1675 1228 millia

130 1275 305 1344 populi.
337 1274 547 1328 Interea
578 1272 742 1340 cmpit
768 1271 1025 1340 quosdam
1055 1268 1288 1337 spoliare
1330 1280 1395 1321 ac
1425 1264 1674 1336 praedari,

129 1380 237 1435 quos
260 1367 305 1419 iu
333 1366 529 1419 itinere
556 1364 848 1433 reperisset
880 1379 893 1414 :
939 1359 1105 1430 spolia
1132 1370 1307 1413 tamen
1341 1374 1446 1411 non
1477 1357 1676 1411 baben-

130 1459 245 1511 tibus
278 1457 626 1527 largiebatur.
671 1452 948 1521 Episcopis
986 1466 1047 1505 ac
1068 1448 1274 1504 civibus
1298 1448 1469 1502 minas
1490 1447 1678 1501 mortis

131 1549 408 1614 intentabat,
436 1562 507 1603 eo
539 1546 680 1615 quod
711 1545 779 1598 ab
818 1545 882 1598 iis
909 1542 1121 1597 adorari
1153 1541 1544 1609 despiceretur.
1593 1537 1679 1591 In-

128 1656 309 1709 gressus
350 1648 534 1694 autem
589 1635 821 1690 Vellavae
870 1633 1015 1687 urbis
1068 1633 1378 1690 terminum,
1404 1630 1469 1683 ad
1501 1629 1677 1683 locum

1785 439 2061 509 episcopus
2092 442 2241 495 obiit.
2284 441 2522 513 Cumque
2549 456 2833 511 germanus
2862 443 2977 513 ejus
3029 444 3365 503 Faraznodus

1786 535 2066 603 presbyter
2123 547 2220 600 pro
2276 534 2587 602 episcopatu
2643 542 3026 604 concurreret,
3094 538 3359 598 Eusebius

1782 625 1996 694 quidam
2031 626 2345 695 negotiator,
2396 641 2592 695 genere
2642 626 2835 696 Syrus,
2869 628 3007 683 datis
3032 631 3212 686 multis
3242 648 3358 686 mu-

1784 716 2024 779 neribus,
2062 719 2112 770 itt
2146 718 2318 771 locum
2362 718 2475 786 ejus
2507 720 2826 788 subrogatus
2864 730 2947 774 est
2991 737 3005 774 :
3064 724 3214 790 isque
3262 741 3354 777 ac-

1782 815 1937 876 cepto
1981 810 2293 877 episcopatu
2336 824 2548 864 omnem
2608 812 2847 866 scholam
2879 810 2906 849 ἀ
2950 814 3247 869 decessoris
3277 830 3359 874 sta

1783 900 2062 968 abjiciens,
2105 900 2273 971 Syros
2304 901 2370 957 de
2422 917 2617 973 genere
2644 918 2740 958 suo
2777 907 3149 960 ecclesiasdcte
3177 908 3357 962 domui

1784 992 2056 1047 ministros
2104 992 2311 1047 statuit.
2358 994 2501 1049 Obiit
2531 1004 2584 1050 et
2623 995 2892 1065 Sulpicius
2944 998 3189 1052 Bituricae
3215 1000 3360 1052 urbis

1783 1084 2016 1151 pontifex
2041 1128 2055 1151 ,
2097 1085 2511 1154 cathedramque
2565 1086 2682 1156 ejus
2739 1088 3014 1142 Eustasius
3049 1099 3071 1124 °
3112 1091 3359 1157 Augusti«

1781 1174 2037 1229 dunensis
2066 1174 2321 1230 diaconus
2344 1187 2427 1231 εει
2455 1179 2699 1231 sortitus.

1852 1266 2066 1322 XXVII.
2113 1267 2253 1321 Inter
2291 1267 2659 1322 Tornaceuses
2703 1284 2914 1337 quoque
2964 1270 3198 1324 Francos
3252 1284 3359 1324 non

1782 1359 2068 1415 mediocris
2109 1360 2427 1429 disceptatio
2477 1371 2591 1414 orta
2631 1370 2735 1427 est,
2787 1377 2885 1432 pro
2910 1378 2975 1417 eo
3007 1362 3148 1432 quod
3202 1363 3363 1417 unius

1783 1452 1941 1515 Iilius,
1993 1452 2210 1505 alterius
2256 1451 2443 1519 lilium,
2483 1454 2572 1521 qui
2617 1467 2859 1507 sororem
2912 1455 3028 1523 ejus
3075 1455 3126 1507 in
3178 1454 3364 1507 luntri-

1780 1541 2017 1596 monium
2044 1553 2342 1611 acceperat,
2375 1558 2495 1597 cum
2528 1544 2601 1597 ira
2651 1546 2846 1611 εωρὶιις
2877 1544 3214 1614 objurgabat,
3261 1560 3368 1600 cur

1779 1633 2008 1704 conjuge
2038 1635 2222 1689 relicta
2263 1644 2496 1689 scortum
2535 1634 2745 1688 adiret:
2778 1652 2898 1704 quae
2919 1638 3211 1701 iracundia,
3238 1652 3361 1691 cum

129 1747 255 1800 quem
277 1733 517 1787 Anicium
551 1736 577 1765 ⁸
603 1725 839 1781 vocitant
861 1722 1088 1791 accedit,
1118 1732 1170 1775 et
1190 1721 1255 1775 ad
1287 1720 1531 1775 basilicas
1556 1731 1679 1787 pro-
1710 1737 1758 1796 Β
1789 1725 2095 1781 emendatio
2117 1726 2359 1780 criminis
2383 1742 2487 1780 non
2515 1728 2843 1789 succederet,
2877 1743 3041 1796 usque
3066 1728 3198 1781 adeo
3226 1727 3363 1784 elata

129 1822 318 1890 pinquas
344 1835 465 1875 cum
495 1817 647 1873 omni
675 1816 913 1871 exercitu
939 1815 1158 1878 restitit,
1194 1813 1463 1867 instruens
1484 1810 1675 1876 aciem,

130 1913 319 1977 qualiter
345 1909 579 1965 Aurelio
606 1907 635 1947 ιι
673 1906 873 1962 ibidem
901 1915 1024 1960 tunc
1068 1903 1382 1959 consistenli
1430 1903 1682 1971 episcopo

129 2004 288 2056 bellum
318 2001 568 2064 inferret,
608 2000 826 2054 mittens
874 1996 1036 2052 etiam
1075 2004 1201 2049 ante
1229 2008 1290 2049 se
1317 1992 1558 2057 nuntios,
1588 1993 1683 2047 ho-

131 2094 266 2147 mines
291 2093 429 2147 nudo
458 2105 712 2161 corpore,
764 2089 1025 2143 saltantes
1071 2097 1231 2156 atque
1270 2085 1533 2148 ludentes,
1588 2086 1680 2156 qui

130 2184 373 2239 adventum
397 2184 519 2253 ejus
541 2181 939 2236 annuntiarent.
960 2178 1111 2245 Quod
1131 2190 1352 2246 stupens
1374 2178 1677 2247 episcopus,

131 2278 289 2333 direxit
313 2279 376 2333 ad
401 2292 530 2333 eum
570 2276 717 2330 viros
750 2281 1022 2339 strenuos,
1056 2272 1388 2341 inquirentes
1425 2270 1549 2341 quid
1580 2269 1681 2324 sibi

134 2371 292 2427 vellent
318 2373 415 2428 ista
443 2385 575 2442 qua:
601 2376 834 2439 gereret.
866 2366 1017 2424 Unus
1044 2377 1223 2420 autem
1250 2380 1313 2418 ex
1355 2365 1420 2418 iis
1444 2364 1534 2435 qui
1565 2372 1682 2418 erat

133 2465 299 2532 senior,
340 2480 461 2522 cum
486 2479 556 2520 se
604 2463 915 2517 inclinasset
950 2460 1102 2531 quasi
1125 2462 1467 2514 osculaturus
1509 2473 1681 2528 genua

134 2557 225 2624 ejus
240 2573 296 2614 ac
317 2559 666 2615 discussurus
684 2556 829 2611 viam
856 2553 1021 2619 illius,
1043 2553 1204 2623 jussit
1230 2566 1352 2607 eum
1379 2560 1684 2621 apprehen-

134 2664 226 2703 sum
259 2650 516 2721 spoliari:
580 2662 680 2702 nec
720 2661 892 2712 mora,
942 2644 1029 2699 ille
1079 2643 1362 2713 evaginato
1405 2641 1583 2710 gladio
1630 2643 1683 2695 in

133 2738 264 2795 frusta
302 2743 566 2804 concidit,
594 2736 895 2807 ceciditque
938 2734 1185 2790 Christus
1228 2733 1337 2799 ille,
1380 2733 1467 2801 qui
1514 2732 1686 2803 magis

135 2829 452 2887 Antichristus
494 2828 769 2885 nominari
811 2826 974 2898 520
1002 2826 1181 2891 debet,
1214 2834 1270 2880 et
1297 2832 1539 2878 mortuus
1578 2830 1683 2886 est,

136 2921 431 2993 dispersique
454 2930 593 2978 sunt
620 2933 808 2974 omnes
829 2919 921 2989 qui
949 2932 1071 2973 cum
1095 2933 1159 2972 eo
1189 2924 1363 2972 erant.
1395 2914 1555 2969 Maria
1586 2928 1684 2967 au-

136 3018 216 3065 tem
249 3012 350 3080 illa,
378 3011 668 3082 suppliciis
697 3008 874 3064 dedita
902 3048 917 3077 ,
959 3009 1138 3063 omnia
1168 3007 1537 3077 phantasmata
1566 3004 1683 3073 ejus

1787 1824 1891 1882 est,
1919 1826 1977 1870 ut
2006 1821 2214 1870 irruens
2243 1831 2374 1886 puer
2394 1831 2554 1886 super
2583 1826 2861 1887 tognntnm
2892 1834 3070 1882 suum,
3100 1834 3217 1872 eum
3241 1834 3361 1875 cunt

1783 1910 1895 1964 suis
1923 1908 2265 1975 interficeret,
2301 1916 2461 1979 atque
2482 1910 2593 1978 ipse
2618 1909 2686 1963 ab
2726 1910 2788 1963 iis
2818 1924 2938 1965 cum
2981 1911 3173 1978 quibus
3202 1927 3357 1965 vene‘

1784 2009 1867 2055 rat
1914 2001 2002 2055 ille
2031 2010 2479 2069 prosterneretur,
2523 2016 2621 2056 nec
2650 2011 2952 2056 remaneret
2980 2004 3239 2072 quispiam
3289 2018 3359 2059 ex

1788 2091 2048 2161 utrisque,
2085 2092 2182 2145 nisi
2227 2100 2597 2144 uuus.tantum
2627 2093 2710 2145 cui
2746 2106 3027 2160 percussor
3062 2093 3251 2147 defuit.
3284 2092 3361 2149 Ex

1784 2180 1886 2235 hoc
1912 2192 2155 2249 parentes
2190 2183 2463 2247 utriusque
2491 2182 2630 2237 inter
2670 2198 2729 2237 se
2757 2182 3059 2247 saevientes,
3102 2199 3131 2237 a
3166 2183 3362 2239 Frede-

1782 2272 1956 2341 gunde
1984 2273 2165 2342 regina
2208 2274 2517 2341 plerumque
2555 2274 2913 2340 arguebantur
2936 2313 2951 2338 ,
3005 2274 3162 2345 521
3195 2285 3250 2329 ut
3279 2290 3363 2329 re-

1785 2366 1906 2422 licta
1938 2367 2214 2422 inimicitia
2258 2368 2551 2423 concordes
2586 2370 2793 2433 tierent,
2827 2383 2893 2422 ne
2934 2370 3224 2437 pertinacia
3256 2370 3364 2423 litis

1785 2459 1838 2513 in
1870 2457 2041 2526 majus
2065 2459 2453 2513 subreheretur
2478 2460 2803 2513 scandalum.
2841 2458 2943 2514 Sed
2975 2475 3096 2514 cum
3140 2466 3359 2516 eosdem

1785 2550 1963 2605 verbis
1988 2551 2195 2605 lenibus
2226 2551 2435 2618 placare
2486 2552 2759 2620 nequiret,
2808 2560 3092 2621 utrumque
3131 2552 3367 2622 bipenne

1784 2646 2128 2709 compescuit.
2186 2636 2429 2693 Invitatis
2473 2638 2615 2693 enim
2665 2640 2732 2692 ad
2771 2639 2982 2707 epulum
3018 2638 3220 2704 multis,
3268 2640 3365 2694 hos

1787 2741 1899 2787 tres
1923 2732 1976 2786 in
2007 2746 2111 2785 uno
2160 2730 2287 2787 fecit
2336 2732 2525 2786 sedere
2575 2729 2826 2795 subsellio
2872 2749 2884 2783 :
2939 2747 3169 2800 cumque
3213 2731 3267 2786 in
3295 2748 3364 2789 eo

1789 2823 2065 2892 prandium
2085 2822 2386 2893 elongatum
2427 2819 2618 2876 fuisset
2654 2822 2849 2890 spatio,
2880 2829 2939 2875 ut
2966 2838 3067 2875 nox
3102 2822 3360 2877 tttundum

1786 2913 2055 2975 obrueret,
2086 2913 2262 2967 ablata
2295 2926 2481 2968 mensa
2513 2910 2534 2950 ί
2554 2952 2570 2976 ,
2600 2913 2737 2966 sicut
2760 2926 2877 2966 mes
2900 2912 3225 2967 Francorum
3257 2922 3359 2980 est,

1792 3006 1865 3060 illi
1896 3006 1947 3059 in
1979 3005 2237 3060 subsellia
2280 3019 2377 3059 sua
2408 3006 2548 3059 sicut
2594 3004 2750 3059 locati
2773 3004 3005 3066 fuerant.
3036 3006 3363 3061 residebant.

137 3114 179 3155 te
199 3104 472 3174 praestigias
502 3101 816 3172 publicavit.
849 3098 979 3155 Nam
1011 3098 1251 3154 homines
1273 3097 1351 3152 illi
1373 3110 1508 3168 quos
1529 3095 1596 3151 ad
1621 3109 1681 3150 se
1709 3092 1755 3155 Ο
1787 3099 2082 3169 Potatoque
2116 3097 2243 3151 vino
2271 3098 2461 3160 multo,
2496 3097 2550 3150 in
2582 3104 2787 3150 tantum
2831 3096 3089 3165 crapulati
3119 3106 3264 3165 sunt,
3308 3108 3365 3154 ut

138 3193 413 3249 credendum
470 3192 745 3249 diabolica
811 3190 1271 3246 circumventione
1328 3188 1637 3244 turbaverat
1664 3227 1680 3250 ,

139 3297 362 3355 nunquam
401 3285 471 3341 ad
522 3296 748 3339 sensum
796 3283 1062 3352 integrum
1112 3290 1238 3335 sunt
1280 3278 1549 3351 regressi,
1589 3278 1685 3335 sed

143 3370 252 3429 hunc
279 3389 487 3445 semper
519 3374 681 3442 quasi
727 3369 996 3426 Christum
1015 3412 1031 3437 ,
1087 3370 1306 3425 Mariam
1335 3378 1510 3423 autem
1539 3368 1683 3423 illam

142 3473 304 3527 partem
352 3463 581 3521 deitatis
620 3461 819 3517 habere
872 3460 1279 3531 profitebantur.
1323 3459 1428 3515 Sed
1486 3466 1542 3515 et
1591 3473 1686 3528 per

141 3560 247 3609 totas
272 3556 462 3611 Gallias
498 3562 845 3611 emerserunt
873 3552 1132 3622 plerique,
1185 3552 1274 3621 qui
1315 3565 1410 3620 per
1432 3550 1527 3604 has
1551 3564 1686 3618 pra:-

146 3645 294 3715 stigias
338 3648 698 3719 adjungcntes
734 3643 833 3700 sibi
864 3643 1206 3699 mulierculas
1231 3644 1514 3712 quasdam,
1567 3657 1685 3712 qua:

142 3734 493 3795 debacchantes
551 3745 767 3792 sanctos
794 3750 887 3792 eos
925 3737 1325 3803 confiterentur,
1360 3750 1579 3806 magnos
1623 3749 1685 3790 se

141 3822 181 3879 in
202 3831 391 3899 populis
420 3827 791 3901 praeferebant
819 3844 832 3880 :
867 3842 931 3881 ex
962 3828 1153 3898 quibus
1176 3842 1272 3881 nos
1294 3828 1575 3896 plerosque
1614 3827 1685 3879 vi-

141 3916 301 4003 dimus,
345 3938 480 3994 quos
538 3920 888 3990 objurgantes
941 3934 1195 3973 revocare
1239 3919 1307 3972 ab
1351 3933 1534 3975 errore
1583 3919 1683 3973 nisi

140 4022 303 4068 sumus.

194 4158 212 4184 ⁸
246 4148 331 4207 llic
350 4153 636 4209 evidenter
665 4153 791 4203 urbs
823 4148 1037 4203 Vellara
1081 4147 1148 4201 ab
1177 4148 1366 4203 Anicio
1394 4148 1683 4216 distingui-

141 4227 221 4291 tur.
249 4224 481 4279 Anicium
536 4220 679 4291 quod
727 4218 884 4273 hodie
931 4220 1164 4291 episcopi
1196 4219 1351 4291 sedes
1380 4229 1482 4285 est,
1528 4224 1684 4287 vulgo

143 4288 346 4360 Pedium,
375 4296 421 4349 Ie
453 4288 599 4361 Pup,
647 4291 945 4361 appellatur
979 4304 1021 4361 7a
1050 4290 1179 4342 situ.
1225 4290 1683 4361 Podiumgquippe

142 4375 328 4433 unpuy,
350 4380 441 4418 seu
477 4360 617 4424 Pen,
649 4370 747 4433 aut
768 4360 817 4413 lo
842 4360 1031 4433 puech,
1050 4375 1153 4412 non
1176 4360 1347 4413 solum
1367 4360 1678 4433 antiquitus,

140 4432 213 4500 sed
237 4429 380 4488 etiam
420 4448 568 4488 nunc
598 4434 649 4485 in
680 4431 786 4485 illis
815 4429 1117 4497 regionibus
1148 4438 1380 4483 montem
1410 4430 1673 4500 designat.

140 4498 336 4559 Celebris
361 4515 442 4558 est
471 4506 566 4558 ille
591 4505 736 4555 locus
766 4504 834 4554 ob
859 4500 1139 4555 ecclesiam
1170 4498 1554 4561 catltedralem,
1589 4501 1677 4554 si-

143 4578 224 4624 tam
251 4576 297 4627 in
315 4577 456 4631 edito
482 4584 691 4636 monte,
724 4572 891 4626 beata:
919 4570 1095 4624 Maria!
1120 4585 1348 4632 saet'am,
1386 4573 1539 4639 cujus
1583 4588 1679 4624 an-

142 4640 262 4715 tistes
286 4660 341 4699 se
376 4648 686 4715 episc0putn
717 4641 956 4715 Romani
982 4640 1676 4715 pontificissulfraganeum

145 4709 469 4781 lminediatn'nt
503 4709 768 4775 inscribit,
798 4726 859 4766 ac
891 4711 985 4764 l'uit
1029 4712 1311 4781 aliquando
1339 4709 1480 4781 pallii
1513 4714 1675 4780 perl-

144 4779 253 4849 legio
279 4785 519 4839 dttnaltts.
565 4785 637 4837 De
666 4796 896 4852 antqua:
944 4781 1092 4835 urbis
1135 4779 1360 4835 Vellavaé
1407 4779 1678 4837 situ’dice-

144 4863 236 4926 ntus
260 4855 304 4907 itt
329 4855 659 4926 Appeurlicc.

204 4923 465 4994 Antiquam
513 4924 843 4977 Vellavorum
893 4924 1079 4975 urbem
1114 4962 1129 4988 ,
1176 4938 1240 4975 ex
1280 4938 1382 4992 qua
1415 4923 1679 4992 hodieque

148 4995 268 5063 ff‘gio
293 5012 482 5051 nomen
529 4994 686 5063 Velay
717 4996 927 5060 retinet,
972 5007 998 5043 a
1032 4994 1300 5048 nonnullis
1326 4994 1681 5048 ﬂevessionem

146 5059 335 5131 dictam,
376 5067 445 5121 ibi
471 5069 629 5120 sitam
654 5059 814 5118 fuisse
844 5064 931 5117 ubi
958 5063 1114 5117 hodie
1144 5063 1329 5118 visitur
1350 5066 1407 5120 S.
1441 5064 1681 5118 Pauliani

147 5138 363 5198 "PP'duttl
413 5139 595 5190 multis
647 5134 972 5202 argumentis
1012 5133 1200 5201 probat
1244 5135 1581 5189 Mabillonius
1627 5136 1679 5187 in

147 5208 405 5274 oppeudice
435 5208 499 5259 ad
535 5214 739 5274 partem
770 5222 783 5258 t
822 5220 949 5258 sa‘c.
1002 5219 1049 5256 tv
1086 5210 1203 5258 Act.
1226 5208 1320 5261 SS.
1353 5206 1481 5259 0rd.
1515 5207 1683 5259 Bene-

149 5269 321 5338 dictini,
348 5294 463 5347 pag.
488 5269 614 5337 738,
640 5276 727 5329 ubi
754 5284 805 5329 et
828 5276 1037 5347 aliquot
1067 5274 1440 5343 inscriptiones
1470 5276 1604 5329 hanc
1633 5276 1683 5329 in

149 5350 241 5394 MD
269 5344 479 5412 profert.
532 5349 608 5401 Ex
642 5349 726 5399 bis
750 5346 957 5399 unicam
994 5344 1095 5398 huc
1124 5349 1360 5413 proferre
1398 5349 1525 5401 satis
1575 5347 1642 5400 sit
1667 5384 1684 5410 ,

148 5419 325 5528 mitam
351 5420 400 5472 itt
430 5419 648 5487 antiqua
677 5417 756 5469 via
788 5431 906 5483 quae
934 5431 998 5470 ex
1028 5415 1118 5469 illo
1140 5418 1337 5486 oppido
1367 5416 1685 5488 Gergobiam

211 5496 249 5528 CI
277 5524 288 5528 _

181 5493 288 5536 tICIl.

546 5571 693 5611 εΑεε.
723 5572 970 5613 PBINCEI’S

546 5643 754 5681 “VEST.
794 5643 911 5682 γης

548 5713 627 5750 ετ.
660 5712 873 5752 Ροιπιε.
908 5714 1202 5756 νεῖνετλτ.

1708 4467 1757 4526 D

1790 3190 1938 3258 pueri
1962 3202 2145 3243 eorum
2172 3186 2452 3242 madefacti
2478 3201 2572 3257 per
2597 3190 2820 3256 angulos
2841 3186 3055 3255 domus,
3102 3189 3188 3242 ubi
3220 3191 3366 3259 quis-

1786 3297 1893 3353 que
1917 3290 2213 3346 corruerat,
2244 3281 2628 3335 obdormirent.
2661 3280 2811 3335 Tunc
2833 3280 3060 3335 ordinati
3088 3296 3115 3333 a
3142 3282 3366 3337 muliere

1789 3375 1889 3430 viri
1917 3390 2039 3429 cum
2072 3374 2240 3429 tribus
2270 3373 2566 3439 securibus,
2594 3389 2621 3425 a
2656 3384 2805 3441 tergo
2835 3373 3023 3428 horum
3053 3374 3208 3427 trium
3237 3377 3367 3428 asti-

1789 3471 1986 3524 terunt.
2014 3462 2228 3531 illisque
2252 3462 2702 3532 colloquentibus,
2750 3462 2801 3516 in
2853 3478 2982 3527 uno,
3033 3475 3089 3516 ut
3120 3463 3190 3518 ita
3217 3463 3369 3518 dica-

1789 3571 1929 3621 mus,
1982 3561 2185 3610 assultu
2226 3570 2514 3623 puerorum
2546 3572 2733 3610 manus
2788 3557 3013 3623 libratae,
3062 3557 3369 3614 hominibus

1788 3647 2073 3717 perculsis,
2103 3646 2171 3698 ab
2210 3647 2373 3716 epulo
2401 3658 2482 3701 est
2526 3647 2845 3702 discessum.
2894 3646 3119 3702 Nomina
3156 3663 3368 3718 quoque

1787 3742 2045 3804 virorum,
2069 3740 2441 3803 Cltariualdus,
2475 3741 3040 3811 Leudoualdus,atque
3066 3741 3363 3798 Waldinus.

1787 3831 1937 3899 Quod
1988 3846 2107 3887 cum
2158 3832 2469 3899 parentibus
2528 3833 2785 3901 perlatum
2825 3830 3036 3897 fuisset,
3093 3835 3368 3888 custodire

1787 3923 1985 3978 arctius
2021 3921 2422 3990 Frrdegundem
2455 3934 2762 3991 coeperunt,
2812 3924 3104 3993 dirigentes
3145 3925 3363 3981 nuntios

1787 4014 1853 4068 ad
1879 4013 2276 4068 Childebertuut
2308 4028 2509 4081 regem,
2543 4025 2597 4067 ut
2626 4014 3009 4083 comprehensa
3033 4016 3365 4071 interﬁcere-

2209 4161 2499 4200 CONLAPSAS

2209 4230 2473 4271 RESTIIVI.
2500 4234 2548 4271 F.

1856 4286 1882 4325 ιι
1923 4287 2167 4342 Aurelius
2190 4298 2261 4340 utt
2283 4301 2496 4341 sanetus
2525 4287 2716 4342 coiitur
2755 4289 2893 4351 apud
2925 4291 3232 4346 Poilienses.

1859 4369 1880 4397 ι
1924 4359 2055 4412 lloc.
2082 4372 2200 4425 cap.
2243 4369 2295 4414 et
2322 4374 2434 4428 seq.
2468 4361 2662 4413 desunt
2689 4361 2737 4411 in
2767 4359 2879 4413 Vat.
2900 4372 2952 4415 et
2979 4362 3130 4415 Coll).
3159 4378 3211 4415 a.
3248 4361 3347 4417 Fa-

1785 4430 2036 4484 ramodus
2061 4430 2145 4498 qui
2174 4428 2403 4482 Eusebio
2426 4431 2597 4483 locum
2624 4429 2807 4494 cessit,
2843 4442 2961 4496 post
2981 4433 3218 4498 ejusdem
3241 4434 3354 4486 obi—

1780 4498 2093 4625 humfactus
2117 4510 2197 4551 est
2223 4500 2335 4567 ejus
2363 4515 2658 4563 successor,
2678 4511 2732 4554 ut
2752 4518 2814 4554 ex
2844 4503 3071 4574 vulgatis
3097 4504 3355 4574 ratalogis

1821 4585 2053 4625 tsctntus.

1821 4585 2053 4625 ISCInIllS.

1854 4642 1878 4676 ά
1924 4640 1977 4693 Id
2009 4651 2089 4693 est
2118 4640 2366 4707 lectores,
2407 4650 2672 4703 cantores,
2701 4654 2805 4694 etc.
2845 4646 2932 4697 oui
2964 4643 3065 4698 sub
3086 4643 3357 4700 archidia-

1781 4712 1899 4767 coni
1924 4719 2075 4763 erant
2104 4711 2405 4778 disciplina.

1856 4791 1879 4817 ε
1907 4779 2061 4857 Qolb.
2089 4795 2186 4857 m.,
2213 4779 2337 4833 Bad.
2368 4793 2422 4857 et
2447 4781 2743 4857 Cltes.,__al.,
2776 4781 3102 4857 Eustochiae.
3126 4788 3213 4843 Sic
3235 4803 3362 4857 quo-

1786 4866 1889 4919 que
1915 4850 2110 4924 dicitur
2151 4852 2200 4924 in
2255 4852 2575 4924 patriarcbio
2624 4852 2960 4924 Bituricensi,
2982 4870 3102 4924 cap.
3134 4859 3227 4921 28,
3253 4850 3356 4911 'ubi

1786 4925 1944 4975 sancti
1976 4921 2128 4972 titulo
2153 4919 2403 4993 donatur.
2438 4922 2603 4976 Porro
2638 4923 2905 4993 Sulpicius
2944 4919 3064 4993 ejus
3084 4919 3361 4991 decessor,

1789 4994 1876 5045 hic
1903 5003 2253 5053 memoratus,
2281 4990 2495 5044 Severus
2509 4990 2915 5061 cognominatus
2936 4990 3040 5058 eét,
3071 5005 3127 5050 ut
3149 4996 3218 5050 ab
3232 4997 3360 5051 alte-

1791 5077 1849 5115 ro
1877 5061 2111 5133 Sulpicio
2139 5076 2390 5130 eptscopo
2420 5062 2755 5133 Bituricensi,
2779 5066 2866 5131 qui
2903 5065 3029 5117 Pius
3058 5068 3361 5133 appellatus

1789 5143 1903 5195 est,
1956 5131 2389 5199 distingueretur.
2444 5132 2624 5187 Severi
2682 5133 2872 5187 festum
2921 5135 3007 5188 die
3053 5131 3107 5188 tv
3134 5135 3360 5191 Kalend.

1794 5202 2064 5255 Februarii
2118 5201 2333 5254 colitur.
2362 5201 2615 5269 Sepultus
2641 5201 2817 5257 fuerat
2842 5204 2893 5257 in
2929 5205 3156 5260 ecclesia
3183 5209 3363 5263 sancti

1788 5273 2003 5345 .luliaui,
2055 5273 2193 5345 unde
2245 5271 2310 5345 ad
2361 5280 2609 5345 sanctum
2662 5273 2907 5328 Ursinum
2938 5278 3365 5345 translatusvest,

1787 5343 1879 5397 ubi
1906 5344 2062 5396 hodie
2089 5341 2334 5415 quiescit.
2361 5341 2460 5415 Ipsi
2487 5351 2818 5415 nuncupatus
2839 5344 3208 5402 circumfertur
3230 5341 3370 5404 liber

1794 5415 1861 5484 de
1896 5420 2100 5483 septem
2150 5412 2571 5484 Dormienttbus,
2598 5414 2855 5484 Gregorio
2884 5426 3066 5470 nostro
3115 5418 3366 5474 tributus.

1795 5482 1931 5555 Yide
1977 5497 2136 5551 supra
2192 5482 2288 5538 lib.
2340 5499 2413 5551 vr,
2462 5498 2583 5555 cap.
2617 5482 2730 5555 59,—
2750 5496 2803 5543 et
2833 5486 2976 5544 diem
3008 5485 3077 5542 29
3128 5487 3371 5546 Januarii

1798 5553 2149 5608 Bollandiani.

1871 5622 1889 5660 ί
1921 5624 2119 5691 Casia,
2152 5626 2300 5681 illata
2332 5644 2517 5681 mensa.
