4020 6194
667 259 770 312 5:39

666 379 770 424 tur.
801 369 1108 425 Commotus
1139 381 1316 428 autem
1347 389 1441 442 pro
1472 375 1573 429 hac
1599 390 1758 431 causa
1789 377 2188 446 Campaniensis
2208 384 2233 411 ⁸
2261 377 2312 434 Α

667 461 911 528 populus,
953 464 1077 515 dum
1102 479 1279 518 moras
1310 466 1628 531 innecteret,
1659 466 1774 523 haec
1802 482 2021 523 suorum
2054 475 2236 536 erepta

666 551 883 615 auxilio,
925 552 992 605 ad
1024 553 1194 606 locum
1223 553 1380 607 alium
1421 558 1743 626 properavit.

736 641 965 697 XXVIII.
994 643 1238 699 Posthmc
1258 654 1435 701 autem
1458 649 1659 716 legatos
1676 650 1739 703 ad
1765 648 2235 705 Guntchramnum

666 750 843 804 regem
887 737 1080 801 mittit,
1119 737 1343 791 dicens:
1374 738 1748 794 Proficiscatur
1788 741 2039 796 dominus
2085 754 2239 796 meus

664 844 760 882 rex
784 843 950 898 usque
972 829 1219 896 Parisios,
1250 841 1304 886 et
1334 834 1590 886 arcessito
1620 832 1729 887 filio
1751 848 1873 888 meo
1894 841 2087 902 nepote
2115 848 2234 897 suo,

664 922 845 990 jubeat
870 936 991 975 eum
1021 922 1351 991 baptismatis
1378 924 1547 993 gratia
1579 924 1921 990 consecrari,
1956 925 2237 994 ipsumque

665 1014 732 1067 de
760 1023 942 1068 sancto
971 1019 1181 1069 lavacro
1211 1026 1514 1083 exceptum,
1538 1024 1788 1085 tanquam
1817 1015 2091 1070 alumnum
2115 1030 2239 1084 pro-

669 1108 841 1173 prium
866 1107 1062 1162 habere
1084 1108 1353 1177 dignetur.
1383 1108 1506 1161 llaec
1531 1107 1753 1163 audiens
1803 1122 1919 1170 rex.
1952 1108 2237 1161 commotis

663 1197 946 1265 episcopis,
975 1199 1024 1252 id
1056 1208 1136 1252 est
1182 1198 1427 1252 Etherio
1456 1197 1815 1266 Lugdunensi,
1862 1198 2082 1268 Syagrio
2129 1198 2240 1251 Au-

667 1289 1054 1359 gustidunensi,
1112 1290 1398 1358 Flavioque
1434 1289 1791 1343 Cabillonensi
1819 1288 1868 1349 δ.
1924 1299 1977 1344 et
2019 1288 2239 1356 reliquis

666 1396 801 1451 quos
850 1382 1037 1445 voluit,
1095 1382 1325 1436 Parisios
1370 1382 1631 1436 accedere
1678 1380 1849 1450 jubet,
1896 1381 2135 1436 iudicans
2180 1395 2239 1434 se

664 1475 1358 1541 postmodumsecuturum.
1410 1475 1649 1529 Fuerunt
1702 1475 1862 1529 etiam
1904 1473 1969 1529 ad
2002 1473 2103 1528 hoc
2130 1473 2238 1539 pla-

664 1565 825 1618 citum
856 1564 1004 1620 multi
1056 1568 1123 1619 de
1151 1580 1316 1636 regno
1340 1565 1477 1634 ejus,
1504 1576 1609 1619 tam
1638 1564 1916 1620 domestici
1942 1579 2099 1633 quam
2148 1578 2239 1618 co-

666 1657 822 1710 mites
854 1696 868 1714 .
899 1656 964 1709 ad
995 1659 1337 1721 praeparanda
1369 1655 1567 1727 regalis
1612 1670 1859 1724 expensa!
1915 1655 2234 1709 necessaria.

666 1747 776 1801 Rex
801 1760 977 1803 autem
1005 1738 1387 1803 deliberatione
1425 1757 1561 1814 acta,
1594 1758 1651 1802 ut
1676 1747 1742 1802 ad
1760 1749 1872 1801 hazc
1901 1746 2124 1801 deberet
2151 1760 2239 1800 ac-
2268 1738 2313 1796 Β

662 1840 872 1906 cedere,
907 1839 1100 1907 pedum
1151 1848 1233 1892 est
1261 1838 1446 1893 dolore
1469 1838 1790 1909 prohibitus.
1835 1838 2121 1907 Postquam
2154 1852 2237 1890 au.

664 1940 767 1984 tem
798 1931 1087 1997 convaluit,
1118 1933 1275 2003 522
1328 1933 1557 1988 accessit
1604 1931 1840 1986 Parisios
1869 1946 1883 1981 :
1941 1932 2134 1985 exinde
2167 1929 2236 1983 ad

662 2020 1055 2091 Rotojalensem
1075 2022 1252 2076 villam
1284 2023 1449 2090 ipsius
1477 2023 1625 2077 urbis
1655 2036 1949 2091 properans
1970 2062 1982 2083 ,
2013 2032 2237 2076 evocato

662 2126 827 2180 puero
852 2111 1012 2181 jussit
1032 2113 1395 2181 baptisterium
1423 2113 1711 2181 praeparari
1742 2114 1793 2166 in
1820 2111 1938 2166 vico
1986 2110 2238 2178 Nempto-

661 2205 797 2257 (Ιοτο
835 2214 877 2255 ε.
902 2204 1035 2258 Dum
1057 2212 1233 2258 autem
1259 2204 1372 2257 lucc
1399 2214 1704 2272 agerentur,
1727 2201 1884 2272 legati
1909 2199 2235 2254 Cliildeberti

662 2299 804 2363 regis
830 2308 1163 2351 accesserunt
1211 2298 1276 2349 ad
1317 2310 1462 2360 eum,
1513 2294 1754 2349 dicentes
1784 2311 1798 2347 :
1828 2293 1941 2347 Non
1964 2297 2105 2348 enim
2138 2292 2237 2346 ista

665 2403 833 2455 nuper
863 2390 1039 2455 nepoti
1062 2397 1154 2442 tuo
1182 2390 1524 2445 Childeberto
1553 2391 1821 2460 pollicitus
1851 2404 1994 2453 eras,
2028 2398 2085 2443 ut
2114 2402 2236 2442 cum

663 2478 895 2533 inimicis
912 2478 1029 2550 ejus
1076 2481 1338 2535 amicitias
1388 2482 1714 2552 colligares?
1746 2481 1848 2536 Sed
1904 2481 1956 2534 in
1982 2489 2235 2548 quantum

664 2575 932 2630 cernimus
962 2617 977 2643 ,
1007 2575 1132 2629 nihil
1160 2575 1228 2630 de
1258 2575 1607 2644 promissione
1634 2584 1721 2630 tua
1745 2574 1999 2636 custodis,
2024 2571 2116 2628 sed
2144 2586 2237 2641 po-

665 2664 771 2718 tius
799 2679 915 2735 quas.
942 2664 1266 2735 promiseras
1296 2667 1658 2734 praetermittis
1703 2675 1797 2721 :et
1827 2680 2047 2733 puerum
2079 2664 2235 2718 istum

663 2758 718 2811 in
743 2758 889 2812 urbis
937 2758 1219 2814 Parisiacee
1239 2762 1491 2814 cathedra
1524 2774 1703 2831 regem
1730 2761 1941 2815 statuis.
1969 2758 2239 2815 Judicabit

663 2850 804 2905 enim
838 2850 992 2916 Deus,
1019 2851 1143 2919 quia
1180 2866 1284 2905 non
1314 2852 1673 2907 reminisceris
1701 2867 1820 2922 qua:
1850 2853 1993 2906 ultro
2023 2850 2232 2920 pollici-

666 2954 748 2997 tus
767 2958 844 2998 es.
874 2944 995 2999 Hmc
1034 2944 1100 2997 iis
1138 2943 1434 2997 dicentibus
1465 2986 1480 3010 ,
1514 2958 1609 2997 rex
1660 2945 1774 2998 ait:
1820 2942 2249 2997 Promissiunem.

663 3028 821 3106 quam
842 3036 894 3091 in
919 3046 1162 3105 nepotem
1186 3052 1361 3092 meum
1385 3038 1779 3093 Childebertum
1793 3052 1969 3107 regem
1985 3044 2236 3090 statutam

665 3130 859 3194 habeo,
889 3145 992 3183 tton
1019 3130 1228 3185 omitto.
1260 3130 1391 3184 Nam
1427 3130 1577 3185 illum
1608 3144 1712 3184 non
1739 3138 1949 3199 oportet
1973 3126 2236 3183 scandali-
2259 3107 2308 3172 ο

665 3224 797 3289 zari,
825 3222 867 3277 si
897 3223 1270 3277 consobrinum
1305 3222 1421 3292 ejus
1450 3223 1614 3276 filium
1653 3220 1831 3276 fratris
1857 3222 1979 3285 mei,
2023 3219 2088 3273 de
2116 3232 2237 3273 san-

663 3323 752 3372 cto
772 3315 1055 3385 suscipiam
1086 3316 1327 3370 lavacro:
1358 3317 1483 3385 quia
1530 3318 1665 3369 hanc
1704 3315 2017 3383 petitionem
2063 3313 2239 3366 nullus

663 3410 1087 3468 Christianorum
1114 3410 1274 3466 debet
1298 3410 1552 3465 abnuere.
1590 3411 1826 3480 Eamque
1853 3424 1973 3477 ego,
2008 3415 2066 3461 ut
2100 3407 2239 3460 Deus

663 3502 1098 3560 manifestissime
1145 3502 1319 3566 novit,
1353 3516 1456 3556 non
1488 3501 1778 3555 calliditate
1824 3500 2021 3569 aliqua,
2048 3498 2142 3553 sed
2185 3499 2238 3551 in

664 3597 1001 3667 simplicitate
1032 3597 1145 3665 puri
1176 3596 1355 3649 cordis
1393 3609 1551 3664 agere
1589 3594 1769 3663 cupio,
1800 3596 1921 3663 quia
1975 3591 2235 3647 offensam

664 3688 949 3744 divinitatis
979 3688 1248 3742 incurrere
1266 3686 1515 3740 formido.
1541 3685 1659 3740 Non
1681 3694 1765 3739 est
1791 3685 1934 3739 enim
1969 3682 2239 3737 humilitas

664 3779 808 3852 genti
834 3788 1031 3835 nostrze
1060 3820 1075 3844 ,
1108 3780 1151 3833 si
1179 3778 1263 3833 hic
1284 3793 1312 3831 a
1344 3793 1430 3833 me
1452 3778 1767 3846 excipiatur.
1791 3775 1846 3831 Si
1874 3776 2015 3829 enim
2037 3774 2238 3829 domini

662 3875 908 3944 proprios
939 3873 1166 3927 famulos
1211 3872 1279 3927 de
1306 3886 1462 3927 sacro
1502 3870 1651 3927 fonte
1694 3872 1994 3940 suscipiunt
2020 3912 2033 3930 ,
2061 3886 2157 3925 cur
2185 3880 2241 3927 et

664 3966 793 4020 mihi
825 3981 927 4020 non
957 3964 1112 4021 liceat
1140 3964 1496 4032 propinquum
1545 3971 1819 4031 parentem
1864 3963 2148 4032 excipere,
2176 3976 2239 4020 ac

666 4059 831 4113 lilium
856 4058 1027 4113 facere
1057 4072 1149 4125 per
1178 4056 1425 4122 baptismi
1448 4055 1671 4123 gratiam
1701 4053 2029 4123 spiritalem?
2050 4052 2241 4108 Absce-

665 4150 776 4205 dite
820 4163 991 4211 nunc,
1035 4155 1088 4201 et
1132 4147 1371 4201 nuntiate
1417 4146 1636 4200 domino
1678 4156 1900 4199 vestro:
1932 4144 2237 4199 Pactionem

666 4257 821 4311 quam
853 4251 1023 4294 tecum
1056 4239 1246 4307 pepigi,
1275 4235 1544 4291 custodire
1571 4236 1729 4303 cupio
1759 4234 2037 4301 illibatam,
2070 4248 2227 4302 quam

667 4335 709 4388 si
742 4343 846 4387 tuae
870 4330 1189 4385 conditionis
1221 4342 1356 4381 noxa
1389 4343 1493 4381 non
1526 4326 1800 4397 omiserit,
1834 4340 1861 4377 a
1902 4340 1986 4377 me
2017 4339 2235 4393 prorsus

667 4425 840 4481 omitti
864 4424 1121 4493 nequibit.
1150 4423 1214 4474 Et
1244 4420 1358 4473 bmc
1379 4419 1582 4481 dicens,
1612 4418 1798 4486 legatis
1820 4416 2237 4483 discedentibus,

667 4534 761 4573 rex
790 4516 1049 4572 accedens
1089 4514 1154 4568 ad
1186 4514 1459 4567 lavacrum
1498 4519 1764 4575 sanctum,
1796 4510 1991 4564 obtulit
2018 4524 2237 4579 puerum

667 4607 731 4662 ad
764 4604 1155 4672 haptizandum.
1186 4603 1352 4668 Quem
1383 4600 1675 4670 excipiens,
1707 4601 2073 4655 (llilothariutn
2098 4602 2242 4655 voci-

668 4699 771 4755 tari
788 4697 977 4762 voluit,
1003 4696 1187 4750 dicens
1211 4712 1221 4748 :
1246 4695 1465 4749 Ciescat
1487 4708 1637 4762 puer,
1662 4701 1716 4748 et
1736 4693 1896 4762 hujus
1918 4692 1987 4747 sit
2010 4694 2240 4748 nominis

667 4797 970 4851 exsecutor,
999 4801 1061 4840 ac
1087 4787 1174 4840 tali
1205 4786 1437 4857 potentia
1478 4784 1705 4853 polleat,
1737 4785 1875 4839 sicut
1906 4786 1995 4841 ille
2017 4783 2043 4823 τι
2072 4800 2242 4856 quon-

668 4886 821 4948 dun,
853 4881 1007 4950 cujus
1035 4895 1224 4934 nomen
1268 4878 1515 4946 indeptus
1550 4885 1652 4932 est.
1680 4878 1796 4943 Quo
1822 4880 2076 4946 mysterio
2098 4878 2241 4934 cele-

2262 4468 2318 4531 D

740 5026 766 5055 ⁸
800 5014 938 5072 Editi
968 5030 1088 5069 cum
1115 5013 1261 5075 Bec.,
1289 5011 1670 5083 Campangnsis.

739 5087 768 5127 δ
801 5087 1109 5149 Etherius,
1141 5086 1229 5151 qui
1261 5095 1314 5137 et
1358 5083 1578 5136 inferius
1618 5082 1880 5148 laudatur,
1914 5093 1969 5138 et
1989 5083 2244 5153 Syagrius

671 5136 1071 5214 celebres"
1093 5136 1357 5211 sancti
1389 5153 1630 5221 Gregorii
1678 5136 1827 5221 papa:
1857 5136 2244 5221 epistolisutde

674 5232 856 5285 Flavio
884 5226 1172 5296 Gregorius
1192 5241 1348 5293 supra
1375 5226 1463 5279 lib.
1492 5239 1545 5287 v,
1565 5238 1682 5292 cap.
1714 5224 1811 5291 46;
1835 5227 1921 5295 qui
1955 5236 2062 5279 tres
2084 5227 2245 5280 variis

671 5299 913 5354 conciliis
943 5299 1316 5353 interfuerunt.

749 5380 771 5407 ε
804 5370 1216 5435 Nemptodorum
1276 5370 1425 5421 vicus
1481 5365 1730 5435 Roto’iolo
1780 5367 2024 5430 vicinus,
2086 5366 2261 5435 vulgo-

676 5434 972 5505 Nanterre’,
1021 5440 1187 5493 beata:
1213 5436 1495 5494 Genovefae
1526 5434 1673 5489 urbis
1712 5445 1952 5505 patrona:
1983 5434 2247 5493 natalibus

676 5507 925 5561 celebris.

749 5579 771 5614 d
805 5578 1109 5632 Chlotarius
1138 5580 1305 5645 ipsms
1332 5577 1646 5631 Gnntramni
1681 5584 1851 5646 pater,
1891 5591 2050 5644 quem
2077 5575 2245 5631 Chlo-

678 5647 1040 5709 thacharinm,
1074 5659 1279 5704 veteres
1321 5648 1549 5713 scriptos
1589 5649 1789 5709 secuti,
1820 5648 1873 5700 in
1916 5646 2249 5716 Gregoriano

678 5732 823 5782 textu
857 5717 1182 5784 scripsimus.
1208 5718 1440 5785 Uterque
1460 5717 1760 5773 Chlotarius
1786 5718 2108 5773 Francorum
2134 5734 2249 5774 mo-

1658 267 1714 320 S.
1759 266 2083 321 GllEGORIl
2125 264 2428 320 El’lSCOPl
2469 267 2889 328 TURONENSIS

3800 276 3888 332 560

2340 377 2512 442 brato,
2545 379 2822 435 invitatum
2854 384 2918 434 ad
2950 385 3161 452 epulum
3197 388 3474 455 parvulum
3515 390 3696 445 multis
3722 408 3880 451 mune

2343 466 2490 520 ribus
2519 470 2782 526 oneravit.
2813 472 3069 549 Similiter
3098 484 3154 528 et
3179 491 3273 531 rex
3296 476 3365 531 ab
3398 477 3588 533 eodem
3617 479 3885 553 invitatus,

2343 559 2608 630 plerisque
2635 562 2789 617 donis
2818 566 3044 620 refertus
3069 569 3360 637 abscessit,
3392 582 3446 626 et
3473 572 3539 627 ad
3573 574 3888 635 Cabillonen-

2340 663 2452 705 sem
2483 654 2665 709 urbem
2694 658 2867 712 revlire
2894 660 3076 715 statuit
3102 671 3147 715 ο.

2411 747 2570 818 523
2602 748 2796 804 XXIX.
2829 752 3057 809 Aredius
3087 771 3298 824 quoque
3323 758 3426 814 hoc
3452 775 3596 815 anno
3629 771 3795 819 terras
3820 781 3888 822 re-

2342 838 2584 907 linquens
2604 881 2619 906 ,
2650 853 2872 898 vocante
2901 844 3157 912 Domino,
3183 848 3430 918 migravit
3464 855 3532 907 ad
3561 858 3775 910 caelum.
3806 858 3887 912 Le-

2340 932 2618 986 movicinte
2648 935 2791 988 urbis
2818 936 2989 990 incola
3014 937 3129 1003 fuit,
3151 955 3257 994 non
3284 942 3650 1002 mediocribus
3677 951 3885 1018 regionis

2337 1035 2448 1075 suae
2476 1032 2626 1077 ortus
2655 1026 2982 1092 parentibus,
3008 1029 3102 1083 sed
3127 1030 3287 1086 valde
3308 1034 3591 1101 ingenuus.
3616 1038 3715 1093 Hic
3746 1040 3886 1095 Theo-

2338 1111 2560 1168 doberto
2603 1117 2714 1187 regi
2760 1118 3013 1181 traditus,
3045 1122 3233 1175 aulicis
3279 1125 3528 1191 palatinis
3575 1130 3881 1201 adjungitur.

2340 1205 2469 1259 Erat
2512 1208 2652 1261 enim
2701 1218 2825 1265 tunc
2874 1216 3134 1281 temporis
3172 1217 3310 1282 apud
3352 1218 3537 1273 urbem
3568 1220 3879 1277 Trevericam

2334 1296 2419 1365 _vir
2445 1300 2655 1354 eximia:
2684 1304 2978 1358 sanctitatis
3006 1304 3242 1361 Nicetius
3264 1309 3571 1378 episcopus,
3597 1328 3704 1366 non
3727 1316 3879 1368 solum

2338 1387 2390 1442 in
2422 1391 2796 1457 praedicatione
2820 1394 3147 1451 admirabilis
3181 1397 3440 1456 facundia:
3466 1442 3481 1465 ,
3514 1417 3704 1457 verum
3741 1406 3879 1459 etiam

2340 1478 2392 1532 in
2413 1480 2660 1547 Operibus
2680 1483 2831 1537 bonis
2845 1498 2907 1539 ac
2925 1486 3258 1542 mirabilibus
3277 1490 3659 1548 celeberrimus
3680 1494 3883 1549 habeba-

2338 1578 2423 1623 tur
2445 1572 2497 1625 in
2526 1572 2698 1641 plebe.
2730 1574 2830 1640 Qui
2862 1575 3075 1631 intuens
3120 1594 3341 1647 puerum
3392 1582 3444 1635 in
3490 1583 3638 1653 regis
3679 1584 3881 1652 palatio,

2342 1663 2521 1716 nescio
2552 1663 2677 1731 quid
2710 1665 2759 1717 in
2793 1665 2939 1720 vultu
2970 1666 3086 1735 ejus
3114 1683 3343 1724 cernens
3371 1670 3634 1736 divinum,
3660 1674 3886 1742 prrecepit

2340 1751 2389 1805 ei
2418 1767 2477 1806 se
2508 1754 2677 1822 sequi.
2702 1756 2770 1809 At
2800 1755 2887 1811 ille
2914 1757 3101 1813 relicto
3130 1759 3273 1829 regis
3298 1760 3526 1828 palatio,
3574 1772 3788 1817 secutus
3818 1772 3886 1817 est

2339 1858 2481 1897 eum.
2512 1844 2749 1914 Cumque
2798 1847 3022 1917 ingressi
3074 1848 3125 1903 in
3171 1850 3452 1917 cellulam,
3490 1853 3559 1907 de
3590 1854 3656 1908 iis
3688 1869 3801 1923 qua:
3830 1852 3885 1907 ad

2340 1935 2505 1991 Deum
2538 1938 2803 2005 pertinent
2830 1939 3318 2004 confabularentur,
3350 1944 3571 2011 expetiit
3596 1943 3885 2000 adolescens

2338 2040 2367 2079 a
2401 2027 2553 2081 beato
2580 2029 2859 2083 sacerdote
2900 2042 2959 2083 se
2983 2031 3214 2099 corrigi,
3246 2030 3312 2084 ab
3359 2046 3426 2086 eo
3467 2033 3717 2102 edoceri,
3746 2034 3808 2089 ab
3832 2046 3887 2089 eo

2338 2118 2527 2185 imbui,
2556 2133 2619 2173 ac
2646 2118 2698 2172 in
2727 2118 2924 2174 divinis
2946 2120 3304 2175 voluminibus
3332 2122 3399 2176 ab
3422 2125 3615 2179 eodem
3643 2125 3881 2180 exerceri.

2338 2209 2576 2280 Cumque
2598 2210 2650 2264 in
2679 2210 2835 2280 hujus
2859 2212 3021 2266 studii
3051 2212 3331 2284 ﬂagrantia
3368 2228 3491 2268 cum
3520 2217 3757 2271 antistite
3783 2231 3873 2270 mc-

2340 2312 2548 2357 morato
2575 2302 2827 2372 degeret,
2869 2311 3151 2358 tonsurato
3177 2303 3284 2373 jam
3314 2306 3488 2372 capite
3507 2347 3524 2373 ,
3552 2307 3776 2378 quadam
3810 2307 3885 2361 die

2341 2394 2688 2463 psallentibus
2713 2395 2925 2451 clericis
2964 2397 3019 2451 in
3051 2397 3281 2453 ecclesia
3300 2438 3315 2465 ,
3345 2399 3624 2456 descendit
3656 2400 3880 2456 columba

2340 2499 2371 2540 e
2395 2499 2638 2551 camera,
2671 2500 2791 2555 qua:
2820 2485 3009 2542 leviter
3035 2488 3263 2543 volitans
3312 2488 3453 2545 circa
3497 2504 3650 2557 eum,
3700 2489 3886 2545 resedit

2338 2591 2499 2647 super
2542 2586 2701 2647 caput
2745 2576 2898 2648 ejus,
2947 2578 3080 2634 illud
3131 2579 3392 2646 indicans,
3441 2588 3496 2635 ut
3533 2580 3736 2649 opinor,
3766 2593 3885 2635 eum

2340 2668 2572 2739 Spiritus
2608 2671 2777 2726 sancti
2810 2671 2978 2741 gratia
3012 2672 3120 2740 jam
3159 2671 3440 2741 repletum.
3468 2671 3629 2740 Quam
3658 2685 3776 2727 cum
3806 2671 3887 2725 ille

2340 2776 2448 2817 non
2476 2762 2592 2817 sine
2631 2762 2835 2832 pudore
2873 2772 3161 2819 conaretur
3199 2764 3448 2834 abigere,
3482 2763 3596 2819 haec
3636 2763 3884 2833 paululum

2340 2852 2772 2920 circumvolans,
2809 2853 2999 2909 iterum
3025 2869 3186 2923 super
3209 2863 3368 2924 caput
3416 2856 3572 2925 ejus,
3612 2864 3703 2911 aut
3744 2868 3884 2922 super

2339 2946 2610 3014 scapulam
2657 2944 2929 3000 residebat
2959 2963 2970 2997 :
3000 2960 3122 3016 quas
3148 2961 3252 3000 non
3294 2946 3453 3001 modo
3484 2947 3592 3013 ibi,
3622 2946 3713 3001 sed
3738 2946 3880 3001 etiam

2340 3050 2460 3091 cum
2489 3036 2542 3089 in
2571 3035 2819 3090 cellulam
2845 3037 3079 3107 episcopi
3105 3036 3494 3107 ingrederetur,
3521 3037 3719 3107 jugiter
3741 3034 3885 3090 comi-

2340 3126 2551 3181 tabatur
2578 3139 2698 3181 cum
2722 3140 2808 3182 eo.
2831 3127 2981 3195 Quod
3010 3142 3104 3197 per
3128 3129 3243 3184 dies
3273 3128 3529 3196 plurimos
3557 3126 3769 3189 factum.
3795 3140 3884 3181 non

2340 3219 2460 3275 sine
2494 3217 2847 3274 admiratione
2885 3221 3171 3289 episcopus
3209 3220 3543 3275 intendebat.
3584 3219 3785 3275 Exinde
3817 3216 3883 3269 vir

2340 3309 2435 3366 Dei
2462 3309 2685 3380 Spiritu,
2711 3318 2769 3364 ut
2789 3308 3041 3374 diximus,
3074 3319 3259 3365 sancto
3288 3311 3548 3378 repletus,
3581 3310 3647 3366 ad
3672 3309 3884 3380 patriam.

2338 3402 2581 3473 genitore
2606 3417 2669 3457 ac
2696 3416 2950 3469 germano
2972 3402 3233 3457 defunctis
3251 3444 3268 3471 ,
3308 3403 3634 3472 regreditur,
3667 3399 3885 3458 console.

2344 3504 2495 3550 turus
2524 3494 2790 3565 Pelagiam
2833 3495 3180 3565 genitricem,
3215 3510 3335 3564 quae
3380 3496 3591 3551 nullum
3638 3503 3881 3565 parentem

2340 3596 2536 3658 praeter
2564 3587 2703 3643 banc
2730 3587 2967 3643 sobolem
2998 3589 3292 3656 spectabat.
3318 3587 3525 3643 Deinde
3552 3603 3671 3643 cum
3690 3586 3880 3656 jejuniis

2339 3686 2499 3747 atque
2526 3677 2856 3733 orationibus
2885 3686 3119 3743 vacaret,
3149 3679 3468 3748 deprecatur
3493 3695 3636 3745 eam,
3665 3687 3719 3733 ut
3736 3676 3884 3732 omnis

2340 3786 2467 3827 cura
2492 3771 2700 3837 domus,
2734 3772 2784 3827 id
2804 3782 2906 3839 est,
2932 3776 3045 3827 sive
3069 3775 3329 3827 correctio
3349 3773 3589 3837 familiae,
3621 3772 3733 3826 sive
3750 3783 3886 3824 exer~

2339 3864 2521 3919 citium
2548 3878 2826 3933 agrorum,
2856 3868 2970 3919 sive
3004 3865 3181 3919 cultus
3209 3865 3484 3919 vinearum
3515 3866 3584 3919 ad
3627 3878 3740 3919 eam
3765 3862 3885 3929 aspi-

2340 3966 2485 4009 ceret
2520 3973 2533 4006 :
2573 3970 2639 4010 ne
2670 3955 2790 4010 huic
2833 3956 2947 4010 viro
2987 3956 3195 4025 aliquod
3243 3955 3519 4010 accideret
3562 3955 3881 4035 impedimen:

2342 4055 2485 4111 tum,
2510 4062 2615 4116 quo
2656 4047 2724 4102 ab
2764 4047 3005 4102 oratione
3031 4058 3299 4112 cessaret;
3333 4064 3496 4103 unum
3548 4050 3648 4103 sibi
3704 4056 3881 4101 tantum

2343 4140 2674 4208 privilegium
2716 4140 3023 4205 vindicans,
3067 4151 3123 4193 ut
3161 4139 3227 4194 ad
3270 4140 3528 4194 ecclesias
3577 4134 3882 4194 mdiﬂcandas

2342 4246 2456 4300 ipse
2486 4240 2760 4300 praeesset.
2790 4232 2926 4298 Quid
2958 4232 3143 4296 plural
3172 4234 3470 4288 construxit
3503 4233 3695 4301 templa
3740 4228 3817 4283 Dei
3840 4225 3884 4278 in

2342 4322 2544 4378 honore
2571 4322 2732 4394 524
2756 4332 3084 4388 sanctorum,
3108 4324 3433 4393 expetiitque
3450 4338 3641 4378 eorum
3673 4325 3885 4392 pignora.

2343 4432 2405 4471 ac
2429 4434 2495 4472 ex
2524 4418 2723 4472 familia
2751 4416 2961 4487 propria
2995 4428 3300 4473 tonsuratos
3329 4420 3564 4473 instituit
3593 4414 3885 4474 monachos,

2344 4509 2751 4579 cmnubiutnque
2786 4508 2806 4547 ί
2840 4509 3101 4574 fundavit,
3131 4509 3184 4563 in
3213 4526 3319 4580 quo
3342 4526 3447 4564 non
3480 4512 3640 4565 modo
3656 4504 3885 4570 Cassiani,

2346 4619 2528 4658 verum
2560 4605 2719 4659 etiam
2746 4603 2921 4657 Basilii
2948 4614 3002 4659 et
3033 4602 3362 4672 reliquorum
3390 4602 3667 4667 abbatum,
3689 4600 3773 4670 qui
3792 4610 3888 4650 mo.

2346 4696 2685 4750 nasterialem
2710 4694 2870 4748 vitam
2902 4694 3270 4757 instituerunt,
3303 4693 3647 4749 celebrantur
3686 4689 3885 4759 regula.

2345 4790 2498 4844 beata
2531 4789 2751 4842 muliere
2790 4788 2986 4842 victum
3029 4797 3191 4857 atque
3222 4789 3472 4843 vestitum
3505 4786 3729 4859 singulis
3755 4780 3885 4837 mini-

2344 4888 2567 4934 strante.
2596 4881 2703 4936 Nec
2735 4881 2907 4935 minus
2937 4880 3054 4935 haec
3077 4889 3253 4936 tamen
3277 4879 3529 4949 impedita
3554 4881 3654 4936 hoc
3674 4889 3822 4935 onere
3843 4872 3886 4927 iu

2348 5019 2620 5073 narchiam
2643 5018 2889 5072 obtinuit.

2424 5100 2446 5127 ε
2485 5089 2539 5142 ln
2562 5089 2681 5143 Vat.
2712 5101 2762 5144 et
2790 5088 2943 5144 Colb.
2978 5102 3006 5141 a
3065 5088 3186 5142 huic
3225 5088 3385 5154 capiti
3423 5084 3755 5156 subjungitur
3784 5082 3888 5156 ξτες

2350 5161 2549 5243 degerii
2599 5159 2902 5214 Chronicon
2946 5160 3046 5215 sub
3085 5158 3239 5213 titulo
3261 5151 3381 5213 libri
3431 5174 3465 5213 x
3509 5151 3754 5214 Historia:
3779 5151 3887 5207 Gre-

2350 5247 3108 5380 gf?klonasteriumnscilicet
3137 5299 3445 5380 .Atanense)
3470 5299 3614 5369 quod
3636 5303 3889 5380 postea?!“

2349 5373 2439 5425 diu
2469 5374 2668 5441 regula:
2698 5370 3053 5425 Bcnedictinm
3086 5371 3271 5424 fuisset
3300 5370 3635 5441 subjectum,
3658 5368 3720 5419 ad
3739 5376 3889 5438 saecu-

2353 5443 2491 5497 lares
2506 5439 2793 5496 canonicos
2819 5441 3051 5505 transiit,
3065 5444 3156 5509 qui
3177 5442 3347 5495 sancti
3366 5440 3573 5495 Martini
3596 5439 3893 5493 Turonensus

2352 5516 2583 5582 capitulo
2626 5512 2851 5581 subjecti
2883 5520 3023 5567 sunt.
3055 5512 3265 5581 Oppido
3307 5512 3682 5582 circumposito
3706 5512 3892 5582 nomen

2355 5572 2970 5650 et'originem'tribuit,
3013 5572 3156 5649 quod
3185 5582 3444 5650 hodieque
3482 5572 3653 5634 sancti
3691 5572 3887 5633 Aredii.

2358 5654 2512 5725 vulgo
2542 5651 2905 5721 Saint-Yrieix,
2946 5654 2996 5709 in
3029 5652 3399 5708 Lemovicibus
3425 5650 3737 5720 appellatur.
