4020 6194
159 293 253 350 56!

1088 302 1408 358 HISTORIA
1448 300 1895 357 rnanconun.
1935 304 2139 360 LIBER
2181 310 2502 370 DECIMUS.

3327 342 3431 394 552

161 412 250 465 Dei
281 412 529 467 laudibus
560 416 963 485 perstrepebat;
991 416 1086 472 sed
1110 417 1343 482 assidue,
1370 417 1472 472 etsi
1503 418 1754 485 quiddam
1783 414 1835 471 A
1863 414 1944 468 nis
1965 429 2079 482 ejus
2109 418 2212 483 dte,
2238 437 2426 477 muner
2453 442 2574 493 qua:
2601 428 2669 485 ab
2695 432 2883 500 spiritu
2916 438 3192 497 immundo
3228 460 3429 516 saeptus

156 505 335 572 operis
376 517 691 576 exerceret,
733 525 947 580 semper
995 512 1296 566 orationem
1339 512 1597 577 Domino,
1632 523 1750 566 tan.

154 608 314 663 quam
341 595 567 652 odorem
605 601 813 656 incensi
845 600 1191 669 acceptabilis
1217 600 1497 657 oﬂ'erebat.
1542 601 1744 656 Interea

152 687 221 743 ad
265 698 511 746 sanctum
562 693 817 751 Aredium
867 707 1149 765 coeperunt
1196 698 1395 752 infirmi
1439 700 1743 767 conﬂuere,

150 792 311 846 quos,
340 794 536 837 manus
578 786 802 855 singulis
835 802 956 841 cum
988 787 1190 842 vexillo
1212 789 1389 843 crucis
1431 790 1739 857 imponens,

146 875 367 929 sanitati
413 875 713 943 reddebat;
764 894 1029 949 quorum,
1077 881 1123 935 si
1166 882 1476 950 singillatim
1526 884 1741 937 nomina

143 966 392 1022 scribere
416 969 597 1035 velim,
625 985 723 1026 nec
748 988 1028 1027 numerum
1054 989 1367 1043 perCurrere
1390 975 1614 1042 valeam,
1640 992 1742 1032 nec

144 1058 413 1113 vocabula
445 1076 785 1118 memorare:
824 1080 986 1119 unum
1019 1076 1195 1120 tamen
1249 1069 1405 1136 novi,
1439 1068 1582 1138 quod
1616 1069 1735 1137 qui-

138 1163 362 1221 cunque
385 1153 453 1207 ad
484 1170 605 1209 eum
632 1171 774 1227 aager
803 1158 1058 1226 advenit,
1106 1175 1295 1230 sospes
1348 1163 1626 1217 abscessit.
1661 1163 1739 1217 De

140 1240 446 1310 majoribus
475 1260 689 1314 quoque
722 1247 995 1303 miraculis
1023 1265 1185 1317 parva
1215 1254 1589 1320 proponimus.
1634 1253 1739 1307 lter

139 1333 383 1401 quodam
412 1346 653 1407 tempore
679 1353 797 1393 cum
820 1343 1082 1410 genitrice
1108 1343 1235 1398 dum
1260 1356 1462 1415 ageret,
1490 1352 1544 1398 et
1563 1348 1734 1401 sancti

141 1422 347 1478 Iuliani
401 1427 653 1498 martyris
683 1430 749 1484 ad
781 1431 1054 1488 basilicam
1098 1446 1443 1503 properaret,
1472 1448 1737 1494 venerunt

142 1528 375 1584 vespere
405 1520 455 1573 in
490 1520 719 1590 quodam
751 1521 886 1577 loco.
925 1524 1052 1579 Erat
1093 1536 1269 1582 autem
1313 1528 1460 1583 locus
1501 1529 1591 1584 ille
1630 1529 1735 1584 ari-

141 1604 288 1675 dus,
340 1618 399 1664 et
465 1612 668 1684 absque
723 1614 937 1672 ﬂuentis
997 1621 1335 1676 currentibus
1391 1622 1733 1678 infecundus.

144 1695 399 1770 Dixitque
419 1702 483 1757 ad
516 1720 635 1759 eum
667 1715 837 1762 mater
863 1709 981 1776 ejus
1009 1727 1022 1765 :
1056 1710 1176 1777 Fili,
1206 1728 1395 1783 aquam
1428 1729 1534 1769 non
1567 1715 1731 1771 habe-

1852 520 2070 574 vexatar,
2110 526 2140 563 a
2183 526 2373 570 sancto
2404 523 2682 577 emundari
2710 540 2815 581 non
2850 541 3088 599 poterat,
3122 538 3293 606 ligatis
3325 558 3420 610 per

1847 612 1907 652 se
1934 615 1962 650 a
1988 609 2137 671 tergo
2164 607 2441 675 manibus,
2477 611 2714 671 clamare
2743 621 2907 689 cmpit
2937 638 3002 677 ac
3031 626 3213 683 dicere
3239 650 3248 682 :
3285 635 3417 689 Cur-

1848 691 1950 746 rite
1971 694 2145 761 cives,
2175 700 2383 755 exsilite
2415 707 2593 771 populi
2617 749 2632 773 ,
2668 712 2812 768 exite
2844 716 3053 773 obviam
3095 729 3413 796 martyribus

1846 785 2384 861 confessorihusque,
2431 797 2521 863 qui
2567 801 2635 853 ad
2684 808 2997 875 exsequium
3044 813 3184 868 beati
3229 785 3414 874 Ᾰτθὼὶ

1845 880 2189 937 conveniunt.
2224 884 2362 940 Ecce
2390 888 2544 944 adest
2567 892 2810 952 Julianus
2838 915 2867 951 a
2902 903 3147 972 Brivate,
3176 911 3421 966 Privatus

1843 979 1908 1021 ex
1932 967 2162 1035 Mimate,
2195 975 2452 1034 Martinus
2482 995 2510 1034 a
2534 982 2784 1052 Turonis,
2817 990 3178 1067 Martialisque
3197 1002 3265 1054 ab
3289 1007 3419 1060 urbe

1844 1060 2058 1127 propria
2086 1072 2132 1115 ο.
2164 1064 2331 1121 Adest
2369 1068 2694 1131 Saturninus
2730 1093 2761 1133 a
2784 1080 3006 1154 Tolosa,
3038 1060 3324 1161 Dionysius
3349 1097 3417 1149 ab

1845 1150 1974 1202 urbe
2012 1149 2296 1223 Parisiaca,
2328 1163 2569 1217 nonnulli
2596 1174 2649 1220 et
2676 1168 2788 1236 alii,
2812 1187 2944 1241 quos
2970 1179 3162 1234 ccelum
3196 1184 3413 1251 retinet,

1839 1514 1955 1567 neri
1987 1534 1998 1568 :
2031 1532 2151 1585 quae
2180 1536 2435 1592 rumpens
2487 1531 2695 1589 vincula
2716 1576 2732 1601 ,
2774 1540 2841 1593 ad
2880 1548 3261 1603 monasterium
3291 1566 3412 1606 cum

1838 1608 1923 1665 his
1968 1614 2186 1669 vocibus
2232 1633 2517 1689 properare
2560 1630 2748 1697 ctnpit.
2813 1633 3040 1705 Moxque
3088 1640 3275 1698 beatus
3329 1649 3411 1701 vir

1837 1700 2079 1768 spiritum
2111 1707 2345 1774 tradidit,
2366 1728 2469 1766 non
2499 1715 2615 1771 sine
2642 1700 2964 1780 testimonio
2979 1731 3237 1799 veritatis,
3266 1738 3421 1806 quod

143 1802 288 1853 mus,
314 1801 371 1845 et
393 1793 618 1859 qualiter
647 1797 732 1852 hic
770 1809 925 1855 nocte
956 1803 1204 1867 praesenti
1235 1805 1513 1875 quiescere
1543 1823 1719 1877 possu-

1835 1791 1905 1845 sit
1930 1808 2210 1865 susceptus
2244 1801 2312 1856 ab
2339 1808 2562 1874 angelis.
2588 1809 2859 1869 Mulierem
2906 1834 3120 1890 quoque
3164 1825 3219 1880 in
3258 1786 3412 1885 ejxse-

144 1880 307 1934 mus?
336 1886 406 1937 At
432 1884 521 1940 ille
551 1897 848 1955 prostratus
877 1892 928 1946 in
954 1894 1251 1950 orationem
1272 1937 1287 1963 ,
1335 1906 1388 1952 et
1429 1898 1731 1956 diutissime

146 1983 339 2035 preces
368 1972 504 2029 fudit
532 1977 598 2032 ad
636 1979 918 2036 Dominum
948 2024 963 2051 ,
993 1993 1047 2038 et
1074 1987 1286 2057 erigens
1321 2002 1381 2043 se
1412 1989 1597 2044 defixit
1627 1992 1728 2045 vir-

145 2078 265 2130 gam
298 2064 349 2116 in
380 2072 517 2121 terra
550 2084 706 2138 quam
754 2088 913 2127 manu
954 2077 1203 2145 gerebat.
1244 2094 1471 2151 eamque
1498 2096 1617 2135 cum
1649 2082 1728 2137 bis

144 2160 235 2204 aut
263 2156 425 2209 tertio
454 2160 502 2210 iu
534 2174 721 2229 gyrum
756 2165 1041 2229 vertisset,
1082 2167 1148 2221 ad
1186 2183 1244 2223 se
1268 2170 1425 2224 laetus
1452 2173 1723 2229 extraxit:

145 2256 380 2312 moxque
434 2249 573 2303 unda
621 2266 772 2321 aqum
813 2267 994 2311 secuta
1042 2269 1124 2313 est
1152 2268 1257 2315 tam
1292 2262 1500 2330 valida,
1535 2275 1725 2321 utnon

146 2335 317 2390 solum
349 2338 483 2407 ipsis
512 2341 579 2397 de
603 2347 875 2413 praesenti,
901 2352 997 2403 sed
1020 2351 1179 2406 etiam
1210 2356 1493 2422 pecoribus
1522 2358 1723 2416 affatim

147 2424 399 2498 deinceps
428 2434 613 2499 pocula
644 2437 995 2494 ministraret.
1024 2441 1347 2512 Nuperrimo
1374 2461 1554 2504 autem
1584 2459 1723 2505 tem-

147 2530 275 2583 pore
302 2519 405 2575 iter
430 2536 658 2593 carpens
684 2568 698 2592 ,
733 2531 944 2587 nimbus
972 2533 1037 2586 ad
1066 2549 1188 2590 eum
1234 2537 1429 2606 pluvire
1468 2540 1724 2600 advenire

146 2612 304 2680 coepit
331 2630 347 2667 :
377 2630 534 2684 quem
566 2618 656 2673 ille
685 2637 934 2691 cernens,
963 2628 1233 2693 paululum
1261 2645 1422 2700 super
1444 2647 1637 2703 equum
1664 2635 1720 2691 in

145 2716 247 2772 quo
274 2706 493 2761 sedebat
521 2721 682 2781 caput
711 2714 996 2784 inclinans,
1026 2736 1216 2778 manus
1245 2726 1485 2781 extendit
1513 2729 1579 2783 ad
1613 2729 1717 2783 Do-

145 2798 366 2854 minum.
397 2803 775 2863 Consummata
805 2826 930 2866 vero
959 2815 1219 2882 oratione,
1250 2819 1417 2873 divisa
1444 2832 1523 2875 est
1550 2822 1720 2877 nubes

143 2887 192 2943 in
212 2891 424 2950 duabus
451 2899 723 2967 partibus,
764 2918 829 2959 ac
858 2905 910 2959 in
954 2907 1181 2965 circuitu
1231 2926 1418 2968 eorum
1468 2915 1717 2972 immanis

142 2982 420 3042 descendit
448 2990 651 3059 pluvia;
685 3007 845 3063 super
871 3012 965 3053 eos
998 3007 1195 3068 tamen,
1228 3005 1392 3070 nulla,
1424 3007 1467 3060 si
1500 3008 1603 3063 dici
1632 3009 1714 3065 fas

143 3086 249 3141 est,
299 3090 448 3147 gutta
498 3082 794 3139 descendit.
830 3086 1216 3149 Wistrimundo
1244 3112 1481 3167 quoque,
1510 3114 1712 3173 cogno-

143 3177 319 3222 mento
348 3169 615 3238 'f‘attonis,
645 3175 749 3231 civi
774 3177 1042 3238 Turonico
1065 3224 1080 3247 ,
1106 3185 1301 3241 dentes
1330 3204 1545 3258 gravem
1581 3169 1712 3249 infe-

142 3253 327 3313 rebant
356 3259 621 3330 dolorem,
654 3280 717 3320 ex
747 3283 854 3336 quo
883 3272 1045 3326 etiam
1092 3278 1306 3331 maxilla
1345 3280 1710 3339 intumuerat:

141 3348 275 3414 quod
305 3365 427 3406 cum
456 3354 613 3411 beato
643 3359 755 3413 viro
785 3363 944 3436 525
970 3378 1189 3434 questus
1217 3369 1406 3427 fuisset
1431 3414 1445 3437 ,
1491 3390 1708 3432 manum

140 3456 295 3510 super
321 3446 501 3502 locum
532 3450 733 3507 doloris
763 3454 1036 3527 imposuit,
1068 3463 1357 3535 statimque
1383 3468 1535 3529 dolor
1561 3469 1711 3541 fuga-

141 3540 239 3598 tus,
272 3552 537 3608 nusquam
561 3543 812 3613 deinceps
834 3549 897 3603 ad
921 3551 1170 3620 injuriam
1196 3542 1425 3612 hominis
1450 3563 1711 3618 excitatus

136 3636 235 3678 est.
279 3628 408 3684 Haec
459 3632 573 3701 ipse
622 3640 712 3704 qui
756 3654 944 3707 passus
986 3655 1069 3701 est
1117 3648 1317 3703 retulit.
1351 3650 1426 3706 De
1468 3653 1551 3707 bis
1582 3670 1710 3712 vero

135 3722 299 3787 signis
328 3738 451 3791 quae
478 3740 574 3794 per
600 3729 847 3786 virtutem
878 3739 1044 3790 sancti
1071 3737 1264 3793 Juliani
1291 3725 1541 3813 martyris
1563 3746 1707 3801 Mar-

136 3810 337 3878 tiuidue
378 3818 702 3874 confessoris
731 3822 907 3888 beati,
941 3825 993 3878 in
1022 3828 1136 3895 ejus
1180 3831 1424 3886 manibus
1456 3834 1709 3891 Dominus

133 3915 391 3970 cperatus
415 3917 521 3973 est,
553 3910 805 3982 pleraque
854 3914 905 3968 in
947 3917 1094 3972 libris
1124 3919 1529 3990 Miraculorum,
1571 3927 1709 3981 sicut

134 3991 245 4059 ipse
274 3996 472 4053 elfatus
499 4010 601 4066 est,
632 4004 963 4073 scripsimus.
993 4009 1116 4065 Post
1146 4012 1241 4066 has
1274 4030 1402 4069 vero
1435 4026 1489 4070 et
1514 4018 1709 4074 multas

132 4086 258 4143 alias
280 4092 549 4156 virtutes,
580 4109 713 4164 quas
758 4096 971 4153 Christo
1016 4116 1339 4172 cooperante
1385 4110 1705 4178 complevit,

132 4176 350 4233 advenit
373 4179 608 4236 Turonis
639 4194 757 4252 post
784 4188 1125 4257 festivitatem
1151 4195 1319 4249 saneti
1350 4176 1579 4263 Martini,
1610 4176 1709 4254 ibi-

131 4282 231 4335 que
262 4273 539 4338 paululum
569 4290 950 4347 commoratus,
981 4281 1114 4338 dixit
1145 4287 1298 4342 nobis
1328 4302 1387 4343 se
1418 4290 1557 4344 haud
1592 4292 1710 4346 lon—

134 4374 284 4427 gaevo
308 4370 337 4397 ³
368 4372 611 4429 tempore
656 4367 828 4424 adhuc
859 4370 910 4424 in
943 4375 1043 4427 hoc
1087 4375 1288 4431 mundo
1328 4379 1584 4446 retineri,
1615 4392 1709 4436 aut

134 4462 280 4508 certe
310 4456 553 4511 velocius
578 4458 826 4521 dissolvi:
857 4472 912 4518 et
942 4466 1245 4523 valedicens
1267 4470 1559 4539 abscessit,
1589 4491 1709 4544 gra-

136 4543 229 4598 tias
263 4561 436 4617 agens
464 4548 602 4618 Deo,
634 4554 772 4622 quod
824 4555 1127 4627 priusquam
1179 4561 1353 4617 obiret
1401 4543 1706 4633 sepulcrum

136 4635 273 4694 beati
298 4642 555 4698 antistitis
576 4648 802 4702 osculari
828 4653 1229 4718 promeruisset.
1253 4655 1492 4727 Cumque
1514 4660 1578 4715 ad
1602 4662 1712 4716 cel-

139 4735 297 4796 lulam
329 4757 482 4797 suam
508 4748 842 4815 accessisset,
873 4762 1193 4811 testamento
1221 4756 1246 4796 δ
1270 4760 1490 4817 condito
1509 4802 1526 4830 ,
1556 4766 1706 4821 ordi-

139 4842 275 4897 natis
300 4847 574 4912 omnibus,
604 4864 666 4904 ac
690 4862 875 4908 sancto
906 4856 1132 4914 Martino
1160 4860 1474 4938 Hilarioque
1500 4870 1707 4925 antisti-

142 4946 276 5000 tibus
335 4947 637 5004 hreredibus
700 4958 1049 5024 constitutis,
1107 4973 1368 5030 :egrotare
1425 4969 1591 5036 Cthil
1646 4987 1710 5026 ac

142 5044 456 5114 dysenteriae
486 5050 671 5105 inorbo
696 5057 926 5121 gravari.
958 5060 1118 5114 Sexta
1146 5078 1359 5134 quoque
1403 5072 1710 5139 aegrotatio-

211 5210 235 5237 ι
275 5200 516 5284 Sic_Bec.
536 5204 676 5284 _Alii,
706 5225 758 5262 se
784 5222 872 5263 aut
902 5212 1139 5284 lonngi.
1170 5216 1337 5273 Porro
1365 5220 1707 5282 festivitatem

149 5274 306 5325 sancti
340 5272 680 5357 Martini“th
710 5272 1055 5357 memoratan
1098 5272 1331 5357 intellige
1366 5272 1711 5349 i'l‘ranslatio-

153 5356 440 5435 item,.quze
470 5346 698 5435 tvnN'on‘.‘
735 5349 857 5405 Julii
884 5354 1216 5435 celebratur,
1259 5346 1304 5413 si
1336 5363 1547 5429 quidem
1578 5369 1709 5422 Are-

153 5410 256 5465 dius
282 5410 365 5469 die
396 5430 483 5468 vrtt
509 5415 627 5471 Kal.
665 5420 933 5488 Septemb.
967 5425 1115 5481 obiit.

216 5503 241 5543 δ
274 5507 523 5582 Ipsutn‘in
549 5512 855 5582 Appendice
880 5514 1122 5570 dabimus
1143 5534 1206 5571 ex
1230 5528 1375 5573 tomo
1402 5522 1442 5575 ll
1464 5525 1702 5582 .-\na|ect.

158 5574 404 5656 Matiillon.
443 5574 741 5656 De_A_fédie
765 5584 1054 5656 tiregorius
1092 5590 1305 5656 scripsit
1333 5592 1382 5644 iu
1415 5574 1547 5645 libro
1568 5574 1703 5652 {[33

158 5644 309 5704 Hirac.
356 5650 543 5721 sancti
564 5649 808 5721 Martini,
849 5644 964 5721 cap.
997 5657 1093 5719 39,
1141 5644 1320 5714 et'lib.
1356 5678 1388 5715 tt
1416 5667 1481 5717 de
1526 5665 1701 5721 Gloria

160 5716 317 5779 Mart.
366 5737 491 5787 cap.
530 5719 611 5773 lt).
650 5720 775 5786 Ejus
804 5716 966 5779 Vitam
1010 5716 1143 5781 infra
1185 5731 1456 5795 dabimus,
1514 5716 1703 5801 praeter

1831 1883 1969 1951 quiis
1995 1886 2107 1941 suis
2133 1904 2256 1945 cum
2286 1894 2387 1947 alia
2417 1899 2649 1956 muliere
2675 1909 2914 1974 nequiori
2958 1913 3150 1979 Spiritu
3180 1928 3407 1986 vexata,

1831 1980 1888 2026 ut
1916 1981 1999 2028 est
2035 1972 2062 2011 ά
2088 1980 2337 2046 εθρυιιτο
2367 1990 2539 2042 tectus
2559 2029 2574 2054 ,
2614 2005 2645 2043 a
2680 1972 2912 2064 nequitia
2952 1972 3129 2056 infesti
3159 1972 3408 2064 daemonii

1828 2067 2158 2126 emundavit.
2192 2071 2257 2126 Et
2303 2076 2495 2159 credo,
2547 2081 2617 2136 ob
2661 2083 2762 2139 hoc
2793 2088 2887 2144 Dei
2940 2099 3069 2145 nutu
3096 2096 3311 2152 easdem
3352 2099 3408 2159 in

1828 2170 2053 2227 corpore
2081 2164 2284 2229 positus
2310 2152 2416 2223 non
2448 2174 2618 2239 potuit
2643 2175 2804 2248 526
2824 2188 3140 2252 emundare,
3167 2197 3225 2241 ttt
3252 2205 3405 2248 exse-

1826 2246 1963 2313 quias
2009 2248 2153 2305 illius
2209 2252 2307 2309 hac
2361 2258 2552 2315 virtute
2596 2246 3041 2344 glorificarentur.
3092 2246 3219 2331 Post
3271 2280 3403 2337 cele-

1827 2336 2037 2395 bratum
2078 2358 2207 2399 vero
2246 2346 2401 2403 funus
2425 2392 2441 2417 ,
2488 2355 2680 2411 mulier
2725 2338 2965 2429 quredam
3016 2365 3154 2422 rictu
3192 2373 3405 2442 patulo,

1825 2429 1941 2485 sine
1985 2433 2131 2489 vocis
2172 2437 2350 2493 officio
2372 2485 2387 2508 ,
2436 2443 2503 2496 ad
2545 2446 2661 2513 ejus
2698 2452 2928 2507 accessit
2958 2458 3217 2514 tumulum
3247 2478 3259 2515 :
3292 2477 3399 2532 quo

1824 2523 2022 2579 osculis
2065 2525 2333 2597 delibato,
2365 2533 2684 2595 elocutionis
2725 2546 2921 2601 meruit
2963 2550 3208 2620 recipere
3238 2554 3400 2611 bene-

1832 2608 2033 2669 ﬁcium.

1895 2702 2063 2759 XXX.
2096 2707 2208 2763 Hoc
2238 2724 2377 2766 anno
2401 2728 2587 2772 mense
2615 2720 2874 2788 secundo,
2909 2734 3012 2780 tam
3045 2728 3095 2783 in
3125 2730 3393 2791 Turonico

1821 2809 1980 2863 quam
2010 2797 2060 2852 in
2090 2799 2402 2859 Namnetico
2431 2808 2606 2873 gravis
2638 2813 2887 2880 populum
2922 2816 3038 2873 lues
3061 2821 3285 2888 attrivit,
3315 2826 3389 2883 ita

1821 2897 1878 2941 ut
1903 2889 2113 2945 modico
2138 2894 2377 2964 quisquis
2401 2909 2631 2965 :egrOtus
2662 2903 2851 2971 capitis
2884 2905 3071 2964 dolore
3118 2913 3394 2983 pulsatus,

1820 2980 2052 3034 animam
2086 2983 2346 3039 funderet.
2379 2984 2484 3041 Sed
2510 2988 2662 3046 factis
2710 2995 3074 3063 rogationibus
3094 3015 3214 3056 cum
3247 3021 3378 3073 gran

1817 3067 1872 3122 di
1896 3069 2216 3126 abstinentia
2240 3082 2296 3129 et
2314 3075 2539 3146 jejunio,
2570 3082 2789 3139 sociatis
2818 3087 2978 3144 etiam
3006 3067 3384 3166 eleemosynis,

1742 3155 1788 3219 C
1818 3161 2075 3221 adversus
2104 3167 2269 3223 divini
2310 3168 2507 3227 furoris
2538 3175 2765 3246 impetus
2794 3181 3060 3253 mitigatus
3101 3202 3203 3245 est.
3233 3155 3387 3261 Apud

1816 3252 2208 3311 Lemovicinam
2239 3274 2366 3315 vero
2395 3262 2581 3320 urbem
2605 3268 2675 3322 ob
2700 3252 2957 3328 Dominici
2988 3277 3092 3332 diei
3114 3279 3385 3349 iujuriam,

1816 3358 1914 3413 pro
1939 3360 2003 3400 eo
2030 3349 2169 3417 quod
2193 3348 2245 3403 in
2274 3365 2338 3405 eo
2367 3367 2583 3422 operam
2616 3359 2879 3427 publicam
2907 3348 3240 3436 exercerent,
3279 3372 3389 3441 ple-

1813 3434 1966 3503 rique
1992 3438 2111 3506 igne
2139 3438 2347 3495 crelesti
2378 3448 2680 3516 consumpti
2710 3464 2853 3506 sunt.
2878 3453 3107 3513 Sanctus
3137 3434 3379 3518 est-enim

1814 3524 1903 3581 hic
1927 3528 2066 3593 dies,
2096 3532 2185 3599 qui
2210 3532 2263 3586 iu
2294 3534 2550 3604 principio
2579 3539 2750 3596 lucem
2782 3546 3048 3602 conditam
3076 3552 3274 3619 primus
3307 3555 3390 3608 vi-

1814 3618 1911 3695 dit.
1936 3635 1999 3675 ac
2023 3622 2311 3679 Dominicae
2333 3633 2743 3688 resurrectionis
2767 3640 2918 3693 testis
2943 3638 3111 3695 factus
3136 3643 3384 3701 emicuit:

1814 3690 2040 3780 ideoque
2067 3714 2210 3768 omni
2238 3715 2342 3770 fide
2376 3732 2406 3771 a
2442 3719 2764 3778 Christianis
2791 3727 3059 3783 observari
3090 3732 3281 3799 debet,
3314 3751 3384 3792 ne

1814 3800 1901 3854 fiat
1931 3801 1982 3855 in
2023 3817 2088 3856 eo
2126 3817 2283 3859 omne
2325 3821 2458 3875 opus
2500 3811 2791 3879 publicum.
2832 3817 2887 3870 lu
2933 3819 3200 3877 Turonico
3247 3839 3380 3882 vero

1812 3893 2050 3946 nonnulli
2078 3894 2145 3948 ab
2187 3897 2286 3951 hoc
2336 3898 2488 3967 igne,
2521 3905 2613 3956 sed
2663 3922 2767 3960 non
2811 3910 2897 3964 die
2943 3911 3217 3971 Dominico
3254 3928 3383 3975 sunt

1812 3981 2005 4037 adusti.
2041 3984 2262 4040 Siccitas
2313 3988 2565 4045 immensa
2617 3993 2741 4059 fuit,
2777 4014 2896 4067 quae
2935 4002 3091 4057 Omne
3128 4006 3378 4074 pabulum

1812 4073 2094 4131 herbarum
2122 4080 2313 4133 avertit
2339 4098 2349 4131 :
2387 4083 2525 4137 unde
2555 4085 2750 4141 factum
2780 4100 2862 4145 est
2885 4132 2899 4155 ,
2946 4104 2999 4148 ut
3027 4073 3203 4166 gravis
3232 4115 3378 4156 mor-

1810 4163 1909 4219 bus
1956 4167 2007 4219 iu
2056 4169 2335 4237 pecoribus
2383 4186 2447 4226 ac
2481 4173 2739 4242 jumentis
2782 4182 3147 4254 invalescens,
3190 4205 3375 4260 parum

1811 4260 1952 4315 unde
1980 4272 2280 4317 sumeretur
2305 4266 2452 4334 origo
2469 4268 2816 4338 relinqueret;
2835 4276 2971 4331 sicut
2993 4278 3236 4336 Habacuc
3252 4297 3377 4358 pro-

1810 4350 1967 4417 pheta
1998 4352 2309 4410 vaticinatus
2329 4366 2412 4411 est
2438 4374 2452 4410 :
2481 4358 2725 4427 Deﬁcient
2756 4365 2818 4417 ab
2848 4382 2961 4420 esca
3002 4386 3114 4423 oves
3140 4411 3155 4436 ,
3186 4382 3232 4425 et
3273 4391 3375 4430 non

1812 4453 1957 4497 erunt
1984 4445 2034 4497 in
2062 4447 2369 4516 prwsepibus
2408 4448 2551 4504 boves
2577 4450 2801 4521 (Habac.
2829 4472 2902 4522 tv,
2936 4460 3047 4529 l7).
3080 4461 3195 4518 Non
3217 4466 3377 4521 modo

1817 4536 1956 4589 enim
1989 4536 2041 4591 in
2073 4538 2411 4607 domesticis,
2443 4558 2626 4598 verum
2669 4548 2828 4601 etiam
2877 4551 2927 4603 iu
2977 4551 3109 4622 ipsis
3150 4555 3377 4612 ferarum

1819 4626 2098 4681 immitium
2127 4632 2410 4698 generibus
2435 4632 2547 4688 haec
2577 4636 2692 4691 lues
2721 4652 2957 4707 grassata
2981 4653 3082 4698 est.
3114 4644 3246 4702 Nam
3284 4663 3383 4719 per

1818 4717 1983 4771 saltus
2028 4719 2280 4775 silvarum
2322 4725 2604 4782 multitudo
2640 4743 2920 4789 cervorum
2949 4744 3004 4791 et
3050 4738 3375 4809 reliquorum

1818 4808 2165 4862 animantium
2197 4823 2457 4878 prostrata
2490 4832 2583 4886 per
2634 4820 2774 4876 invia
2805 4836 2961 4880 nacta
2989 4837 3092 4885 est.
3126 4830 3325 4887 Fenutn
3352 4842 3378 4870 ε

1818 4895 1885 4948 ab
1909 4896 2170 4951 inlusione
2189 4903 2484 4968 pluviarum
2506 4919 2557 4961 et
2579 4909 2922 4972 inundatione
2943 4920 3176 4974 amnium
3201 4923 3380 4990 periit,

1817 4997 2023 5055 segetes
2051 4988 2257 5058 exigua:
2281 5034 2295 5056 ,
2330 4996 2494 5051 vinea:
2522 5015 2646 5055 vero
2683 5007 2918 5073 profusae
2958 5008 3197 5077 fuerunt;
3223 5028 3379 5082 quer-

1818 5091 1977 5132 cuum
2006 5079 2205 5137 fructus
2226 5090 2423 5143 osteusi
2444 5091 2690 5149 effectum
2718 5113 2825 5152 non
2854 5101 3212 5159 obtinuerunt.

1818 5249 1935 5319 eam
1964 5251 2082 5319 qua}
2113 5237 2249 5319 inter
2282 5242 2410 5319 Acta
2436 5245 2534 5301 SS.
2563 5249 2773 5319 9rdinis
2806 5257 2968 5309 nostri
2990 5257 3133 5313 edita
3159 5270 3243 5315 est
3267 5265 3381 5319 Sae-

1818 5308 1979 5358 colet
2009 5305 2394 5394 μιξεξιμριιίοιίηο,
2423 5330 2538 5384 pag.
2571 5316 2696 5374 549.
2729 5321 2786 5375 Ei
2816 5305 3381 5394 satiassatias];

1811 5388 1977 5427 carm.
2009 5377 2077 5430 20
2100 5377 2189 5431 lib.
2223 5395 2273 5431 ν.

1887 5464 2317 5559 οὲςξξιῗνίξςίὺυε
2373 5472 2607 5542 scilicet,
2664 5478 2815 5547 cujus
2873 5486 3051 5553 populi
3108 5493 3384 5559 apostolus

1814 5532 2067 5605 Martialis
2097 5534 2215 5590 fuit.
2593 5532 2605 5542 ’
2727 5532 2748 5547 ’
2795 5532 2808 5534 -
2875 5532 2991 5605 rvr‘.

1882 5601 1904 5637 ἀ
1946 5603 2222 5673 Casinens,
2250 5623 2443 5665 vexata.
2485 5613 2606 5669 Post
2651 5620 2898 5675 celebrato
2952 5644 3065 5683 vero
3110 5631 3286 5701 [tmere
3326 5640 3382 5691 ut

1812 5682 1881 5726 ρδι
1902 5715 1913 5732 ,
1949 5686 2050 5727 etc.

1883 5744 1900 5764 ‘
1934 5744 2084 5813 Bad.,
2134 5760 2183 5801 ut
2208 5763 2353 5809 nacta
2381 5766 2450 5810 est
2472 5758 2661 5830 fenum,
2688 5764 2775 5833 ab,
2806 5777 2905 5821 ctc.
