4020 6194
664 317 767 373 563

1654 304 1711 359 S.
1752 296 2074 355 GREGOllll
2118 294 2421 349 EPISCUPl
2464 292 2886 348 TURONENSIS

736 428 925 486 χχχι⁸
968 426 1044 481 De
1073 433 1101 464 ι
1128 422 1392 493 episcopis
1420 417 1697 473 Turonicis
1750 416 1871 469 licet
1899 415 1950 467 in
1990 410 2231 477 superio-
2262 409 2309 467 Α
2334 406 2400 459 de
2428 406 2645 473 regione
2674 403 2977 464 Pannoniae.
3006 402 3218 455 civitate
3241 399 3511 493 Sabarim:
3547 398 3635 493 qui
3669 398 3738 450 ob
3759 412 3903 493 amo-

661 526 811 579 ribus
863 519 1012 574 libris
1062 515 1306 585 quasdam
1350 511 1630 580 scripsisse
1679 508 1821 560 vi~ns
1866 506 2001 567 sim,
2056 514 2230 555 tamen

661 624 881 685 propter
910 608 1298 665 ordinationem
1329 618 1511 659 eorum
1541 614 1592 655 et
1638 600 2090 667 supputationem,
2124 608 2230 664 quo

665 719 902 774 tempore
934 701 1161 769 primum
1194 695 1507 763 praedicator
1551 694 1617 744 ad
1658 688 1973 743 Turonicam
2006 688 2231 740 accessit

664 800 874 860 urbem,
913 794 1246 856 reciprocare
1277 786 1489 853 placuit.

736 892 789 944 l.
830 888 1037 941 Primus
1067 881 1319 937 Gatiauus
1351 882 1376 915 υ
1404 878 1685 945 episcopus
1705 912 1721 937 ,
1755 873 1910 944 527
1959 886 2099 925 anno
2127 870 2226 923 im-

664 980 797 1051 perii
829 978 968 1033 Decii
1002 976 1195 1046 primo,
1222 988 1249 1024 a
1277 971 1526 1024 Romana
1553 967 1692 1021 sedis
1722 981 1852 1031 papa
1884 963 2231 1017 transmissus

664 1050 791 1126 est:
833 1072 883 1124 in
914 1083 1016 1136 qua
1059 1071 1189 1118 urbe
1217 1058 1499 1114 nmltitudo
1545 1070 1867 1126 paganorum
1913 1050 2229 1106 idololatriis

663 1161 841 1216 dedita
881 1156 1340 1215 commorabatur;
1381 1152 1447 1203 de
1476 1148 1669 1217 quibus
1711 1146 1992 1199 nonnullos
2025 1145 2229 1211 praedi-

663 1254 874 1308 catione
897 1265 990 1304 sua
1025 1244 1262 1303 converti
1294 1240 1419 1296 fecit
1445 1242 1508 1293 ad
1562 1241 1860 1293 Dominum.
1904 1238 2009 1291 Sed
2062 1238 2226 1290 inter-

664 1348 788 1399 dum
816 1342 1090 1399 occulebat
1135 1354 1193 1393 se
1222 1338 1291 1389 ob
1336 1336 1638 1403 impugnati.
1664 1348 1785 1386 ncm
1817 1340 2085 1397 potentum
2110 1372 2123 1393 ,
2164 1346 2230 1384 eo

665 1437 806 1505 quod
848 1434 1042 1501 stt-pius
1068 1445 1187 1485 cum
1220 1426 1425 1495 injuriis
1470 1436 1523 1478 et
1549 1422 1887 1478 contumeliis
1916 1435 2034 1475 cum
2077 1435 2228 1487 repe-

667 1535 845 1579 rerant
887 1522 1217 1583 effecissent,
1260 1532 1321 1570 ac
1350 1530 1443 1583 per
1487 1523 1701 1583 cryptas
1748 1524 1801 1565 et
1853 1511 2069 1564 latibula
2108 1525 2225 1563 cum

668 1615 848 1684 paucis
874 1608 1207 1669 Christianis,
1238 1616 1294 1659 ut
1323 1604 1574 1666 dixiums,
1611 1616 1702 1671 per
1731 1602 1974 1656 cunidem
2006 1617 2227 1656 conver-

666 1708 740 1759 sis
760 1747 774 1766 ,
823 1700 1131 1769 mysterium
1175 1695 1527 1751 solemnitatis
1556 1693 1658 1747 diei
1692 1693 1950 1747 Dominici
1981 1692 2227 1747 clanculo

2334 512 2443 549 rem
2471 494 2561 549 Dei
2590 495 2727 560 apud
2778 495 2961 547 urbem
3010 494 3457 548 Mcdiolauensem
3489 491 3653 544 Italia:
3676 534 3691 557 ,
3739 492 3907 560 primo

2331 589 2706 640 monasterium
2738 583 2900 653 528
2926 585 3227 647 constituit;
3260 584 3352 638 sed
3399 582 3469 637 ab
3499 582 3797 648 hmreticis,
3840 597 3910 637 eo

2330 676 2467 739 quod
2498 688 2736 728 sanctam
2766 673 3079 727 Trinitatem
3113 674 3405 741 intrepidus
3436 674 3775 742 praedicaret,
3804 675 3908 728 vir-

2328 766 2408 833 gis
2438 779 2607 817 caesus
2635 773 2659 811 Β
2692 774 2848 832 atque
2877 764 3126 831 expulsus
3159 765 3224 819 de
3273 764 3418 817 Italia
3438 801 3457 827 ,
3490 766 3540 816 in
3571 763 3774 819 Gallias
3813 780 3904 818 ac-

2328 856 2523 921 cessit;
2559 856 2753 909 multos
2784 870 3104 924 paganorum
3136 854 3375 908 converti
3408 854 3553 917 fecit,
3590 854 3785 921 templa
3813 868 3905 907 eo-

2330 960 2445 998 rum
2497 954 2808 1014 statuasque
2845 944 3141 1012 confregit,
3192 944 3420 1012 fecitque
3470 944 3634 996 multa
3665 943 3813 1013 signa
3850 946 3901 997 in

2332 1036 2587 1102 p0pulos,
2647 1036 2717 1088 ita
2772 1043 2828 1088 ut
2857 1046 2980 1088 ante
3028 1035 3394 1103 episcopatum
3443 1034 3577 1087 duos
3623 1034 3902 1088 suscitaret

2329 1139 2602 1191 mortuos.
2651 1139 2770 1197 post
2804 1128 3169 1196 episcOpatum
3200 1138 3411 1190 autem,
3458 1142 3621 1179 unum
3670 1137 3901 1179 tantum-

2331 1223 2487 1277 modo
2516 1221 2813 1276 suscitavit.
2843 1220 2939 1275 llic
2970 1220 3239 1275 transtulit
3264 1234 3458 1287 corpus
3499 1219 3640 1271 beati
3676 1216 3899 1281 Gatiaui,

2330 1317 2675 1383 Sepelivitque
2707 1318 2881 1383 ipsum
2904 1312 3057 1382 juxta
3078 1311 3379 1380 sepulcrum
3409 1310 3579 1365 sancti
3610 1309 3818 1374 Litorii,
3848 1310 3899 1363 in

2331 1406 2422 1461 illa
2451 1407 2681 1460 norniuis
2704 1408 2781 1459 sui
2806 1404 3025 1475 praelata
3057 1404 3297 1459 basilica.
3330 1402 3425 1457 Hic
3453 1401 3726 1468 prohibuit
3747 1399 3904 1453 Maxi-

2332 1513 2495 1562 mum,
2522 1513 2587 1553 ne
2613 1498 2846 1567 gladium
2875 1497 2929 1550 in
2962 1495 3265 1564 Hispaniam
3296 1493 3363 1547 ad
3394 1491 3793 1545 interﬁciendos
3812 1490 3904 1543 de-

2331 1592 2553 1646 stinaret
2599 1590 2881 1643 haereticos
2909 1583 2937 1623 ιι
2964 1604 2976 1640 :
3005 1587 3196 1657 quibus
3224 1584 3469 1638 sufﬁcere
3510 1583 3723 1647 statuit,
3766 1580 3902 1651 quod

2330 1696 2358 1733 a
2380 1680 2760 1733 catholicorum
2791 1677 3036 1732 ecclesiis
3074 1686 3253 1731 essent
3286 1674 3370 1728 vel
3401 1673 3785 1728 communione
3824 1688 3907 1724 re-

665 1763 992 1850 celebrabat.
1036 1789 1165 1844 Erat
1200 1794 1375 1841 autem
1423 1783 1579 1839 valde
1626 1783 1905 1847 religiosus
1942 1793 1995 1837 et
2038 1786 2222 1839 timens

2332 1773 2480 1825 moti.
2508 1768 2887 1825 Consummato
2915 1782 3043 1838 ergo
3082 1765 3357 1835 praesentis
3386 1765 3506 1817 vitae
3552 1779 3747 1827 cursu,
3778 1763 3909 1817 obiit

668 1887 868 1941 Deum:
897 1894 951 1935 ut
980 1881 1077 1936 nisi
1128 1878 1310 1932 fuisset
1340 1876 1488 1942 talis,
1521 1889 1627 1928 non
1669 1874 1847 1943 utique
1876 1874 2094 1938 domos,
2139 1890 2231 1944 pa-

666 1987 846 2033 rentes
866 1986 918 2029 et
947 1973 1169 2044 patriam
1200 1972 1268 2025 ob
1293 1968 1551 2023 Dominici
1574 1968 1771 2021 amoris
1797 1967 2125 2037 diligentiam
2149 1982 2231 2022 re-

667 2068 931 2137 liquisset.
975 2066 1031 2119 In
1058 2063 1155 2115 hac
1182 2060 1311 2115 urbe
1347 2057 1445 2113 sub
1470 2058 1559 2111 tali
1588 2055 1912 2121 conditione,
1944 2065 2005 2111 ut
2031 2056 2224 2123 ferunt,

666 2172 835 2212 annos
872 2152 1246 2225 quinquaginta
1290 2158 1678 2214 commoratus,
1711 2148 1844 2203 obiit
1872 2147 1922 2201 in
1958 2163 2087 2217 pace
2112 2188 2126 2210 ,
2176 2158 2230 2203 et

666 2248 905 2318 sepultus
925 2251 1008 2298 cst
1031 2243 1082 2296 in
1114 2242 1277 2307 ipsius
1299 2240 1399 2294 vici
1423 2239 1749 2303 cmmeterio,
1780 2239 1917 2307 quod
1939 2247 2054 2293 erat
2076 2239 2231 2295 Chri-

666 2343 987 2402 stianorum;
1019 2347 1073 2389 et
1109 2334 1338 2389 cessavit
1384 2332 1721 2400 episcopatus
1775 2329 1987 2401 triginta
2022 2340 2227 2401 septem

668 2433 821 2488 annis
849 2440 893 2485 ε.

739 2523 795 2577 2.
834 2520 1131 2583 Secundus,
1157 2532 1298 2572 anno
1326 2516 1532 2587 imperil
1559 2516 1864 2570 Constantis
1904 2516 2072 2584 primo
2094 2556 2109 2579 ,
2143 2516 2229 2570 Li-

670 2618 836 2673 torius
865 2612 1192 2669 dordinatur
1239 2609 1518 2680 episcOpus
1557 2626 1572 2666 :
1622 2609 1717 2663 fuit
1764 2619 1937 2662 autem
1985 2609 2054 2663 de
2102 2611 2231 2663 civi-

668 2713 767 2767 bus
795 2709 1091 2773 Turonicis,
1113 2716 1167 2763 et
1196 2706 1283 2760 hic
1307 2706 1461 2759 valde
1489 2703 1791 2772 religiosus.
1828 2705 1920 2758 llic
1949 2704 2233 2760 aedificavit

665 2804 944 2861 ecclesiam
977 2802 1199 2871 primam
1225 2799 1357 2855 infra
1388 2799 1569 2853 urbem
1601 2798 1937 2865 'luronicam,
1973 2815 2092 2852 cum
2119 2799 2229 2867 jam

665 2897 813 2952 multi
849 2892 1135 2951 Christiani
1180 2901 1398 2955 essent;
1439 2892 1709 2960 primaque
1739 2890 1805 2943 ab
1849 2905 1915 2943 eo
1959 2906 2023 2943 ex
2072 2891 2230 2946 domo

663 2986 941 3057 cujusdam
960 2984 1244 3049 senatoris,
1268 2982 1485 3037 basilica
1510 2980 1642 3036 facta
1671 2992 1771 3035 est.
1799 2981 1963 3050 Hujus
1992 2990 2229 3049 tempore

661 3089 877 3134 sanctus
897 3076 1150 3132 Martinus
1179 3077 1229 3128 in
1248 3072 1343 3127 Gal
1367 3073 1432 3127 iis
1455 3071 1741 3142 praedicare
1762 3087 1982 3127 exorsus
2006 3081 2107 3127 est.
2134 3072 2231 3128 Sc-

661 3168 739 3224 dit
762 3178 938 3222 autem
967 3180 1137 3221 annos
1162 3164 1377 3235 triginta
1410 3174 1517 3219 tres
1550 3172 1595 3229 σ,
1621 3172 1675 3218 et
1699 3164 1831 3217 obiit
1858 3165 1909 3216 in
1944 3178 2102 3232 pace,
2142 3179 2226 3219 se-

667 3258 948 3328 pultusque
976 3264 1060 3311 est
1090 3257 1141 3310 in
1170 3255 1528 3325 suprascripta
1556 3253 1792 3317 basilica,
1820 3269 1937 3323 qua:
1966 3254 2226 3324 hodleque

658 3349 776 3418 ejus
804 3349 1015 3402 nomine
1043 3347 1321 3402 vocitatur.

729 3438 785 3495 5.
825 3440 1055 3503 Tertius,
1081 3447 1297 3494 sanctus
1336 3436 1608 3499 Martinus,
1638 3449 1777 3489 anno
1814 3447 2001 3491 octavo
2030 3436 2221 3493 Valen-

659 3530 726 3586 tis
751 3539 806 3586 et
834 3529 1181 3583 Valentiniani
1208 3527 1254 3595 ί,
1281 3527 1562 3597 episcopus
1581 3526 1874 3583 ordinatur.
1905 3527 2025 3582 Fuit
2044 3539 2219 3584 autem

730 3682 759 3713 ιι
796 3674 906 3729 Hoc
935 3681 1091 3740 caput
1130 3673 1277 3726 deest
1308 3672 1359 3725 in
1398 3672 1551 3729 Alex.

727 3742 757 3783 δ
794 3745 889 3801 Ed.
923 3745 1179 3812 plerique,
1210 3741 1517 3812 Gratianus;
1544 3740 1696 3796 Colb.
1729 3758 1825 3809 m.,
1859 3742 2120 3799 Catienus.

728 3826 751 3853 ε
792 3813 999 3878 Casin.,
1020 3811 1214 3867 xxxvm
1237 3815 1372 3867 sicut
1390 3822 1441 3866 et
1463 3811 1720 3876 Bec.;sed
1740 3813 1990 3881 bicsupra
2015 3831 2101 3869 vni
2126 3817 2221 3871 ha-

653 3892 742 3949 bet
769 3895 852 3958 tE;
884 3895 1022 3949 unde
1050 3893 1278 3959 conjicio
1306 3893 1407 3961 legi
1448 3892 1645 3964 debere
1674 3903 1880 3962 septem,
1912 3906 2069 3964 atque
2091 3897 2217 3951 ulti-

651 3980 797 4021 mum
824 3966 842 4017 i
873 3965 1083 4019 incaute
1107 3965 1175 4018 ab
1217 3962 1528 4017 amanuensi
1559 3962 1718 4016 fuisse
1747 3962 2005 4018 additum.
2037 3966 2217 4023 Sancti

652 4031 859 4093 Gatiani
901 4034 1088 4095 festum
1125 4033 1421 4088 celebratur
1450 4049 1514 4086 xv
1544 4032 1658 4088 Kal.
1683 4032 1900 4090 .lannar.
1939 4035 2070 4104 Ejus
2092 4053 2217 4093 vero

650 4119 860 4175 sacrum
893 4119 1084 4173 corpus
1112 4118 1229 4158 cum
1273 4104 1403 4175 aliis;
1428 4116 1728 4175 sanctorum
1770 4105 2005 4175 reliquiis
2034 4122 2062 4158 a
2092 4108 2214 4161 Cal-

650 4174 874 4229 vinianis
889 4175 1147 4229 hmreticis
1163 4188 1249 4228 an.
1277 4173 1414 4229 1562
1428 4174 1764 4227 eombu~tum
1788 4173 1974 4228 est.—
1987 4176 2212 4231 Sanctus

648 4243 901 4299 Gatianus
924 4247 977 4298 in
1004 4246 1281 4298 cameterio
1308 4247 1404 4298 vici
1423 4245 1658 4313 sepultus
1679 4243 1891 4308 dicitur,
1922 4247 2058 4311 quod
2081 4247 2209 4301 olim

649 4315 913 4370 "exstitisse
954 4330 1018 4369 eo
1074 4315 1190 4368 loco
1234 4325 1477 4381 putatur,
1524 4314 1611 4367 ubi
1660 4323 1841 4381 postea
1884 4318 2107 4371 ecclesia
2158 4319 2208 4372 in

648 4381 815 4439 beatae
855 4385 1315 4458 Marizehonorem
1344 4395 1611 4458 exstructa
1641 4384 1764 4458 fuit,
1796 4400 1916 4455 qua:
1946 4386 2210 4458 hodieque

685 4435 1626 4523 arteriasue;‘tiiuio'i‘iugiiaa
1653 4435 2212 4513 ειιυίὦῖιὶῖιίέἐάῖιέὶέ
2243 4435 2293 4495 ί)

700 4525 825 4578 ariae
859 4525 1061 4580 Divitis.
1096 4524 1307 4579 Nullum
1349 4536 1523 4595 tamen
1548 4524 1620 4595 ibi
1650 4533 1893 4595 superest
1924 4529 2213 4595 sepultura:

646 4591 785 4666 beati
816 4595 1022 4666 Catiani
1055 4596 1352 4666 vestigium,
1377 4594 1517 4664 quod
1547 4594 1634 4666 ille
1653 4591 1797 4666 forte
1822 4591 2209 4666 paulo—postea,

648 4662 723 4734 uti
755 4663 886 4717 infra
915 4681 1056 4718 num.
1084 4665 1117 4717 5
1146 4662 1360 4729 dicitur,
1391 4662 1443 4717 in
1474 4662 1751 4718 ecclesiam
1786 4662 1954 4721 sancti
1989 4662 2211 4734 Lidorii,

646 4728 804 4807 fuerit
829 4745 1087 4807 a_sauc_to
1131 4728 1358 4807 Martino
1386 4735 1713 4807 translatus,
1739 4745 1897 4803 atque
1938 4736 2008 4791 ibi
2051 4728 2215 4807 prope

646 4800 821 4877 ipsum
867 4802 1136 4877 Lillorium
1178 4805 1469 4877 depositus.
1521 4804 1653 4858 Hinc
1686 4806 1773 4877 illa
1798 4800 2064 4875 ecclesia,
2094 4800 2213 4877 quas

646 4873 881 4929 omnium
914 4874 1059 4927 urbis
1086 4874 1455 4941 antiquissima
1493 4889 1613 4928 esse
1649 4876 1915 4941 creditur,
1952 4886 2005 4932 et
2033 4873 2213 4934 cathe-

647 4942 815 4999 dralis
852 4944 1005 4999 titulo
1034 4945 1270 5014 gaudet,
1305 4944 1425 4997 licet
1466 4944 1597 4999 alios
1642 4959 1891 5013 agnoscat
1941 4959 2208 5014 patronos,

645 5014 913 5086 praecipue
959 5012 1196 5068 sanctum
1219 5012 1573 5086 Mauricium,
1608 5012 1868 5086 hodieque
1898 5012 2072 5073 tamen
2113 5020 2214 5074 sub

644 5086 815 5141 sancti
841 5084 1047 5141 Gatiani
1091 5084 1304 5139 nomine
1346 5086 1521 5139 notior
1546 5097 1645 5139 est.

717 5154 745 5191 ά
784 5156 936 5210 Colb.
960 5170 1031 5209 m.
1056 5166 1110 5210 et
1140 5156 1293 5221 Bad.,
1326 5153 1589 5209 Littorius.
1616 5158 1762 5217 8ec..
1790 5168 1921 5222 etc.,
1955 5158 2209 5213 Lidorius.

644 5222 846 5296 Colitur
874 5228 961 5281 die
982 5224 1050 5280 l5
1075 5226 1349 5293 Septemb.
1378 5224 1507 5280 Vide
1553 5235 1660 5281 not.
1688 5228 1739 5281 in
1770 5227 1863 5281 lib.
1898 5244 1935 5291 ι,
1967 5245 2085 5296 cap.
2113 5233 2208 5284 ult.

720 5304 744 5369 ς
783 5295 985 5369 Casia”
1017 5298 1224 5369 triginta
1251 5307 1380 5351 octo.

722 5362 742 5402 τ
782 5364 932 5421 Colb.
962 5382 1034 5419 ιιι.
1066 5362 1121 5420 ἐι
1160 5367 1271 5438 Heg
1300 5411 1315 5435 ,
1345 5383 1479 5438 anno
1504 5383 1638 5421 nono
1673 5366 1899 5421 Valentis
1923 5369 2208 5438 epierpus.

647 5436 859 5506 Annus
879 5445 1096 5506 octavus
1140 5437 1489 5491 Valentiniani
1530 5438 1748 5506 incmpit
1808 5454 1992 5493 mense
2050 5436 2207 5494 Febr.

649 5504 771 5573 anni
790 5502 921 5573 57!,
951 5506 1015 5558 ad
1049 5522 1203 5573 quem
1231 5521 1297 5561 ex
1327 5507 1427 5562 hoc
1456 5510 1570 5562 loco
1601 5502 1893 5561 revocanda
1926 5522 2004 5562 est
2041 5511 2209 5564 sancti

649 5570 853 5645 Martini
881 5570 1178 5645 ordinatio,
1210 5578 1469 5643 siquidem
1502 5580 1616 5642 ejus
1654 5579 1939 5633 celebritas
1962 5579 2072 5645 jam
2111 5584 2211 5635 sub

648 5641 907 5707 Perpetuo
932 5644 1015 5699 die
1039 5644 1070 5695 5
1098 5644 1222 5698 Julii
1262 5641 1608 5699 recolebatitr.

717 5721 745 5771 Ι
782 5711 836 5780 Id
867 5714 1035 5791 ipsum
1068 5725 1246 5781 narrat
1270 5716 1499 5775 Severus
1529 5718 1578 5775 in
1608 5718 1725 5796 ejus
1755 5718 1887 5779 Vita.

2329 1863 2465 1931 apud
2497 1862 2882 1916 Condatensem
2929 1860 3102 1913 vicum
3146 1857 3293 1910 urbis
3318 1870 3426 1908 sum
3454 1897 3468 1916 ,
3511 1870 3657 1908 anno
3684 1864 3908 1921 octoge-

2328 1955 2463 2007 simo
2503 1953 2672 2021 primo
2716 1952 2905 2005 aetatis.
2954 1949 3025 2003 De
3066 1964 3172 2016 quo
3214 1954 3331 2003 véco
3361 1947 3573 2015 navigio
3619 1948 3859 2000 sublatus
3888 1986 3905 2007 ,

2329 2043 2554 2101 Turonis
2574 2050 2656 2096 est
2678 2042 2935 2109 sepultus,
2953 2039 3004 2093 in
3023 2039 3139 2093 loco
3162 2054 3265 2104 quo
3288 2052 3425 2092 nunc
3451 2038 3709 2091 adoratnr
3732 2036 3869 2107 [Βεο.
3886 2076 3904 2099 ,

2330 2130 2641 2203 adornatur]
2672 2131 2974 2199 sepulcrum
3016 2128 3133 2198 ejus
3159 2145 3173 2181 :
3202 2128 3268 2183 de
3297 2129 3447 2197 cujus
3492 2128 3599 2180 vita
3626 2137 3781 2181 tresa
3811 2128 3907 2181 Sc-

2334 2240 2458 2283 vero
2488 2224 2720 2292 Sulpicio
2746 2223 2908 2277 libros
2936 2221 3268 2289 conscriptos
3295 2220 3541 2289 legimus.
3565 2220 3672 2274 Sed
3695 2228 3747 2272 et
3770 2234 3904 2285 pra:-

2330 2315 2465 2370 seuti
2499 2326 2735 2384 tempore
2766 2313 2946 2367 multis
2989 2327 3049 2367 se
3077 2312 3355 2365 virtutibus
3386 2310 3648 2365 declarat.
3693 2310 3747 2362 In
3793 2326 3907 2361 mo-

2332 2408 2563 2461 nasterio
2594 2421 2717 2459 vero
2744 2405 2881 2475 quod
2929 2419 3069 2458 nunc
3098 2403 3264 2471 Majus
3302 2402 3314 2437 ί
3352 2402 3579 2465 dicitur,
3630 2402 3905 2457 basilicam

2331 2498 2383 2552 in
2417 2497 2670 2550 honorem
2718 2502 3019 2553 sanctorum
3066 2493 3427 2564 apostolorum
3476 2493 3615 2548 Petri
3657 2504 3710 2546 et
3754 2493 3907 2545 Pauli

2331 2589 2647 2644 mdilicavit:
2680 2588 2732 2641 in
2780 2587 2911 2640 vicis
2941 2601 3180 2655 quoque,
3215 2586 3265 2638 id
3310 2596 3392 2640 est
3435 2584 3791 2653 Aliugaviensi
3853 2584 3905 2647 i,

2332 2681 2710 2747 Solonacensi,
2762 2679 3120 2744 Ambaciensi,
3153 2679 3544 2748 Cisornagensi,
3592 2678 3907 2731 Tornoma-

2330 2778 2501 2848 gensi,
2533 2775 2876 2839 Condatensi,
2906 2773 3191 2831 destructis
3218 2774 3474 2835 delubris,
3512 2772 3906 2841 baptilatisque

2329 2867 2641 2939 gentilibus,
2692 2864 2948 2921 ecclesias
2977 2864 3278 2917 :edilicavit.
3318 2865 3468 2921 Sedit
3510 2874 3688 2920 autem
3735 2881 3905 2921 annos

2330 2960 2511 3029 viginti
2536 2974 2653 3022 sex,
2679 2970 2888 3011 menses
2913 2965 3139 3023 quatuor
3167 2954 3214 3016 ι,
3236 2957 3348 3010 dies
3378 2957 3561 3027 viginti
3594 2966 3822 3027 septem,
3853 2968 3905 3012 et

2331 3044 2558 3107 cessavit
2598 3050 2936 3117 episcopatus
2972 3046 3085 3101 dies
3132 3048 3334 3118 viginti.

2253 3144 2299 3207 ο
2401 3140 2454 3193 4.
2496 3139 2758 3206 Quartus,
2813 3138 3049 3191 Briccius
3078 3137 3353 3191 ordinatur
3405 3140 3721 3208 episcopus,
3768 3156 3907 3193 anno

2328 3230 2541 3288 Arcadii
2570 3240 2624 3286 et
2651 3230 2868 3284 Honorii
2901 3228 3169 3295 secundo,
3201 3244 3321 3284 cum
3364 3230 3567 3299 pariter
3596 3241 3903 3299 regnarent.

2328 3322 2449 3377 Fuit
2492 3333 2666 3375 autem
2715 3321 2848 3374 civis
2901 3319 3240 3383 Turonicus,
3290 3320 3373 3373 cui
3428 3320 3701 3391 trigesimo
3748 3326 3903 3376 tertio

2328 3414 2489 3487 529
2516 3413 2855 3483 episcopatus
2894 3429 3053 3480 anno,
3082 3416 3281 3469 crimen
3331 3415 3577 3471 adulterii
3615 3423 3700 3470 est
3728 3416 3903 3485 impa-

2327 3512 2471 3558 ctum
2502 3521 2531 3557 a
2560 3504 2760 3559 civibus
2801 3503 3080 3559 Turonicis
3108 3522 3119 3557 :
3147 3516 3474 3574 expulsoque
3510 3520 3607 3572 eo,
3647 3506 3902 3563 Iustinia-

2397 3681 2424 3720 ιι
2465 3684 2909 3745 l’riscillianislas,
2958 3684 3191 3749 scilicet,
3240 3700 3371 3752 quos
3418 3684 3699 3747 Maximus.
3745 3687 3901 3741 insti-

2325 3763 2483 3823 gante
2512 3755 2713 3809 lthacio
2739 3754 3012 3823 episcopo.
3033 3754 3266 3824 jusserat
3294 3755 3469 3821 gladio
3494 3756 3852 3811 animadverti
3884 3777 3895 3809 :

2326 3840 2447 3891 quae
2477 3840 2562 3879 res
2586 3826 2849 3879 maximas
2890 3827 2939 3876 in
2974 3826 3212 3879 Ecclesia
3245 3826 3425 3879 turbas
3446 3827 3722 3880 excitavit.
3769 3828 3900 3881 Vule

2328 3894 2602 3965 Dialogum
2630 3896 2664 3950 5
2694 3894 2878 3951 Severi
2907 3896 3143 3963 Sulpicii,
3174 3896 3337 3964 quiet
3364 3894 3603 3965 ejusdem
3626 3896 3899 3952 haereseos

2321 3974 2495 4035 ortum
2527 3978 2582 4019 et
2627 3980 2964 4032 progressum
3002 3966 3167 4020 fusius
3206 3966 3489 4035 descripsit
3516 3967 3615 4021 sub
3648 3969 3815 4022 linem
3843 3970 3899 4022 li-

2322 4034 2401 4087 bri
2445 4051 2478 4088 u
2510 4036 2754 4089 Historiae
2785 4050 2968 4089 sacrm.

2398 4104 2413 4141 ί
2463 4106 2535 4160 De
2568 4106 2780 4170 Maioris
2825 4105 3126 4159 Monasterii
3159 4106 3363 4174 origine
3383 4147 3399 4171 ,
3431 4113 3485 4159 et
3512 4106 3896 4159 monachorum

2321 4175 2392 4228 ibi
2422 4176 2723 4244 degentium
2757 4176 3089 4230 sanctissima
3123 4178 3226 4229 vita
3248 4219 3260 4237 .
3297 4176 3444 4243 plura
3475 4176 3631 4228 habet
3660 4177 3896 4233 Severus

2321 4246 2587 4313 Sulpicius
2615 4247 2666 4299 in
2700 4246 2813 4297 Vita
2844 4247 3009 4299 sancti
3038 4244 3267 4300 Martini.
3295 4249 3545 4313 Superest
3564 4247 3727 4299 etiam
3760 4263 3896 4300 nunc

2317 4316 2529 4369 celebre
2558 4316 2733 4369 ordini
2760 4317 3100 4370 Benedictino
3122 4316 3390 4369 addictum
3412 4318 3509 4371 Sub
3530 4318 3703 4371 sancti
3728 4318 3893 4372 Mauri

2316 4387 2741 4454 congregatione.

2392 4457 2405 4505 i
2458 4456 2755 4524 Alingavia,
2780 4457 2926 4511 vicus
2953 4470 3089 4509 nunc
3114 4455 3246 4509 intra
3274 4455 3420 4509 urbis
3449 4470 3627 4506 nmros
3654 4456 3893 4513 inclusus

2317 4526 2381 4577 ad
2409 4526 2662 4594 Ligerim,
2684 4527 2876 4579 dicitur
2894 4528 3051 4579 etiam
3078 4526 3411 4593 Langesium.
3437 4526 3589 4593 vulgo
3604 4524 3889 4596 Languit,

2315 4596 2401 4649 ubi
2437 4597 2670 4649 habitum
2699 4606 2781 4650 est
2807 4596 3089 4649 concilium
3122 4612 3263 4649 anno
3288 4596 3443 4658 1270,
3472 4599 3569 4648 sub
3593 4595 3807 4652 Joanne
3836 4603 3892 4651 de

2315 4664 2625 4720 Monsontm.
2657 4667 2969 4719 Salouacum
2993 4678 3095 4730 est,
3127 4676 3175 4720 ut
3212 4676 3357 4732 putat
3386 4665 3647 4737 Vaile~ius,
3678 4667 3888 4737 Sonnay

2312 4749 2405 4789 seu
2439 4737 2644 4796 Sonné.
2677 4739 2814 4791 inter
2840 4738 3026 4789 lluvios
3058 4738 3314 4791 Andriam
3342 4746 3392 4788 et
3432 4736 3664 4789 Clasiam
3697 4742 3889 4804 pariter

2314 4816 2365 4857 et
2392 4810 2554 4860 silvas
2584 4808 2748 4872 duas,
2781 4823 2883 4860 non
2917 4808 3099 4871 procul
3148 4808 3212 4859 ah
3242 4806 3680 4860 Insula-Savarici
3711 4820 3768 4861 et
3798 4812 3888 4866 Ca-

2313 4878 2560 4930 stellione
2582 4880 2645 4928 ad
2684 4876 2956 4929 Andriam.
3006 4878 3097 4929 Est
3126 4886 3302 4930 tamen
3333 4878 3469 4928 alius
3499 4877 3616 4927 huic
3651 4879 3773 4931 vico
3810 4896 3888 4934 co-

2313 4948 2577 5013 gnominis
2607 4956 2743 5001 inter
2772 4948 2955 5003 silvam
2997 4958 3051 4998 et
3082 4948 3369 5000 Castellum
3406 4946 3683 5013 Reginaldi
3731 4951 3883 5004 situs.

2316 5017 2602 5090 Marullius‘
2618 5016 2991 5090 Villalupcthis
3020 5018 3182 5090 abbas
3216 5018 3263 5069 in
3295 5017 3530 5090 editione
3560 5017 3765 5090 Gallica
3800 5037 3887 5090 pu-

2314 5096 2386 5139 tat
2414 5101 2534 5139 esse
2566 5086 2739 5155 Sully,
2770 5098 2860 5141 aut
2900 5087 3095 5157 Sougé.
3130 5087 3201 5141 De
3229 5088 3546 5140 Ambaciaco
3577 5088 3781 5142 dictum
3800 5086 3885 5144 est

2312 5173 2470 5220 SUpra
2504 5159 2591 5207 lib.
2621 5173 2676 5221 tt,
2709 5174 2829 5225 cap.
2861 5155 2949 5209 55.
2983 5155 3316 5225 Ctsomagum
3347 5157 3586 5211 Marullio
3613 5172 3695 5211 (εει
3727 5158 3887 5212 Char-

2314 5229 2458 5295 m‘say
2493 5229 2629 5279 inter
2660 5227 2844 5279 silvam
2871 5238 2922 5281 et
2958 5227 3187 5280 Clasiam
3216 5242 3454 5287 amnem,
3497 5238 3587 5279 aut
3614 5239 3766 5283 certe
3810 5232 3887 5285 Ci-

2313 5300 2526 5367 congné.
2558 5301 2623 5348 At
2650 5299 2861 5360 melius,
2895 5308 2948 5350 ut
2975 5299 3186 5367 quidem
3223 5298 3433 5351 Valesio
3463 5298 3705 5359 videtur.
3750 5300 3885 5355 blu-

2315 5366 2423 5421 nus
2444 5370 2493 5419 iu
2523 5367 2749 5420 Historia
2783 5380 3010 5435 metrup.
3038 5366 3385 5428 Turonensis,
3427 5378 3577 5433 putat
3603 5384 3723 5422 esse
3749 5370 3885 5424 Citii-
3936 5416 3939 5419 .

2311 5453 2452 5499 seau,
2477 5438 2650 5490 vicum
2685 5436 2750 5491 ad
2776 5436 2966 5491 Carem
3011 5437 3247 5501 ﬂuvium,
3283 5437 3420 5490 haud
3451 5439 3630 5504 procul
3658 5454 3686 5489 a
3712 5440 3884 5495 Monte

2313 5505 2994 5577 Tricardi.rTurnomagns
3042 5508 3196 5576 vulgo
3255 5506 3494 5561 Tournau
3546 5508 3613 5561 ad
3662 5508 3877 5566 Crosatu

2314 5577 2557 5630 llnvium.
2594 5576 2666 5629 De
2691 5577 2927 5631 Condatc
2954 5578 3043 5629 lib.
3072 5593 3110 5639 l,
3153 5593 3271 5642 cap.
3300 5578 3389 5632 45.

2387 5645 2411 5682 κ
2451 5647 2581 5699 Cod.
2626 5649 2779 5712 lleg.,
2808 5664 2995 5700 menses
3025 5658 3144 5708 tres,
3187 5648 3294 5701 dies
3323 5648 3696 5714 septemdecim.
3732 5650 3875 5713 800.,

2315 5718 2462 5775 Colb.
2496 5732 2563 5769 m.
2607 5729 2653 5769 et
2694 5719 2843 5784 κίκι,
2876 5733 3069 5771 menses
3095 5729 3334 5789 quatuor,
3370 5720 3471 5772 dies
3503 5724 3873 5786 septemdecim.
