4020 6194
134 284 225 341 565

1038 280 1353 335 HISTORIA
1396 277 1843 333 FRANCORUM.
1888 280 2087 334 LIBER
2131 281 2448 336 DECIMUS.

3276 281 3379 336 566

134 416 243 455 num
266 396 580 468 episcopum
613 395 989 450 ordinaverunt
1015 414 1024 447 :
1060 396 1294 450 Briccius
1324 409 1455 449 vero
1484 396 1685 463 episco-
1721 396 1772 453 Α
1796 394 2078 461 episcopus
2105 395 2455 449 mdiﬁcaverat
2480 409 2639 464 super
2661 405 2901 450 sanctum
2930 396 3226 465 Martinam,
3250 398 3381 451 aedi~

136 507 218 560 pus
238 500 263 527 ·
283 491 345 542 ad
376 505 574 558 papam
598 488 748 543 Urbis
776 487 973 556 dirigit.
1004 486 1337 542 Justinianus
1367 497 1544 541 autem
1576 498 1694 555 post

135 600 238 639 eum
266 582 470 647 abiens,
502 579 642 648 apud
683 581 867 634 urbem
904 578 1293 632 Vercellensem
1334 577 1485 633 obiit.
1522 578 1693 631 Turo-

139 674 225 729 nici
251 688 428 727 verum
461 673 657 726 iterum
705 670 1086 738 malignantes,
1130 669 1464 723 Armentium
1496 678 1697 723 statue-

141 774 259 819 runt.
292 762 533 821 Briccius
562 776 689 816 vero
728 771 930 830 septem
966 760 1107 827 apud
1139 774 1327 828 papam
1358 759 1515 814 Urbis
1544 760 1698 814 annis

141 857 328 926 degens,
363 855 597 908 idoneus
640 855 885 908 inventus
913 867 941 905 a
967 853 1216 916 crimine,
1248 851 1313 905 ad
1342 852 1527 905 urbem
1549 867 1697 905 suam

144 948 289 1002 redire
312 945 496 1014 jussus
526 954 631 998 est.
666 944 763 998 Hic
801 943 1085 997 aediﬁcavit
1118 943 1392 998 basilicam
1424 942 1697 1012 parvulam

144 1054 278 1105 super
314 1052 511 1104 corpus
545 1035 686 1091 beati
716 1036 955 1101 Martini,
991 1034 1041 1089 in
1088 1051 1190 1104 qua
1220 1046 1273 1090 et
1306 1036 1419 1104 ipse
1461 1037 1700 1103 sepultus

143 1140 224 1186 est.
258 1130 492 1197 Cumque
547 1144 755 1198 portam
808 1128 1203 1195 ingrederetur,
1256 1128 1568 1182 Armentius
1607 1143 1703 1196 per

145 1222 278 1274 aliam
308 1232 512 1289 portam
549 1230 792 1273 mortuus
836 1218 1180 1283 efferebatur,
1214 1235 1320 1288 quo
1347 1220 1583 1287 sepulto,
1616 1233 1703 1272 ca-

146 1311 357 1364 thedram
387 1326 541 1363 suam
571 1310 792 1379 recepit.
823 1309 974 1363 Hunc
1006 1308 1178 1363 ferunt
1208 1310 1499 1363 instituisse
1527 1309 1701 1363 eccle-

146 1404 235 1457 sias
271 1419 356 1469 per
380 1406 561 1465 vicos,
599 1401 650 1454 id
680 1409 790 1467 est,
821 1401 1168 1455 Catalonnum
1197 1398 1245 1464 δ,
1280 1400 1516 1453 Briccam
1539 1442 1555 1468 ,
1599 1399 1703 1452 ιιυ-

147 1500 406 1561 totnagum,
438 1490 829 1558 Briotreidem,
861 1490 1187 1553 Cainonem;
1234 1490 1551 1558 fueruntque
1589 1505 1702 1542 om-

151 1595 227 1635 nes
292 1582 411 1634 anni
470 1580 818 1648 episcopatus
893 1578 1009 1648 ejus
1067 1579 1415 1648 quadraginta
1474 1590 1698 1647 septem.

150 1672 396 1742 Obiitque,
446 1683 502 1726 et
550 1672 792 1738 sepultus
836 1680 919 1726 est
965 1669 1017 1725 in
1049 1672 1308 1736 basilica,
1348 1688 1506 1742 quam
1545 1686 1707 1742 super

152 1776 359 1820 sanctum
402 1766 695 1819 Martinum
727 1764 1027 1818 aediﬁcavit.

206 1858 252 1910 5.
285 1858 507 1922 Quintus
560 1854 880 1910 Enstochius
928 1856 1204 1909 ordinatur
1255 1856 1573 1925 episcopus,
1629 1856 1710 1908 vir

152 1956 335 2002 sanctus
376 1960 427 2004 et
459 1949 657 2003 timens
690 1949 873 2012 Deum,
906 1963 970 2002 ex
1008 1964 1203 2017 genure
1240 1949 1528 2003 senatorio.
1558 1948 1708 2005 Hunc

152 2038 611 2093 leruutinstituisse
641 2039 897 2094 ecclesias
922 2053 1015 2107 per
1042 2039 1207 2106 vicos,
1262 2040 1435 2095 Brixis
1480 2049 1526 2104 ο,
1576 2040 1710 2095 lcio-

157 2128 333 2197 durum,
367 2130 593 2195 Luccas,
643 2131 825 2184 Dolus.
877 2129 1184 2184 IEdiﬁcavit
1222 2132 1383 2185 etiam
1425 2131 1707 2187 ecclesiam

155 2222 263 2275 intra
287 2239 460 2278 muros
480 2223 741 2285 civitatis,
769 2224 821 2277 in
850 2239 951 2292 qua
976 2223 1227 2292 reliquias
1252 2236 1553 2277 sanctorum
1576 2223 1708 2278 Ger-

157 2318 260 2372 vasii
280 2329 328 2373 et
357 2320 582 2373 Prmasii
609 2319 860 2388 martyris
881 2317 1139 2383 condidit,
1165 2332 1281 2387 quae
1310 2326 1499 2372 sancto
1528 2318 1707 2372 Marti-

156 2403 251 2459 ιιοδ
275 2409 336 2464 de
365 2410 509 2464 Italia
542 2419 671 2464 sunt
706 2410 931 2475 delatas,
966 2410 1103 2463 sicut
1130 2419 1343 2463 sanctus
1376 2408 1625 2463 Paulinus
1651 2410 1705 2464 in

158 2498 344 2567 epistola
371 2517 463 2555 sua
494 2501 763 2555 meminit.
792 2500 939 2553 Sedit
974 2509 1148 2554 autem
1179 2514 1347 2554 annos
1402 2500 1705 2569 septemde-

158 2592 258 2646 cim.
288 2594 348 2648 Et
374 2597 618 2665 sepultus
647 2606 729 2649 est
758 2595 808 2648 in
846 2594 1057 2648 basilica
1079 2638 1091 2657 ,
1124 2610 1280 2665 quam
1322 2595 1560 2651 Briccius
1590 2597 1703 2667 epi-

159 2697 318 2753 scopus
342 2703 503 2758 super
532 2699 778 2742 sanctum
814 2688 1095 2741 Mar'inttm
1125 2695 1394 2742 struxerat
1412 2696 1457 2740 ·.

213 2775 352 2847 530
375 2778 427 2832 6.
469 2780 672 2835 Sestus
700 2778 974 2832 «.rtlinatur
998 2778 1305 2848 Perpetuus,
1334 2777 1401 2833 de
1428 2792 1624 2847 genere
1654 2786 1707 2832 et

160 2867 281 2936 ipse,
311 2883 361 2925 ut
404 2875 574 2939 aiunt,
630 2875 934 2939 senatorio,
968 2883 1019 2926 et
1049 2872 1373 2941 propinquus
1411 2871 1707 2929 decessoris

162 2961 255 3024 sui,
279 2964 422 3019 dives
448 2965 604 3020 valde
626 3006 641 3026 ,
670 2974 723 3018 et
751 2981 842 3032 per
874 2964 1066 3017 multas
1090 2964 1332 3019 civitates
1363 2964 1563 3018 habens
1588 2978 1707 3031 pos-

163 3055 405 3112 sessiones.
440 3058 556 3123 ilic,
589 3057 834 3112 submota
869 3057 1082 3111 basilica
1112 3072 1268 3126 quam
1291 3054 1436 3127 prius
1468 3056 1706 3111 Briccius

1737 1759 1783 1818 B

1802 486 1975 541 ﬁcavit
2004 488 2162 540 aliam
2193 488 2504 555 ampliorem
2535 492 2670 541 miro
2694 502 2857 557 opere
2881 485 2921 541 τ.
2947 489 3005 542 ln
3029 488 3181 557 cujus
3200 490 3379 543 absida

1799 579 2011 633 beatum
2053 594 2247 648 corpus
2294 580 2459 647 ipsius
2502 580 2820 635 venerabilis
2868 582 3038 635 sancti
3088 583 3378 639 transtulit.

1802 669 1897 723 llic
1924 670 2149 722 instituit
2170 669 2407 738 jo-junia,
2438 670 2746 739 vigiliasque
2769 713 2782 733 ,
2816 670 3043 736 qualiter
3080 686 3177 739 per
3213 674 3385 727 circn-

1801 761 1904 814 lum
1934 762 2055 815 anni
2084 764 2521 825 observarentur,
2544 762 2686 831 quod
2716 761 2981 831 hodieque
3011 762 3148 831 apud
3178 777 3273 817 nos
3308 775 3384 817 te-

1803 864 1957 909 netur
1987 855 2266 923 scriptum,
2298 868 2521 922 quorum
2552 853 2685 907 ordo
2714 853 2799 908 hic
2828 863 2929 909 est.

2434 963 2508 1016 De
2519 965 2754 1034 jejuniis.

1875 1075 2003 1129 Post
2032 1073 2533 1144 Quinquagesimam
2555 1084 2579 1120 ε
2608 1085 2792 1144 quarta
2817 1085 2869 1130 et
2890 1085 3037 1131 sexta
3064 1077 3192 1132 feria
3225 1096 3389 1149 usque

1804 1168 1983 1222 natale
2013 1168 2182 1221 sancti
2215 1167 2453 1222 Joannis.
2490 1168 2564 1222 De
2590 1167 2831 1224 kalendis
2862 1170 3192 1240 Septembris
3224 1189 3388 1243 usque

1806 1259 2334 1331 kalendasOctubris
2366 1260 2487 1314 bina
2521 1264 2571 1313 in
2610 1263 2903 1331 septimana
2929 1264 3153 1332 jejunia.
3197 1267 3268 1321 De
3294 1266 3388 1319 ka-

1807 1351 1977 1406 lendis
2019 1352 2275 1405 Octobris
2319 1366 2486 1420 usque
2525 1351 2913 1418 (lt-positionem
2954 1354 3131 1409 domni
3183 1356 3389 1411 Martini

1806 1445 1924 1497 bina
1950 1446 2003 1495 in
2033 1442 2325 1511 septimana
2354 1442 2576 1511 jejunia.
2598 1442 2679 1496 Ab
2698 1445 3030 1511 depositione
3056 1446 3233 1500 domui
3253 1447 3389 1502 Mar-

1808 1533 1901 1586 tini
1934 1546 2099 1601 usque
2127 1532 2312 1586 Natale
2344 1532 2547 1585 Domini
2591 1544 2739 1588 terna
2769 1535 2819 1587 in
2848 1536 3141 1603 septimana
3168 1538 3387 1605 jejunia.

1806 1624 1883 1677 De
1911 1622 2071 1677 natali
2112 1623 2282 1676 sancti
2335 1622 2516 1677 Hilarii
2565 1639 2733 1693 usque
2765 1625 2997 1681 medium
3042 1626 3388 1684 Februarium

1814 1716 1936 1770 bina
1972 1716 2023 1769 in
2055 1717 2352 1785 septimana
2378 1715 2600 1785 jejunia.

2447 1832 2522 1886 De
2555 1834 2757 1904 vigiliis.

1881 1942 2051 1997 Natali
2086 1944 2290 1998 Domini
2320 1944 2370 1997 in
2399 1944 2622 1999 ecclesia
2653 1946 2693 1998 ί.
2729 1947 3037 2017 Epiphania,
3064 1948 3115 2003 in
3142 1951 3381 2007 ecclesia.

1808 2036 1975 2091 Natali
1992 2035 2481 2099 sanctiJoannis,ad
2494 2036 2761 2090 basilicam
2774 2037 2951 2093 dontni
2971 2040 3197 2096 Martini.
3214 2032 3385 2098 Natati

1807 2131 1974 2184 sancti
2002 2129 2142 2183 Petri
2172 2128 2537 2198 episcopatusi
2555 2171 2568 2194 ,
2594 2129 2657 2182 ad
2701 2130 2855 2201 531
2892 2131 3056 2199 ipsius
3086 2134 3379 2190 basilicam.

1807 2223 1970 2279 Sexto
1998 2221 2313 2296 [al.quinto]
2338 2222 2590 2278 kalendas
2615 2225 2810 2293 Aprilis
2840 2225 3248 2284 Resurrectione
3278 2231 3384 2285 Do-

1808 2315 1938 2369 mini
1970 2317 2140 2369 nostri
2163 2314 2287 2370 Jesu
2318 2314 2538 2379 Christi,
2569 2316 2632 2369 ad
2658 2317 2927 2371 basilicam
2951 2318 3131 2375 domui
3155 2322 3385 2377 Martini.

1809 2407 2031 2473 Pascha,
2056 2405 2147 2461 in"
2174 2407 2421 2463 ecclesia.
2454 2408 2547 2462 Die
2568 2406 2934 2473 Ascensionis,
2968 2409 3018 2464 in
3049 2409 3264 2466 basilica
3287 2413 3387 2467 do-

1811 2500 1917 2555 mni
1947 2499 2174 2554 Martini.
2220 2499 2316 2554 Die
2357 2500 2861 2570 quinquagesimol,
2894 2502 2945 2555 in
2976 2504 3227 2559 ecclesia.
3259 2504 3386 2560 Pas-

1808 2594 1959 2648 sione
1995 2593 2162 2648 sancti
2186 2592 2405 2648 Joannis
2435 2602 2496 2656 σι,
2538 2593 2604 2647 ad
2636 2592 2931 2661 basilicam,
2973 2594 3027 2648 in
3057 2595 3387 2665 baptisteria.

1808 2681 1977 2737 Natali
2004 2692 2308 2738 sanctorum
2335 2684 2694 2749 apostolorum
2722 2683 2861 2737 Petri
2891 2692 2945 2737 et
2967 2684 3136 2750 Pauli,
3164 2686 3229 2739 ad
3252 2686 3385 2754 ipso

1809 2793 1925 2832 rum
1965 2776 2255 2830 basilicam.
2301 2774 2469 2828 Natali
2508 2775 2674 2828 sancti
2707 2774 3026 2839 Martini,ad
3057 2776 3170 2845 ejus
3212 2778 3385 2833 basili-

1810 2882 1947 2923 cam.
1975 2866 2146 2921 Natali
2177 2866 2344 2921 sancti
2387 2858 2780 2935 Symplioriani,
2813 2867 2879 2920 ad
2909 2867 3177 2922 basilicam
3207 2868 3387 2925 domui

1813 2959 2041 3015 Martini.
2068 2958 2235 3013 Natali
2260 2957 2428 3011 sancti
2458 2956 2661 3022 Litorii,
2686 2957 2750 3010 ad
2770 2957 2885 3025 ejus
2900 2956 3190 3013 basilicam.
3221 2960 3386 3016 Item.n

1811 3050 1993 3105 Natale
2021 3049 2189 3105 sancti
2219 3049 2449 3117 Martini,
2473 3047 2537 3102 ad
2565 3047 2679 3117 ejus
2701 3048 2994 3103 basilicam.
3020 3048 3189 3106 Natali
3218 3054 3387 3108 sancti

219 3175 238 3237 ξ
270 3166 349 3221 Sic
372 3167 487 3222 cod.
524 3168 757 3236 Regius;
790 3168 874 3222 alii
910 3166 1140 3221 Briccius
1171 3184 1284 3225 vero
1318 3183 1370 3221 se
1402 3167 1470 3220 ad
1500 3181 1703 3237 papam.
1732 3150 1779 3214 Ο
1811 3163 2204 3237 Protasiiinlra
2250 3178 2431 3219 muros
2460 3164 2605 3217 urbis
2634 3164 2904 3221 exstitisse
2943 3165 3137 3220 dicitur
3170 3167 3389 3223 inferius

166 3230 272 3313 Vnide
286 3248 436 3313 notas
465 3239 516 3291 in
539 3230 646 3313 lib.
686 3230 752 3303 tt,
778 3254 895 3309 cap.
936 3239 983 3292 1.
1014 3238 1227 3293 Festum
1264 3238 1381 3308 ejus
1409 3230 1709 3294 celebratur

168 3302 230 3355 die
259 3307 313 3360 l5
339 3307 674 3363 Novembris.

219 3374 240 3413 δ
270 3379 640 3443 Calatonnum,
682 3377 836 3432 Colb.
875 3394 947 3432 m.
981 3387 1035 3432 et
1069 3377 1169 3433 Ch.
1213 3380 1318 3443 al.,
1348 3379 1705 3435 Calolonnum.

166 3442 473 3523 llunejlocnm
503 3442 636 3503 esse
662 3448 1147 3523 Calvum-Montem
1168 3489 1184 3513 ,
1215 3442 1370 3523 Vulgo
1397 3449 1706 3523 Chaumont,

166 3516 203 3583 in
225 3516 395 3573 ﬁnibus
421 3521 708 3574 Turonum
741 3529 794 3573 et
824 3521 1175 3583 Bleseusium,
1219 3516 1487 3575 existimat
1515 3516 1708 3575 Marolé

166 3581 406 3660 litts,qund
427 3605 455 3643 a
494 3590 717 3644 Valesio
746 3591 1095 3660 improbatur,
1126 3581 1211 3656 qui
1245 3594 1418 3659 potius
1458 3605 1576 3645 esse
1605 3608 1712 3660 pu-

167 3662 226 3727 tat
250 3659 414 3724 Clion,
444 3663 507 3715 ad
554 3660 806 3715 Andriam
841 3663 975 3715 inter
1006 3659 1352 3727 Paludellum,
1397 3659 1622 3724 Paluau,
1654 3671 1711 3718 et

169 3725 535 3787 Gastellionem.
584 3731 765 3785 Bricca
812 3747 876 3784 an
912 3730 1050 3800 Bray
1088 3739 1177 3784 attt
1206 3728 1306 3785 Bré
1335 3725 1403 3785 ad
1446 3732 1710 3799 Angerem

172 3809 244 3870 s_ett
270 3800 504 3857 Andriam
550 3801 806 3856 ﬂuvium?
836 3801 931 3856 Est
973 3816 1180 3870 quoque
1220 3801 1367 3855 locus
1398 3803 1450 3855 iu
1480 3802 1713 3857 conﬁnio

174 3864 405 3941 Turonum
433 3882 488 3928 et
516 3872 952 3941 Andegavortun,
985 3864 1158 3925 dictus
1179 3871 1337 3941 vulgo
1359 3870 1576 3927 Bréche.
1604 3873 1712 3927 Ro-

177 3935 442 4011 tltttmagum
472 3935 745 3997 Marollius
774 3935 974 4009 putavit
999 3957 1118 3995 esse
1147 3935 1319 3995 vicum
1347 3982 1361 4001 .
1401 3943 1487 3997 cui
1519 3958 1711 3999 nomen

174 4005 213 4057 la
229 4005 369 4076 Roué‘,
391 4023 478 4068 aut
500 4005 1239 4069 Saint-Ant'oine-du-liocher.
1263 4014 1331 4066 At
1358 4014 1574 4067 Maanus
1600 4032 1714 4068 tua-

175 4078 262 4151 vult
287 4082 611 4149 interpretari
642 4083 709 4136 de
742 4081 926 4147 ﬂuam,
951 4083 1039 4151 qui
1072 4082 1219 4137 locus
1248 4092 1329 4137 est
1359 4082 1498 4138 haud
1531 4084 1714 4147 procul

174 4159 196 4197 ε
220 4148 619 4208 Monte-[Samnis
646 4154 803 4218 situs,
824 4148 981 4220 vulgo
1000 4154 1170 4206 dictus
1199 4154 1243 4206 le
1276 4152 1408 4206 Pont
1438 4157 1499 4209 de
1522 4154 1713 4218 Ruam,

175 4228 204 4294 ξ
220 4232 355 4294 ponte
380 4225 467 4293 qui
498 4224 573 4279 ibi
598 4224 813 4278 Andria:
844 4223 1087 4291 (l’lndre)
1113 4223 1272 4277 ﬂuvio
1316 4223 1589 4294 impositus
1612 4235 1713 4280 est.

180 4284 449 4358 Briotreid'is
471 4296 716 4350 Marullio
738 4308 817 4348 est
840 4284 1109 4358 Autréche,
1131 4295 1298 4348 tribus
1317 4284 1481 4349 leu'cis
1500 4295 1564 4348 ad
1591 4300 1715 4349 Am-

177 4356 297 4439 bacia
336 4364 554 4439 distans.
592 4365 811 4439 Maanus
839 4374 985 4439 putat
1020 4356 1141 4439 esse
1172 4363 1361 4426 Bresis,
1394 4376 1627 4420 castrum
1660 4366 1714 4420 in

177 4433 311 4505 gestis
332 4433 664 4490 dominorum
697 4435 1125 4490 Ambaciensium
1160 4446 1529 4505 memoratum,
1556 4439 1716 4505 vulgo

179 4493 451 4590 {abutimur
472 4508 715 4590 Valesius
737 4506 1011 4590 contendit
1040 4519 1159 4590 esse
1190 4504 1237 4556 le
1261 4505 1477 4559 Briduré
1505 4493 1577 4590 ad
1600 4493 1712 4561 Αἶι-
1746 4534 1790 4590 D

178 4566 334 4647 driani.
368 4575 750 4647 Caino,rvulgo
781 4575 977 4629 Clinton
1003 4577 1070 4630 ad
1103 4576 1427 4645 Vingeuuam
1452 4615 1470 4642 ,
1499 4578 1568 4632 de
1608 4593 1715 4647 quo

180 4642 263 4703 tatu
281 4642 492 4699 diximus
517 4646 670 4700 alias.

239 4719 255 4745 ε
285 4710 449 4787 _Brixis
480 4717 691 4771 Valesio
716 4724 799 4770 est
829 4714 1028 4787 Brisny,
1060 4717 1125 4770 de
1146 4733 1249 4787 quo
1279 4715 1331 4769 in
1356 4727 1476 4769 nota
1511 4733 1711 4783 prazce-

180 4776 315 4854 άθιιιξ.
350 4786 665 4852 lciudorutn,
699 4794 755 4839 ut
784 4788 890 4854 jam
937 4776 1175 4840 diximus
1204 4786 1337 4841 lihro
1367 4803 1441 4850 vr,
1471 4776 1588 4853 cap.
1624 4792 1714 4854 12,

182 4859 245 4898 est
270 4849 448 4921 lseure,
478 4862 530 4912 in
570 4849 763 4910 ﬁnibus
785 4849 1058 4911 Turonum
1088 4868 1143 4913 et
1176 4849 1472 4914 Pictonum.
1508 4849 1714 4923 buccae,

183 4927 276 4994 ξεί).
303 4935 353 4976 ut
372 4926 564 4983 habent
590 4928 744 4981 Colb.
782 4944 855 4981 m.
885 4937 940 4982 et
973 4929 1096 4983 Bec.
1117 4970 1131 4993 ,
1163 4927 1340 4994 Lucae,
1382 4938 1475 4981 aut
1504 4938 1559 4981 tit
1587 4930 1718 4984 alias

184 4982 313 5068 ιιδδει
351 4982 629 5068 Geganius.
665 4997 867 5063 Locize,
900 4982 1054 5065 vulgo
1094 4982 1340 5061 Laches:
1362 4999 1425 5050 ad
1460 4982 1713 5053 Andriam

184 5064 510 5138 Seu_Attgerim
543 5066 786 5138 (l‘lndre)
818 5069 962 5123 locus
990 5064 1237 5135 Celebris,
1269 5068 1355 5121 tibi
1388 5071 1572 5124 beatus
1613 5072 1715 5123 Se-

187 5129 297 5195 nocb
337 5129 704 5195 monasterium
745 5129 1015 5192 excitavit.
1071 5129 1235 5194 Dolus
1275 5156 1465 5193 nomen
1506 5152 1587 5195 est
1618 5140 1716 5194 vici

188 5192 299 5271 haud
328 5192 503 5271 procul
522 5192 810 5264 abAndria
835 5210 993 5261 ﬂuvio
1016 5208 1121 5263 siti.

243 5268 265 5303 ⁴¹
297 5268 373 5329 Sic
403 5280 518 5335 Bec.
543 5280 644 5333 Alii
674 5297 705 5331 a
731 5280 794 5333 8.
829 5279 1076 5343 Martino,
1104 5281 1200 5335 sed
1225 5282 1497 5335 mendose.
1523 5280 1720 5335 Confer

188 5347 316 5417 ff‘lml
337 5348 395 5399 47
426 5351 513 5404 lib.
549 5367 562 5402 I
592 5352 658 5403 de
688 5350 864 5403 Gloria
897 5352 1048 5403 Mart.
1080 5350 1140 5404 Et
1173 5355 1385 5417 quidem
1415 5363 1717 5404 sanctorum

192 5406 463 5489 benasiiget
487 5421 713 5475 Protasii
744 5421 996 5489 reliquias
1025 5406 1226 5476 invenit
1254 5432 1469 5475 sanctus
1489 5422 1719 5475 Ambro-

190 5486 277 5560 f'P?
296 5497 372 5560 att.
395 5487 511 5555 586,
538 5491 763 5560 quojam
780 5486 893 5543 erat
915 5492 1197 5560 cpiscopus
1210 5503 1425 5547 sanctus
1444 5493 1716 5545 Martinus.

194 5543 387 5629 [ἶβίδιθιξὶ
400 5543 569 5615 sancti
582 5543 781 5615 Paulini
799 5562 883 5615 llic
895 5543 1427 5618 ιςιῦἀιιιέηἰῖιῖ
1444 5543 1717 5629 liodieqtie

194 5623 499 5695 Vtsiturjuxta
529 5633 807 5687 ecclesiam
828 5634 993 5685 beatae
1022 5632 1196 5686 Maria:
1222 5634 1404 5686 Dititis
1420 5623 1711 5687 oratorium

193 5696 297 5747 ευιη
315 5710 457 5758 parvo
482 5704 783 5756 nosowmin
802 5742 818 5765 ,
848 5703 943 5755 S‘.
973 5702 1226 5756 Gervasin
1257 5714 1311 5756 et
1353 5704 1592 5756 Protasio
1620 5718 1707 5753 sa-

195 5765 351 5831 ”“mt
375 5772 461 5827 sed
504 5773 553 5828 in
596 5773 870 5829 suburbio.
902 5777 969 5831 At
1000 5773 1223 5829 ecclesia
1246 5774 1344 5831 SS.
1375 5774 1613 5830 Ucrvasii
1655 5782 1706 5828 et

1812 3252 1963 3292 num.
2006 3236 2090 3290 12.

1886 3316 1910 3344 ο
1952 3306 2164 3361 Festum
2196 3304 2464 3377 Eustachii
2493 3305 2689 3360 colitur
2711 3305 2761 3377 in
2792 3305 3165 3377 Martyrologio
3197 3310 3325 3363 Rom
3340 3330 3389 3357 ‘l-

1812 3392 1882 3433 no
1912 3377 2095 3452 dicit)
2127 3376 2478 3452 Septembris.
2514 3378 2565 3452 ls_
2592 3376 3386 3452 interfuitconcilio’Andegav.

1812 3464 1955 3502 anno
1979 3446 2105 3501 455.
2134 3447 2362 3515 Scripsit
2388 3463 2510 3519 eum
2549 3448 2807 3519 Leoneet
2846 3448 3082 3502 Victurio
3107 3446 3386 3519 epistulam

1812 3529 1998 3644 gontra
2037 3520 2265 3575 clericos
2301 3520 2392 3587 qui
2425 3518 2490 3573 ad
2524 3518 2804 3574 tribunalia
2836 3520 3113 3574 saecularia
3150 3518 3390 3577 recurre-

1850 3598 1959 3644 ant.

1850 3598 1959 3644 ant.

1891 3659 1909 3697 ί
1952 3659 2118 3727 Hujus
2147 3659 2387 3714 ecclesia:
2430 3659 2842 3728 descriptionem
2888 3670 3188 3714 accuratam
3232 3664 3391 3716 babes

1814 3745 1971 3851 supra
1995 3731 2148 3851 lib.
2172 3770 2188 3795 ,
2214 3745 2331 3799 cap.
2365 3730 2446 3784 l4.
2476 3731 2608 3785 Vide
2629 3739 2684 3784 et
2705 3729 2795 3783 lib.
2822 3745 2837 3784 ι
2864 3730 3042 3785 Mirac.
3068 3736 3234 3786 sancti
3260 3734 3391 3786 Mar-

1840 3817 1934 3851 Inl.
1961 3815 2078 3851 can.
2148 3838 2163 3851 .

1816 3801 1934 3865 tini,
1961 3815 2078 3865 cap.
2110 3801 2163 3853 6.

1887 3817 1934 3915 ε’
1954 3816 2019 3924 lc;
2020 3816 2096 3925 gat
2110 3816 2163 3923 ξ’
2175 3871 2503 3924 Pentecoste.
2519 3870 3017 3940 Ουίηιιιιεεεείίιητιιη
3042 3872 3180 3923 enim
3206 3875 3391 3940 appet-

1817 3942 1999 3996 labant
2044 3950 2255 3995 veteres
2297 3951 2504 4009 tempus
2554 3941 2683 3994 illud
2727 3939 2866 4006 quod
2903 3941 3039 3993 inter
3088 3939 3283 3994 Paselia
3337 3954 3389 3996 et

1819 4012 2163 4066 Pentecosten
2208 4012 2525 4075 intercedit,
2564 4026 2669 4078 quo
2719 4020 2958 4077 tempore
3007 4009 3249 4078 jejunare
3288 4028 3392 4071 non

1816 4083 2028 4139 licebat.

1890 4150 1915 4223 ἢ
1960 4154 2061 4207 Iste
2088 4151 2340 4223 articulus
2373 4167 2475 4206 non
2503 4152 2724 4206 habetur
2753 4153 2804 4207 in
2835 4154 2956 4208 cod.
2992 4152 3178 4223 Regio.

1895 4222 1909 4260 ί
1955 4223 2008 4277 ιιί
2039 4233 2121 4277 est
2146 4225 2196 4276 in
2226 4222 2450 4276 ecclesia
2478 4223 2791 4278 cathedrali.

1891 4292 1907 4345 i
1959 4294 2009 4348 ld
2036 4304 2118 4348 est
2160 4292 2348 4348 festum
2379 4293 2658 4348 Cathetlra:
2698 4294 2864 4349 Sancti
2894 4294 3053 4356 Petri,
3081 4304 3136 4349 ut
3164 4295 3392 4362 appr-lla-

1820 4376 1905 4419 tttr
1931 4366 1983 4418 in
2011 4379 2164 4419 conc.
2198 4365 2494 4419 'l‘uroneusi
2530 4381 2584 4429 ιι,
2615 4365 2755 4433 quod
2786 4368 2919 4419 adeo
2948 4364 3158 4419 celebre
3201 4367 3393 4419 eratin

1819 4436 2022 4500 Galliis,
2069 4448 2124 4490 ut
2152 4434 2346 4492 exinde
2373 4436 2438 4488 ad
2468 4436 2940 4502 Quadragesimam
2985 4436 3264 4489 dominicae
3293 4438 3395 4501 pri-

1820 4524 1904 4560 ma
1926 4549 1941 4569 ,
1969 4507 2187 4559 secunda
2207 4548 2220 4569 ,
2253 4515 2356 4559 etc.
2375 4546 2388 4565 .
2426 4517 2533 4570 post
2558 4506 2861 4559 Cathedram
2889 4507 3050 4559 sancti
3086 4505 3221 4559 Petri
3249 4507 3398 4559 dice-

1818 4579 2027 4631 bantur.
2066 4577 2197 4631 Vide
2251 4576 2532 4630 Mabillonii
2591 4577 2992 4631 observatiOnes
3031 4579 3081 4631 in
3131 4592 3278 4631 num.
3327 4575 3397 4629 ‘24

1820 4648 1937 4701 libri
1976 4663 2011 4700 ιι
2063 4648 2128 4702 de
2177 4647 2410 4716 Liturgia
2456 4649 2743 4702 Gallicana.
2788 4648 2842 4701 ιιι
2883 4648 2980 4703 Ch.
3016 4648 3168 4702 deest
3200 4649 3398 4714 episco—

1854 4727 1987 4771 atus.

1854 4737 1987 4771 atus.

1818 4737 1851 4788 ρ
1892 4788 1915 4825 ¹ί
1960 4787 2175 4840 Festum
2207 4786 2481 4841 Paschalis
2521 4804 2549 4840 a
2598 4788 2732 4843 festo
2763 4789 3184 4845 Resurreczionis
3213 4790 3398 4844 distin-

1820 4861 1999 4926 guitur
2026 4860 2075 4910 iu
2104 4858 2483 4911 vetustioribus
2510 4859 2843 4913 Kalendariis
2868 4877 2880 4911 :
2915 4862 3000 4914 ubi
3035 4860 3401 4913 Resurreetio-

1823 4928 1904 4982 nis
1931 4930 2122 4980 festum
2155 4929 2241 4981 die
2274 4927 2342 4982 27
2376 4930 2547 4982 Martii
2582 4931 2855 4993 recolitur,
2891 4932 3091 4984 Pascha
3122 4939 3319 4991 autem,
3345 4938 3401 4982 ut

1823 5012 2008 5052 omnes
2032 5007 2245 5060 norunt,
2271 5001 2432 5053 variis
2459 5001 2647 5054 diebus
2677 5017 2773 5065 pro
2804 5005 3058 5056 varietate
3091 5001 3229 5052 luna:
3260 5014 3401 5052 scm-

1824 5084 1919 5138 per
1944 5069 2264 5123 Celebratum
2298 5070 2350 5123 in
2384 5071 2615 5124 Ecclesia
2650 5070 2764 5126 fuit.
2878 5070 2885 5076 ’

1902 5138 1918 5177 1
1965 5139 2017 5191 Id
2042 5148 2124 5192 est
2150 5139 2511 5195 Pentecostes.
2538 5140 2625 5195 Sic
2646 5156 2853 5209 quoque
2878 5139 3171 5209 appellatur
3190 5138 3242 5191 in
3267 5151 3398 5193 con-

1823 5211 1914 5264 cil.
1949 5209 2218 5263 Aurelian.
2244 5224 2283 5271 ι,
2316 5224 2435 5263 can.
2464 5210 2554 5262 25.

1890 5289 1928 5318 ω
1972 5281 2024 5333 1η
2056 5281 2483 5334 Sacramentario
2508 5280 2801 5342 Gallicana,
2830 5279 2970 5346 quod
2999 5294 3029 5332 e
3052 5287 3258 5332 vetusto
3279 5280 3403 5334 cod.

1823 5362 2005 5404 noster
2036 5350 2367 5403 Mabillonius
2394 5351 2562 5405 edidit
2594 5361 2737 5403 tomo
2773 5350 2791 5404 l
2838 5351 3001 5404 Musei
3035 5349 3219 5413 Italici,
3265 5351 3403 5404 inter

1824 5421 2162 5474 Nativitatcm
2206 5422 2376 5475 sancti
2407 5421 2627 5475 Joannis
2656 5430 2711 5474 et
2748 5421 2939 5475 festum
2972 5432 3275 5474 sanctorum
3309 5422 3404 5475 Pe-

1827 5493 1891 5544 tri
1938 5501 1991 5544 et
2021 5492 2166 5544 Pauli
2198 5492 2427 5546 habetur
2448 5490 2608 5545 Missa
2635 5492 2687 5544 in
2715 5493 2876 5545 sancti
2902 5490 3118 5545 Joannis
3151 5494 3405 5558 passione.

1893 5569 1919 5596 η
1963 5562 2071 5614 Hoc
2112 5562 2301 5615 festum
2341 5563 2392 5616 in
2418 5563 2533 5616 solo
2570 5562 2693 5616 cod.
2726 5563 2889 5632 Regio
2919 5563 3156 5615 habetur.
3197 5564 3260 5615 Et
3283 5564 3407 5632 qui-

1816 5631 1936 5703 dem
1962 5642 2165 5685 eertum
2188 5643 2270 5687 est
2299 5648 2364 5687 ex
2406 5636 2521 5701 ipso
2548 5631 2823 5703 Gregorio
2848 5634 3034 5688 fesmm
3065 5635 3232 5687 sancti
3267 5633 3405 5687 Mar-

1819 5702 1913 5755 tmi
1936 5703 2044 5772 jam
2085 5704 2167 5757 his
2198 5706 2526 5766 temporibus
2568 5704 2764 5773 duplex
2810 5704 2991 5768 fuisse,
3027 5720 3184 5758 unum
3221 5718 3410 5758 mense

1812 5773 1975 5842 Juliu,
2005 5776 2225 5830 alterum
2250 5790 2377 5832 vero
2406 5790 2588 5833 mense
2610 5774 2917 5841 Novembri,
2946 5776 3029 5831 hic
3057 5788 3376 5842 expressum
