4020 6194
602 234 705 290 5(ιό

608 441 743 497 larii.
767 439 833 492 ad
863 437 1041 490 domui
1072 436 1278 489 Martini
1305 435 1597 489 basilicam.

681 534 771 587 llic
806 529 1093 585 a~dilicavit
1122 528 1394 582 basilicam
1424 530 1592 581 sancti
1618 528 1780 590 Petri,
1803 528 1856 579 in
1879 539 1979 594 qua
2006 534 2179 578 came-

610 642 722 680 ram
757 624 987 677 basilicte
1028 622 1220 692 prioris
1245 622 1477 683 posuit,
1520 634 1639 689 qua:
1679 633 1846 687 usque
1889 617 1954 671 ad
2003 626 2182 669 nostra

616 724 855 782 tempora
884 720 1207 777 perseverat.
1229 709 1506 764 Basilicam
1531 724 1739 778 quoque.
1763 707 1928 762 sancti
1952 707 2185 761 Lauren-

614 809 673 860 tii
707 808 758 860 iu
792 814 969 859 monte
987 804 1250 860 Laudiaco
1264 813 1289 839 ⁸·
1309 805 1418 869 ipse
1433 803 1749 855 construxit.
1768 798 1933 870 Hujus
1951 808 2187 868 tempore

616 900 889 954 aedificatae
912 907 1034 952 sunt
1052 897 1209 967 532
1231 895 1474 949 ecclesia:
1505 895 1555 949 in
1581 893 1731 956 vicis,
1762 893 1812 946 id
1838 902 1921 949 est
1942 892 2118 947 Evena
2136 890 2185 959 δ,

621 993 934 1047 Mediconno
957 1031 972 1055 ,
1006 990 1231 1053 Berrao,
1262 986 1588 1050 Balatediue,
1623 984 1886 1039 Veruado.
1917 982 2190 1037 Condidit-

615 1098 719 1153 que
751 1091 1121 1139 testamentum
1140 1090 1187 1144 ο,
1208 1088 1260 1133 et
1284 1078 1549 1148 deputavit
1574 1092 1666 1146 per
1687 1075 1924 1144 singulas
1951 1073 2191 1128 civitates

619 1176 758 1244 quod
806 1172 1138 1245 possidebat,
1170 1170 1221 1224 in
1263 1170 1339 1223 eis
1385 1169 1512 1237 ipsis
1552 1168 1753 1222 scilicet
1787 1164 2057 1226 ecclesiis,
2086 1178 2191 1218 non

617 1265 878 1320 modicam
906 1273 959 1319 et
986 1264 1028 1318 Τ
1034 1262 1261 1315 urouicze
1303 1261 1541 1313 tribuens
1571 1257 1898 1311 facultatem.
1930 1255 2078 1312 Sedit
2100 1269 2194 1307 au-

620 1368 725 1413 tem
765 1372 933 1411 annos
958 1356 1193 1426 triginta,
1224 1366 1274 1407 et
1304 1353 1543 1421 seputtus
1578 1359 1662 1405 est
1692 1352 1743 1403 in
1770 1349 1985 1405 basilica
2026 1349 2196 1404 sancti

625 1450 851 1505 Martini.

694 1545 745 1598 7.
785 1541 1053 1610 Septimus
1084 1554 1207 1593 vero
1244 1536 1558 1591 Volusianus
1585 1535 1864 1589 ordinatur
1891 1532 2196 1604 episcopus,

626 1650 689 1686 ex
717 1649 912 1702 g-uere
941 1631 1227 1689 senatorio.
1250 1629 1331 1682 vir
1357 1638 1593 1691 sanctus,
1618 1628 1769 1680 valde
1792 1626 1960 1691 dives,
1987 1626 2199 1694 prapiu-

626 1721 760 1791 qinis
791 1737 843 1777 et
876 1723 987 1788 ipse
1017 1721 1257 1788 Perpetui
1288 1719 1524 1787 episcopi
1564 1718 1859 1773 decessoris
1888 1716 1991 1770 sui.
2026 1714 2194 1783 llujtis
2228 1715 2269 1772 Β

627 1830 863 1886 tempore
888 1815 908 1886 j
930 1832 996 1868 itn
1021 1815 1403 1867 Chodovechus
1435 1814 1687 1881 regnabat
1724 1813 1775 1865 in
1806 1812 2068 1881 aliquibus
2109 1826 2197 1864 ur-

628 1911 780 1963 bibus
810 1910 859 1961 iu
891 1907 1096 1960 Galliis.
1130 1905 1194 1959 Et
1228 1905 1295 1959 ob
1332 1908 1468 1959 hanc
1489 1920 1702 1960 causam
1734 1904 1816 1957 hic
1843 1902 2079 1973 pontifex
2110 1918 2197 1957 su-

624 2010 836 2069 spectus
870 1998 1075 2053 habitus
1096 2015 1123 2051 a
1146 1998 1351 2058 Gothis,
1386 1997 1524 2066 quod
1554 2011 1611 2050 se
1638 1995 1959 2050 Francorum
1983 1996 2193 2050 ditioni-

630 2096 725 2147 bus
750 2092 977 2146 subdere
1001 2092 1175 2156 vellet,
1202 2092 1338 2156 apud
1369 2089 1551 2145 urbem
1584 2088 1829 2142 Tolosam
1856 2088 2047 2142 exsilio
2066 2102 2198 2144 cou-

626 2192 929 2251 tlemnatus,
963 2188 1013 2240 iu
1046 2201 1109 2239 eo
1130 2180 1327 2238 obiitd.
1359 2183 1523 2251 liujus
1553 2195 1793 2251 tempore
1820 2181 1966 2236 vicus
1994 2182 2195 2236 Manto-

628 2280 831 2331 lomaus
851 2288 873 2313 θ
917 2274 1206 2328 ωάὶῐῑείιιυε
1232 2283 1309 2325 est
1331 2314 1344 2335 ,
1376 2283 1428 2325 et
1458 2272 1672 2327 basilica
1698 2273 1867 2326 sancti
1894 2271 2111 2326 Joannis
2141 2273 2193 2326 in

628 2369 813 2437 majwri
838 2366 1157 2420 moaaSterio
1172 2362 1191 2402 τ
1202 2406 1214 2419 .
1241 2364 1389 2420 Sedit
1410 2373 1584 2419 autem
1608 2378 1775 2419 annos
1794 2378 2020 2434 septem,
2046 2381 2197 2421 men-

623 2473 710 2513 ses
730 2458 881 2511 duos.

702 2596 725 2624 ο
765 2588 957 2653 Supra.
984 2585 1117 2640 libro
1149 2602 1203 2648 tt,
1235 2601 1351 2655 cap.
1376 2584 1430 2639 2.
1465 2586 1665 2641 Dicitur
1693 2586 2029 2655 Laudiceam,
2054 2600 2194 2645 sexto

628 2658 694 2733 ob
741 2658 1159 2733 urb_e_miltiario.
1214 2657 1781 2733 Perstat_atl_ltuc_ille
1827 2663 1991 2724 locus,
2024 2664 2195 2733 vulgo

632 2726 952 2785 Mam-Lais.
984 2729 1184 2782 distans
1216 2727 1383 2782 tribus
1410 2728 1620 2781 circiter
1650 2729 1813 2783 leucis
1834 2743 1991 2798 supra
2021 2726 2189 2787 Turo-

633 2813 729 2852 nos
757 2798 821 2851 ad
850 2799 1114 2851 sinistram
1144 2799 1347 2867 Ligeris
1369 2799 1533 2867 ripam
1560 2801 1854 2865 impositus.

702 2867 730 2908 ιι
770 2870 965 2938 Evena,
998 2870 1048 2921 in
1080 2868 1209 2938 Reg.
1238 2867 1458 2931 Enevor,
1502 2871 1657 2922 hodie
1682 2871 1890 2933 Avoine,
1920 2870 2060 2926 inter
2099 2871 2190 2927 Li-

633 2941 800 3010 gerim
830 2949 883 2992 et
912 2937 1259 3006 Vingeunam,
1289 2949 1347 2994 ut
1387 2941 1599 2993 Maauos
1637 2950 1689 2992 et
1729 2940 1969 2995 Valesius
2008 2943 2191 2997 existi-

636 3018 798 3071 utaut,
826 3010 914 3077 qui
943 3010 1175 3063 Marullio
1203 3025 1306 3063 non
1324 3012 1697 3073 assentiuntur,
1727 3012 1923 3075 putanti
1950 3026 2071 3066 esse
2090 3012 2192 3070 Eae

1561 231 1617 286 S.
1659 228 1985 285 GREGORII
2029 227 2199 282 EPlSl
2228 226 2335 282 OPI
2363 224 2809 288 ’ΤυιιοὶέΕΝδις

608 350 816 412 Briccii,
846 346 910 401 ad
934 344 1115 401 domni
1140 345 1344 398 Martini
1377 345 1672 399 basilicam.
1697 345 1865 398 Natali
1895 344 2060 396 saucii
2088 342 2176 395 Ili-
2208 348 2250 401 Α

3753 230 3900 288 568

2359 346 2411 399 8.
2452 345 2681 399 Octavus
2722 347 2996 401 ordinatur
3034 350 3315 419 episcopus
3348 350 3515 404 Verus
3542 357 3590 410 ε,
3644 356 3699 402 et
3747 348 3903 414 ipse

2288 452 2381 505 pro
2394 450 2886 492 memoratatcausa!
2904 440 3018 490 zelo
3038 450 3316 507 suspectus
3339 441 3548 493 habitus
3577 456 3605 491 ει
3645 438 3893 504 Gothis,

2287 531 2339 583 in
2381 532 2620 586 exsilium
2652 532 2939 595 deductus,
2973 534 3133 589 vitam
3162 533 3335 588 finivit
3367 551 3380 586 :
3428 533 3706 586 facultates
3732 546 3897 586 suas

2286 623 2527 676 ecclesiis
2577 634 2631 679 et
2678 628 2813 684 bene
2867 626 3069 681 meritis
3128 624 3430 693 dereliquit.
3484 623 3639 679 Sedit
3685 608 3899 677 autem

2290 715 2447 786 533
2468 731 2637 771 annos
2667 719 2932 785 undecim,
2955 719 3073 775 dies
3101 725 3224 773 octo
3244 715 3292 771 ιι.

2357 850 2413 905 9.
2444 852 2622 907 Nonus
2655 855 2909 919 Licinius,
2936 854 3067 909 civis
3119 853 3456 924 Andegavus,
3486 853 3577 922 qui
3610 851 3680 906 ob
3707 867 3890 905 amo-

2292 958 2403 997 rem
2432 946 2523 1000 Dei
2568 945 2619 1000 iu
2653 947 2925 1001 Orientem
2956 946 3105 1013 abiit,
3136 955 3430 1014 sanctaque
3469 945 3587 999 loca
3632 945 3837 999 revisit
3878 963 3896 999 :

2292 1037 2486 1092 exinde
2533 1037 2823 1107 digressus,
2858 1039 2908 1091 in
2954 1038 3294 1106 possessione
3339 1051 3432 1090 sua
3480 1040 3895 1090 monasterium

2292 1128 2581 1184 collocavit
2610 1128 2750 1183 infra
2782 1129 3067 1184 terminum
3092 1128 3458 1197 Andegavum,
3489 1138 3545 1183 et
3570 1136 3752 1197 postea
3780 1127 3899 1179 ab—

2295 1220 2434 1276 batis
2473 1219 2651 1275 officio
2680 1222 2735 1275 in
2777 1221 3101 1277 monasterio
3133 1220 3178 1287 ί,
3212 1221 3299 1275 ubi
3331 1230 3551 1275 sanctus
3582 1218 3899 1274 Venantius

2294 1310 2457 1366 abbas
2473 1312 2709 1381 sepultus
2737 1319 2837 1377 est,
2867 1312 3099 1378 functus,
3125 1311 3191 1366 ad
3240 1312 3609 1379 episcopatum
3638 1307 3897 1377 eligitur.

2300 1401 2467 1468 llujus
2490 1410 2726 1469 tempore
2756 1400 3165 1459 Chlodovechus
3194 1417 3287 1457 rex
3302 1400 3469 1455 victor
3494 1399 3564 1453 de
3592 1398 3743 1453 caede
3771 1395 3898 1451 Go-

2302 1490 2532 1555 thorum,
2577 1491 2806 1548 Turonis
2835 1492 3011 1548 rediit.
3044 1491 3199 1547 Sedit
3227 1500 3402 1545 autem
3446 1503 3624 1544 annos
3663 1488 3889 1543 duode-

2301 1582 2427 1645 cim,
2459 1599 2668 1638 menses
2707 1584 2865 1650 duos,
2896 1585 3010 1638 dies
3056 1583 3240 1654 viginti
3270 1583 3527 1654 quinque,
3550 1589 3611 1636 et
3637 1580 3898 1649 sepultus

2303 1683 2385 1729 est
2405 1675 2458 1729 in
2482 1675 2699 1730 basilica
2731 1678 2901 1731 sancti
2929 1676 3160 1731 Martini.

2375 1813 2459 1868 10.
2486 1814 2701 1868 Decimo
2730 1815 2845 1869 loco
2871 1815 3184 1870 Theodorus
3205 1825 3261 1871 et
3287 1814 3545 1869 Proculus
3568 1816 3623 1881 1,
3649 1814 3895 1883 jubente

2300 1905 2453 1959 beata
2482 1906 2859 1961 Ghrotcchilde
2888 1907 3089 1976 regina,
3122 1908 3501 1977 subrogantur,
3532 1922 3599 1961 eo
3636 1908 3778 1975 quod
3814 1909 3899 1962 de

2302 1997 2600 2067 Burgundia
2626 1999 2734 2066 jam
2773 1997 3006 2065 episcopi
3046 1996 3299 2058 ordinati,
3331 1997 3501 2065 ipsam
3542 1999 3712 2052 secuti
3744 2000 3897 2053 fuis-

2299 2101 2441 2154 sent,
2459 2091 2592 2144 etab
2617 2089 2910 2144 hostilitate
2931 2090 2998 2144 de
3026 2090 3244 2145 urbibus
3265 2091 3376 2144 suis
3400 2090 3617 2159 expulsi
3641 2088 3892 2147 fuerant.

2300 2181 2464 2235 Erant
2500 2194 2679 2235 autem
2727 2183 2886 2235 ambo
2913 2197 3069 2236 senes
3096 2182 3250 2237 valde
3277 2198 3289 2234 :
3322 2193 3683 2251 rexeruntque
3709 2184 3894 2238 ecclec

2301 2274 2436 2327 siam
2464 2262 2781 2326 Turouicain
2816 2274 2972 2327 simul
3004 2275 3158 2327 anuis
3186 2274 3415 2342 duobus,
3450 2284 3504 2329 et
3530 2276 3724 2344 sepulti
3755 2284 3895 2332 sunt

2306 2366 2357 2418 in
2389 2364 2609 2417 basilica
2638 2364 2805 2417 sancti
2831 2364 3037 2418 Martini
3062 2362 3109 2418 κ.

2370 2456 2455 2510 11.
2487 2455 2809 2511 Undecimus
2829 2454 3053 2511 Diuifius
3074 2456 3380 2525 episcopus,
3409 2464 3463 2510 et
3489 2457 3600 2524 ipse
3624 2470 3692 2510 ex
3731 2455 3887 2511 Bur-

2299 2589 2382 2643 nis
2409 2589 2702 2643 furentibus
2730 2588 2782 2643 in
2828 2590 3029 2643 favillas
3056 2593 3324 2645 reductum
3354 2600 3450 2655 est,
3480 2607 3596 2644 cum
3630 2593 3743 2648 ipsa
3773 2589 3895 2645 bas

2299 2660 2471 2726 silica,
2496 2677 2613 2729 qua:
2637 2670 2904 2728 utcunque
2926 2663 3259 2729 postmodum
3284 2672 3570 2717 restaurata
3592 2671 3693 2716 est.
3721 2661 3896 2716 Hunc

2299 2730 2473 2785 locmn
2492 2770 2508 2793 ,
2539 2745 2694 2799 quem
2726 2730 2967 2785 canonici
2997 2732 3265 2800 regulares
3292 2734 3660 2800 Augustiniani
3705 2734 3893 2799 passi-

2297 2800 2464 2869 dent,
2500 2801 2662 2852 variis
2690 2799 2844 2854 donis
2874 2801 3174 2858 ditavcruut
3224 2799 3441 2855 comites
3483 2802 3786 2860 Fuxenses.
3825 2812 3891 2856 ut

2299 2870 2354 2923 in
2387 2885 2572 2925 eorum
2605 2870 2836 2925 Historia
2867 2872 3031 2925 fusius
3056 2873 3304 2925 refertur.
3340 2873 3607 2925 Volusiani
3634 2887 3742 2941 pre.
3763 2874 3893 2926 ibus

2298 2954 2486 2994 versus
2533 2941 2699 2994 edidit
2742 2942 3064 3008 Apollinaris
3115 2942 3366 2997 Sidonius
3411 2944 3657 2998 ecclesia:
3713 2945 3891 2997 sancti

2303 3011 2511 3081 Martini
2543 3010 2938 3077 insculpendos,
2969 3013 3057 3076 qui
3090 3012 3347 3067 habentur
3369 3015 3458 3066 lib.
3487 3030 3569 3072 tv,
3593 3015 3755 3081 epist.
3791 3011 3887 3067 18.

635 3084 682 3133 te
713 3078 953 3132 Montier.
988 3079 1058 3132 De
1089 3079 1185 3133 hoc
1216 3082 1267 3133 in
1308 3080 1441 3133 Vitis
1483 3083 1719 3141 Patrum,
1761 3096 1879 3148 cap.
1914 3082 1997 3136 19.
2032 3083 2195 3138 Medi-
2230 3084 2275 3146 Ο
2310 3080 2491 3135 Eidem
2521 3081 2733 3146 scripsit
2762 3083 2916 3145 epist.
2953 3082 3015 3135 17
3048 3082 3140 3137 lib.
3173 3098 3239 3136 vit
3265 3123 3280 3149 ,
3321 3094 3375 3138 et
3402 3078 3651 3139 Ruricius
3686 3083 3890 3139 Lemo-

636 3164 886 3221 conuum,
919 3150 1154 3221 Marullio
1194 3151 1432 3219 Meti-ay;
1461 3150 1650 3205 Maauo
1679 3150 1952 3221 Mannoye,
1981 3155 2065 3207 cui
2097 3170 2201 3209 non

638 3220 929 3290 refragatur
958 3218 1213 3285 Valesius,
1236 3221 1323 3290 qui
1348 3218 1402 3273 et
1425 3232 1569 3289 putat
1592 3235 1708 3275 esse
1734 3218 1888 3289 posse
1910 3220 2111 3287 Hosne,
2135 3227 2201 3279 ad

639 3289 867 3356 Ligerim
899 3328 913 3351 ,
960 3302 1122 3357 prope
1169 3289 1496 3344 Anibaciam.
1544 3291 1736 3344 Brrao
1781 3306 1969 3345 nomen
2023 3295 2203 3348 tribuit

638 3370 772 3426 pago
815 3359 1143 3422 Berraveusi,
1177 3361 1243 3413 de
1272 3374 1375 3427 quo
1403 3375 1560 3427 supra
1608 3360 1698 3412 lib.
1738 3376 1806 3423 vi,
1847 3376 1962 3428 cap.
2002 3362 2083 3428 12,
2115 3365 2205 3418 ubi

639 3431 868 3503 diximus
892 3428 1393 3503 els~eABarottlucum
1422 3428 1560 3503 inter
1579 3430 1801 3503 Grosam
1825 3431 1901 3498 (la
1922 3432 2128 3503 Creusa)
2151 3445 2206 3489 et

640 3497 862 3551 Glasiatu
913 3498 1118 3551 fluvios.
1172 3499 1435 3554 Marollius
1480 3499 1583 3554 hoc
1633 3502 1749 3555 loco
1792 3497 2039 3556 haesitans
2074 3497 2206 3558 alios

643 3579 751 3621 tres
796 3570 939 3621 vicos
984 3571 1259 3635 proponit,
1290 3570 1492 3623 scilicet
1521 3568 1754 3639 Boni-my
1796 3572 1863 3624 ad
1893 3573 2066 3626 Carim
2104 3573 2206 3627 ﬂu-

642 3639 807 3711 vium,
843 3652 1006 3711 ιιι-ονε
1036 3649 1267 3711 montem
1305 3639 1575 3711 Tricardi;
1614 3638 1809 3711 Berray
1860 3641 1995 3695 haud
2026 3646 2203 3710 procul

643 3723 681 3779 ag
708 3708 1020 3773 Lausduno;
1048 3717 1099 3779 et
1135 3707 1383 3779 Breteuay
1408 3711 1472 3763 ad
1503 3710 1732 3778 Ligerim
1776 3707 1907 3765 infra
1938 3707 2203 3769 Turonos.

647 3777 911 3850 Gmterum
940 3795 1034 3848 pro
1063 3777 1255 3833 Berrao
1284 3777 1597 3850 Regthabet
1626 3779 1969 3836 Herrardum.
2003 3785 2208 3840 Balate-

644 3847 794 3921 dine,
815 3847 1200 3921 seu,’uthabet
1230 3847 1385 3921 Reg.,
1408 3849 1739 3914 Balacedina,
1760 3866 1789 3904 a
1812 3852 2075 3917 Balatedo,
2099 3854 2207 3909 Ba-

642 3920 897 3981 latediuis,
923 3920 1177 3992 declinari
1212 3920 1322 3975 vult
1364 3921 1620 3981 Valesius.
1667 3925 1755 3992 qui
1799 3933 1919 3990 post
1961 3925 2207 3980 Maannm

646 3999 792 4055 putat
819 4004 936 4059 esse
956 3988 1141 4055 Balan,
1167 3992 1300 4045 baud
1332 3992 1564 4059 procula
1592 3988 1757 4048 fluvio
1777 3988 1914 4047 Cari.
1941 3996 2209 4052 Marollius

644 4057 1021 4135 vertit_Vaune,
1048 4066 1142 4135 qui
1165 4063 1309 4116 locus
1331 4057 1461 4115 alias
1505 4062 1675 4135 Rupes
1707 4065 1949 4118 Carbonis
1972 4068 2208 4135 appella-

645 4138 753 4181 tur.
791 4128 1084 4183 Vernadum
1113 4131 1356 4200 denique,
1386 4147 1478 4185 seu
1528 4128 1745 4197 Vérnao,
1782 4148 1835 4188 ut
1867 4128 2058 4188 habeui
2105 4136 2207 4192 Ch.

646 4202 748 4262 al.,
784 4199 904 4254 Bec.
934 4210 986 4254 et
1027 4202 1178 4255 Colb.
1217 4199 1320 4267 tn.,
1349 4216 1468 4255 cum
1503 4204 1632 4256 Bad.
1656 4245 1669 4264 ,
1698 4221 1785 4256 aut
1830 4204 2111 4257 Ernaldum
2143 4224 2209 4262 ex

645 4268 777 4343 Reg.
810 4284 1001 4324 nomen
1024 4271 1288 4343 hodieque
1308 4283 1504 4343 servat,
1538 4283 1594 4326 ut
1624 4277 1696 4326 ait
1727 4274 1986 4337 Valesius,
2018 4291 2211 4343 nempe

654 4336 876 4412 Vernon,
907 4342 1180 4412 castellum
1200 4336 1281 4395 'ad
1312 4336 1769 4411 archiepiscopum
1802 4336 2071 4412 pertinens
2094 4386 2107 4406 .
2141 4336 2209 4401 ii-

644 4409 759 4462 tulo
781 4410 1023 4485 baronia:
1047 4410 1268 4475 clarum,
1295 4414 1359 4465 ad
1389 4409 1624 4485 Scerani
1649 4409 1877 4485 iluvium
1904 4416 1977 4483 (la
1996 4415 2179 4485 Cisse).

718 4488 741 4516 ο
784 4479 1027 4553 Perpetui
1062 4466 1434 4553 testamentum
1475 4484 1632 4538 simul
1658 4499 1777 4538 cum
1800 4466 1921 4553 ejus
1941 4466 2212 4553 epitap‘liio
2242 4466 2296 4526 D

645 4563 713 4602 ex
744 4557 889 4623 torno
920 4549 961 4602 V
993 4551 1277 4623 Spicilegii
1305 4553 1550 4623 dabimus
1573 4553 1623 4606 in
1652 4549 2212 4623 appendiceJDuobus

644 4620 883 4692 conciliis
912 4620 1370 4692 praefiiitpscilicet
1393 4622 1660 4677 Turonico
1683 4620 1698 4677 ι
1723 4620 1864 4677 anno
1884 4624 2007 4692 461,
2030 4636 2083 4679 et
2111 4626 2213 4682 Ve-

648 4691 947 4765 netico‘au‘.
982 4689 1104 4765 41.5.
1128 4691 1319 4765 Eidem
1351 4693 1667 4765 Apollinaris
1711 4694 1961 4749 Sidonius
1997 4689 2211 4765 scripsit

646 4760 808 4836 epist.
834 4760 865 4813 9
887 4758 1004 4836 libri
1034 4758 1237 4836 vii_,'ubi
1268 4758 1572 4836 concionem
1599 4779 1755 4830 quam
1785 4766 1920 4835 apud
1950 4758 2210 4836 Biturigas

645 4843 742 4896 pro
763 4828 1024 4901 electione
1052 4829 1312 4898 Simplicii
1340 4834 1501 4899 episc.
1529 4828 1730 4887 habuer
1748 4828 2097 4901 ~t,'integram
2117 4828 2210 4891 re-

646 4901 768 4954 fert.
795 4898 867 4972 De
891 4899 987 4972 hoc
1013 4913 1066 4955 et
1095 4903 1249 4972 epist.
1278 4903 1351 4972 18
1376 4898 1473 4953 lib.
1498 4918 1566 4954 tv.
1594 4902 1725 4958 Vide
1745 4921 1902 4972 supra
1926 4898 1978 4958 in
2003 4918 2113 4959 uot.
2139 4908 2207 4961 ad

645 4969 864 5043 φερε-14
897 4970 983 5023 lib.
1012 4986 1068 5024 ιι.
1098 4969 1194 5043 ipsi
1219 4971 1654 5043 etiatuii’auliuus
1679 4969 1994 5043 nuncupavit
2016 4976 2206 5031 librum

646 5042 714 5096 de
744 5040 862 5094 Vita
892 5043 1059 5095 sancti
1097 5042 1327 5093 Martini.
1359 5040 1484 5109 Ejus
1514 5043 1703 5096 festum
1734 5040 2033 5099 celebratur
2060 5048 2147 5102 die
2175 5048 2207 5101 8

647 5112 842 5179 April.,
859 5113 908 5165 in
939 5111 1160 5165 vetustis
1184 5121 1357 5164 autem
1386 5112 1701 5166 kalendariis
1724 5113 1792 5170 50
1811 5116 2132 5170 Decembris.

716 5181 744 5218 ⁴
782 5182 959 5237 Sancti
995 5182 1258 5235 Volusiani
1286 5185 1540 5235 memoria
1577 5185 1714 5249 apud
1744 5185 2011 5239 Fuaeuses
2044 5187 2206 5252 potis-

647 5252 839 5305 simum
866 5253 1090 5308 celebris
1131 5265 1245 5317 est,
1272 5252 1361 5306 ubi
1384 5254 1485 5306 sub
1509 5256 1753 5322 martyris
1782 5256 1953 5321 titulo,
1992 5257 2127 5310 sicut
2155 5268 2209 5313 et

650 5321 701 5394 iii
728 5322 1097 5394 Martyrologio
1120 5322 1359 5394 Romano
1379 5325 1463 5376 die
1486 5338 1550 5376 xv
1576 5321 1786 5376 kaietid.
1809 5325 1966 5380 Febr.
1991 5329 2205 5383 colitur.

651 5390 1025 5446 Feruut'euut
1048 5408 1078 5445 a
1120 5392 1428 5460 Wisigothis
1461 5394 1633 5459 capite
1676 5395 1932 5449 minutum
1962 5398 2122 5451 fuisse
2153 5400 2205 5454 in

654 5461 772 5534 loco
806 5462 892 5534 qui
920 5465 1106 5534 dicitur
1133 5464 1369 5525 Petrosa,
1396 5474 1447 5515 et
1474 5465 1540 5515 ab
1566 5463 1756 5534 incolis
1789 5465 1946 5533 vulgo
1972 5467 2200 5534 Corona,

651 5529 704 5602 in
734 5532 979 5602 comitatu
1010 5531 1257 5585 Fuxeusi.
1282 5534 1500 5586 Sacrum
1530 5532 1642 5600 ejus
1673 5550 1862 5602 corpus
1882 5529 2084 5589 Fuxuiu
2110 5529 2203 5591 de;

652 5598 846 5673 latum,
887 5599 970 5651 diu
1010 5613 1275 5673 servatum
1320 5611 1401 5654 est
1428 5602 1478 5673 iu
1509 5598 1731 5673 ecclesia
1764 5598 1933 5659 sancti
1962 5606 2165 5659 Nazarii
2187 5650 2201 5673 ,

654 5669 807 5731 vulgo
836 5684 971 5721 uuuc
997 5673 1160 5724 sancti
1192 5670 1459 5725 Volusiani
1496 5671 1651 5737 dicta,
1691 5677 1855 5728 donec
1881 5693 1907 5727 ει
1937 5669 2201 5730 (λιιιινὶιιιίιὶ

2306 3151 2539 3205 vicensis
2569 3152 2725 3219 epist.
2754 3153 2850 3206 ult.
2883 3152 2971 3205 lib.
2999 3168 3054 3204 tt.

2378 3228 2402 3258 ⁶
2441 3221 2488 3275 is
2516 3222 2630 3289 ipse
2671 3224 2816 3275 locus
2835 3237 2992 3289 supra
3016 3222 3111 3293 lib.
3135 3238 3226 3283 vn,
3249 3238 3368 3293 cap.
3396 3225 3486 3291 47,
3513 3224 3708 3279 dicitur
3733 3224 3891 3280 Man-

2306 3292 2596 3360 telomagus
2624 3293 2787 3356 vicus,
2820 3294 2974 3357 vulgo
3002 3291 3282 3348 Mautelan.

2380 3359 2400 3399 ι
2443 3359 2771 3433 Supererant
2799 3362 2973 3416 adhuc
3000 3367 3115 3431 ejus
3146 3365 3357 3432 rudera,
3384 3380 3504 3433 quze
3545 3380 3676 3417 nova
3709 3365 3890 3419 ³)άίίί-

2306 3430 2389 3485 cia
2414 3431 2611 3500 aliquot
2641 3432 2835 3502 abhinc
2862 3436 3016 3485 anuis
3036 3430 3233 3487 'slructa
3267 3430 3474 3502 penitus
3503 3435 3848 3489 deleverunt.

2378 3511 2403 3548 ες
2450 3502 2693 3568 Plerique
2732 3501 2898 3555 Virus.
2927 3503 3161 3575 Concilio
3188 3501 3470 3575 Agatbensi
3513 3520 3603 3557 an.
3646 3504 3754 3558 506
3790 3522 3887 3573 per

2307 3571 2535 3626 Leonem
2562 3575 2840 3626 diaconum
2870 3573 3197 3639 subscripsit.

2382 3641 2411 3678 δ
2441 3640 2529 3696 Sic
2551 3658 2678 3695 mss.
2705 3655 2756 3697 et
2785 3644 2873 3696 ed.
2906 3643 3142 3697 L‘ointius
3174 3657 3346 3697 tamen
3394 3654 3447 3698 et
3476 3643 3563 3697 alii
3595 3646 3693 3698 viri
3722 3645 3879 3701 docti

2312 3712 2401 3780 qui
2440 3713 2609 3784 sancti
2640 3713 2845 3765 Martini
2877 3723 3099 3766 mortem
3142 3730 3281 3767 anno
3302 3716 3400 3769 397
3424 3718 3771 3784 consignant,
3802 3721 3887 3772 bic

2309 3783 2588 3850 legendum
2639 3793 2823 3851 putant
2865 3800 3030 3837 annos
3072 3794 3205 3847 octo,
3235 3800 3425 3837 menses
3458 3783 3712 3838 undedm.
3749 3789 3885 3843 Nam

2309 3854 2440 3905 alias
2483 3854 2631 3918 juxta
2676 3869 2858 3907 eorum
2906 3869 3210 3922 computum
3250 3856 3365 3909 Veri
3415 3870 3559 3908 inois
3591 3860 3730 3909 ultra
3780 3874 3885 3912 an-

2311 3938 2435 3994 num
2461 3923 2564 3976 508
2586 3923 2880 3977 diii'ereuda
2898 3937 3059 3987 esset,
3082 3927 3217 3994 quoii
3251 3924 3361 3977 lii-ri
3386 3940 3489 3978 non
3516 3934 3728 3994 potest:
3756 3944 3882 3982 nam

2309 3991 2618 4060 Gregorius,
2655 4009 2770 4060 cap.
2808 4008 2957 4060 seq.,
2988 3991 3447 4056 ait,'(jlodoveum
3497 3991 3648 4049 victis
3687 3997 3886 4052 Gothis

2311 4060 2555 4116 Turonos
2593 4065 2902 4123 aCCCSaiSSe.
2928 4079 3047 4116 cum
3094 4065 3165 4117 ibi
3213 4064 3445 4119 Licinius
3487 4076 3627 4119 esset
3668 4073 3882 4131 episco-

2312 4135 2516 4199 pus.At
2538 4132 2785 4187 Glodovei
2811 4134 3009 4187 reditus
3037 4150 3098 4187 ex
3124 4138 3218 4187 ista
3250 4137 3585 4202 expeditimte
3611 4138 3757 4191 ultra
3788 4155 3883 4192 an-

2312 4218 2438 4255 num
2480 4203 2583 4255 508
2633 4202 2832 4257 differri
2884 4206 3086 4272 nequit.
3148 4205 3275 4258 Vide
3327 4206 3593 4260 Cointium
3651 4208 3720 4260 ad
3782 4227 3881 4263 an-

2313 4287 2438 4324 num
2467 4272 2591 4335 507,
2615 4290 2669 4327 n.
2700 4278 2785 4327 10.

2390 4341 2403 4379 ί
2441 4344 2818 4399 Monasterium
2850 4358 2979 4399 sane
3006 4346 3017 4396 i
3044 4342 3283 4398 Vetiautii
3326 4347 3377 4398 iit
3405 4346 3685 4413 collegium
3708 4362 3875 4402 cano-

2320 4411 2555 4465 nit-orum
2603 4429 2916 4466 conversum
2967 4425 3125 4468 et-atu
3171 4430 3311 4469 nunc
3338 4411 3594 4481 superest,
3624 4420 3877 4471 ecclesia

2318 4483 2487 4535 sant-ti
2513 4485 2722 4558 Martini
2753 4482 3078 4558 subjectum.
3101 4484 3264 4558 Porro
3294 4487 3525 4540 Licinius
3553 4487 3895 4558 Subscripsii‘

2317 4565 2468 4604 conc.
2498 4555 2765 4608 Aurelian.
2795 4568 2832 4615 ι,
2863 4569 3002 4607 anno
3023 4553 3145 4610 iiii.

2392 4623 2406 4671 ἑ
2446 4624 2635 4691 Supra,
2671 4625 2761 4677 liti.
2790 4639 2867 4683 tu.
2897 4638 3015 4690 cap.
3060 4626 3148 4689 17,
3190 4625 3352 4679 Leoni
3402 4637 3609 4679 mortuo
3658 4627 3873 4682 suffecti

2318 4691 2479 4766 fuisse
2501 4694 2783 4766 dicuntur.
2811 4695 3064 4766 Gauoues
3102 4698 3349 4766 vetabant
3391 4712 3456 4749 ne
3498 4699 3605 4750 duo
3630 4700 3875 4766 episcopi

2312 4765 2470 4834 simul
2498 4762 2550 4816 in
2585 4780 2683 4817 una
2713 4764 2936 4817 ecclesia
2978 4765 3247 4819 sederent.
3280 4765 3430 4820 Unde
3471 4768 3521 4818 hi
3556 4762 3734 4834 potius
3781 4762 3877 4822 ad-

2313 4833 2696 4887 tuinistratores
2722 4834 2949 4905 viduatae
2972 4835 3223 4888 Ecclesia:
3253 4852 3409 4903 quam
3435 4833 3669 4905 episcOpi
3701 4836 3875 4892 Turo-

2312 4917 2504 4955 nenses
2546 4904 2749 4957 censeri
2785 4903 3016 4975 debent.
3071 4905 3427 4974 Langobardis
3471 4903 3579 4961 Sub
3626 4903 3867 4975 ejusdem

2310 4974 2488 5024 saeculi
2522 4976 2679 5027 liuetn
2707 4973 2905 5026 Italiam
2938 4973 3284 5039 vastantibus,
3301 4978 3602 5041 complures
3630 4973 3870 5044 episcopi

2312 5059 2339 5092 e
2362 5046 2471 5095 suis
2502 5046 2716 5097 sedibus
2748 5044 2906 5111 pulsi,
2938 5046 3057 5097 aliis
3080 5044 3351 5112 Ecclesiis,
3379 5048 3667 5099 accedente
3708 5050 3867 5100 etiam

2310 5112 2646 5178 imperatoris
2692 5116 3028 5175 auctoritate,
3067 5116 3301 5182 deputati
3349 5126 3494 5181 sunt,
3526 5116 3619 5169 sed
3669 5119 3871 5171 solum-

2309 5182 2503 5254 modo,
2554 5191 2609 5236 ut
2660 5184 2902 5235 alimenta
2947 5197 3286 5247 susciperent,
3354 5188 3524 5254 inquit
3581 5186 3871 5254 Gregorius

2308 5253 2545 5321 Magnus.
2572 5255 2613 5305 si
2643 5254 2750 5320 jam
2802 5254 3073 5320 proprium
3104 5256 3360 5307 haberent
3403 5253 3736 5323 episcotium,
3771 5274 3867 5309 non

2307 5337 2444 5397 vero
2462 5334 2513 5373 ut
2546 5325 3060 5397 perﬁcomrmum'ouem
3109 5325 3407 5392 episeopatis
3448 5326 3619 5379 throni
3649 5330 3867 5397 dignitas

2307 5394 2581 5446 dividatur.
2616 5392 2741 5447 Vide
2766 5396 2928 5458 ipsms
2960 5394 3051 5446 lib.
3081 5408 3116 5457 l,
3150 5410 3237 5459 ep.
3267 5397 3354 5455 43,
3377 5406 3482 5449 etc.

2382 5462 2403 5498 ¹ί
2433 5464 2529 5537 llis
2578 5464 2829 5537 sutl‘ectus
2874 5463 3065 5516 dicitur
3112 5464 3365 5518 Aruull'us
3412 5467 3582 5520 sancti
3640 5467 3863 5537 Remigii

2310 5532 2619 5600 discipulus,
2648 5549 2714 5586 ex
2744 5535 3063 5586 lthemorum
3092 5537 3307 5599 cciuite,
3332 5544 3388 5587 ut
3416 5540 3587 5602 aiunt,
3602 5532 3865 5592 exorcis'ta

2307 5604 2600 5663 ordinatus,
2633 5605 2722 5670 qui
2758 5618 2871 5671 post
2906 5604 3072 5656 varias
3092 5605 3566 5673 peregrinationes,
3588 5608 3809 5661 Rhemis
3839 5625 3862 5661 a

2310 5672 2515 5726 famulis
2547 5674 2869 5739 Sentium-gn
2899 5673 3013 5740 ejus
3041 5672 3247 5742 sponsae
3273 5691 3429 5743 quam
3464 5680 3571 5732 Deo
3585 5692 3861 5735 consecra-
