  <div class='ocr_page' id='page_1' title='image "/cluster/home/n/w/nwhite01/storage/ocr_20150623/71/uva.x000827083/303.png"; bbox 0 0 4020 6194; ppageno 0'>
   <div class='ocr_carea' id='block_1_1' title="bbox 545 242 640 295">
    <p class='ocr_par' dir='ltr' id='par_1_1' title="bbox 545 242 640 295">
     <span class='ocr_line' id='line_1_1' title="bbox 545 242 640 295; baseline 0.042 -4"><span class='ocrx_word' id='word_1_1' title='bbox 545 242 640 295; x_wconf 73' lang='grc'><strong>571</strong></span> 
     </span>
    </p>
   </div>
   <div class='ocr_carea' id='block_1_2' title="bbox 1577 241 2797 305">
    <p class='ocr_par' dir='ltr' id='par_1_2' title="bbox 1577 241 2797 305">
     <span class='ocr_line' id='line_1_2' title="bbox 1577 241 2797 305; baseline 0.002 -2"><span class='ocrx_word' id='word_1_2' title='bbox 1577 245 1634 303; x_wconf 89' lang='lat' dir='ltr'><strong>S.</strong></span> <span class='ocrx_word' id='word_1_3' title='bbox 1675 243 1998 301; x_wconf 74' lang='lat' dir='ltr'><strong>GRbGORll</strong></span> <span class='ocrx_word' id='word_1_4' title='bbox 2038 242 2335 298; x_wconf 67' lang='lat' dir='ltr'><strong>EPleOPl</strong></span> <span class='ocrx_word' id='word_1_5' title='bbox 2374 241 2797 305; x_wconf 69' lang='lat' dir='ltr'><strong>TUIlONENblS</strong></span> 
     </span>
    </p>
   </div>
   <div class='ocr_carea' id='block_1_3' title="bbox 3669 252 3774 304">
    <p class='ocr_par' dir='ltr' id='par_1_3' title="bbox 3669 252 3774 304">
     <span class='ocr_line' id='line_1_3' title="bbox 3669 252 3774 304; baseline 0.019 -2"><span class='ocrx_word' id='word_1_6' title='bbox 3669 252 3774 304; x_wconf 67' lang='lat'><strong>572</strong></span> 
     </span>
    </p>
   </div>
   <div class='ocr_carea' id='block_1_4' title="bbox 540 354 3778 429">
    <p class='ocr_par' dir='ltr' id='par_1_4' title="bbox 540 354 3778 429">
     <span class='ocr_line' id='line_1_4' title="bbox 540 354 3778 429; baseline 0.001 -19"><span class='ocrx_word' id='word_1_7' title='bbox 540 356 620 410; x_wconf 86' lang='lat' dir='ltr'><strong>dit</strong></span> <span class='ocrx_word' id='word_1_8' title='bbox 639 364 817 409; x_wconf 86' lang='lat' dir='ltr'><strong>autem</strong></span> <span class='ocrx_word' id='word_1_9' title='bbox 847 370 1016 412; x_wconf 85' lang='lat' dir='ltr'><strong>annos</strong></span> <span class='ocrx_word' id='word_1_10' title='bbox 1030 357 1432 427; x_wconf 79' lang='lat' dir='ltr'><strong>septemdecim,</strong></span> <span class='ocrx_word' id='word_1_11' title='bbox 1459 357 1693 429; x_wconf 87' lang='lat' dir='ltr'><strong>obiitque</strong></span> <span class='ocrx_word' id='word_1_12' title='bbox 1717 369 1872 412; x_wconf 69' lang='lat' dir='ltr'><strong>actate</strong></span> <span class='ocrx_word' id='word_1_13' title='bbox 1897 369 2106 425; x_wconf 84' lang='lat' dir='ltr'><strong>septua-</strong></span> <span class='ocrx_word' id='word_1_14' title='bbox 2145 361 2191 419; x_wconf 74' lang='grc' dir='ltr'><strong>Α</strong></span> <span class='ocrx_word' id='word_1_15' title='bbox 2218 370 2375 407; x_wconf 89' lang='lat' dir='ltr'><strong>unum</strong></span> <span class='ocrx_word' id='word_1_16' title='bbox 2408 354 2475 409; x_wconf 92' lang='lat' dir='ltr'><strong>de</strong></span> <span class='ocrx_word' id='word_1_17' title='bbox 2500 355 2633 409; x_wconf 82' lang='lat' dir='ltr'><strong>Vitis</strong></span> <span class='ocrx_word' id='word_1_18' title='bbox 2655 356 2867 410; x_wconf 80' lang='lat' dir='ltr'><strong>Patrum</strong></span> <span class='ocrx_word' id='word_1_19' title='bbox 2899 357 3119 426; x_wconf 86' lang='lat' dir='ltr'><strong>scripsi,</strong></span> <span class='ocrx_word' id='word_1_20' title='bbox 3154 359 3204 412; x_wconf 93' lang='lat' dir='ltr'><strong>in</strong></span> <span class='ocrx_word' id='word_1_21' title='bbox 3235 359 3478 413; x_wconf 80' lang='lat' dir='ltr'><strong>Psalterii</strong></span> <span class='ocrx_word' id='word_1_22' title='bbox 3507 368 3778 412; x_wconf 80' lang='lat' dir='ltr'><strong>tractatum</strong></span> 
     </span>
    </p>
   </div>
   <div class='ocr_carea' id='block_1_5' title="bbox 545 448 2107 515">
    <p class='ocr_par' dir='ltr' id='par_1_5' title="bbox 545 448 2107 515">
     <span class='ocr_line' id='line_1_5' title="bbox 545 448 2107 515; baseline -0.001 -14"><span class='ocrx_word' id='word_1_23' title='bbox 545 448 780 515; x_wconf 85' lang='lat' dir='ltr'><strong>genaria,</strong></span> <span class='ocrx_word' id='word_1_24' title='bbox 805 455 859 501; x_wconf 85' lang='lat' dir='ltr'><strong>et</strong></span> <span class='ocrx_word' id='word_1_25' title='bbox 896 449 1134 515; x_wconf 82' lang='lat' dir='ltr'><strong>sepultus</strong></span> <span class='ocrx_word' id='word_1_26' title='bbox 1164 457 1248 503; x_wconf 92' lang='lat' dir='ltr'><strong>est</strong></span> <span class='ocrx_word' id='word_1_27' title='bbox 1273 449 1325 502; x_wconf 94' lang='lat' dir='ltr'><strong>in</strong></span> <span class='ocrx_word' id='word_1_28' title='bbox 1356 449 1571 503; x_wconf 90' lang='lat' dir='ltr'><strong>basilica</strong></span> <span class='ocrx_word' id='word_1_29' title='bbox 1601 449 1768 504; x_wconf 98' lang='lat' dir='ltr'><strong>sancti</strong></span> <span class='ocrx_word' id='word_1_30' title='bbox 1818 448 2025 502; x_wconf 75' lang='lat' dir='ltr'><strong>Martini</strong></span> <span class='ocrx_word' id='word_1_31' title='bbox 2058 454 2107 500; x_wconf 82' lang='grc'><strong>⁸.</strong></span> 
     </span>
    </p>
   </div>
   <div class='ocr_carea' id='block_1_6' title="bbox 543 538 1818 609">
    <p class='ocr_par' dir='ltr' id='par_1_6' title="bbox 543 538 1818 609">
     <span class='ocr_line' id='line_1_6' title="bbox 543 538 1818 609; baseline 0.003 -18"><span class='ocrx_word' id='word_1_32' title='bbox 543 538 889 607; x_wconf 87' lang='lat' dir='ltr'><strong>Gcssavitque</strong></span> <span class='ocrx_word' id='word_1_33' title='bbox 916 541 1257 609; x_wconf 90' lang='lat' dir='ltr'><strong>episcopatus</strong></span> <span class='ocrx_word' id='word_1_34' title='bbox 1285 541 1398 595; x_wconf 87' lang='lat' dir='ltr'><strong>dies</strong></span> <span class='ocrx_word' id='word_1_35' title='bbox 1430 542 1818 596; x_wconf 88' lang='lat' dir='ltr'><strong>novemdecim.</strong></span> 
     </span>
    </p>
   </div>
   <div class='ocr_carea' id='block_1_7' title="bbox 616 629 2113 703">
    <p class='ocr_par' dir='ltr' id='par_1_7' title="bbox 616 629 2113 703">
     <span class='ocr_line' id='line_1_7' title="bbox 616 629 2113 703; baseline 0.002 -19"><span class='ocrx_word' id='word_1_36' title='bbox 616 629 703 684; x_wconf 75' lang='lat' dir='ltr'><strong>l9.</strong></span> <span class='ocrx_word' id='word_1_37' title='bbox 727 631 906 687; x_wconf 84' lang='lat' dir='ltr'><strong>Nonus</strong></span> <span class='ocrx_word' id='word_1_38' title='bbox 928 632 1166 688; x_wconf 89' lang='lat' dir='ltr'><strong>decimus</strong></span> <span class='ocrx_word' id='word_1_39' title='bbox 1196 634 1483 702; x_wconf 79' lang='lat' dir='ltr'><strong>Gregorius</strong></span> <span class='ocrx_word' id='word_1_40' title='bbox 1514 648 1616 702; x_wconf 91' lang='lat' dir='ltr'><strong>ego</strong></span> <span class='ocrx_word' id='word_1_41' title='bbox 1658 632 1908 703; x_wconf 89' lang='lat' dir='ltr'><strong>indignus</strong></span> <span class='ocrx_word' id='word_1_42' title='bbox 1943 632 2113 687; x_wconf 87' lang='lat' dir='ltr'><strong>eccle-</strong></span> 
     </span>
    </p>
   </div>
   <div class='ocr_carea' id='block_1_8' title="bbox 543 722 2114 793">
    <p class='ocr_par' dir='ltr' id='par_1_8' title="bbox 543 722 2114 793">
     <span class='ocr_line' id='line_1_8' title="bbox 543 722 2114 793; baseline 0.001 -18"><span class='ocrx_word' id='word_1_43' title='bbox 543 736 679 777; x_wconf 84' lang='lat' dir='ltr'><strong>sram</strong></span> <span class='ocrx_word' id='word_1_44' title='bbox 710 722 859 776; x_wconf 87' lang='lat' dir='ltr'><strong>urbis</strong></span> <span class='ocrx_word' id='word_1_45' title='bbox 880 723 1181 787; x_wconf 64' lang='lat' dir='ltr'><strong>Turonicae,</strong></span> <span class='ocrx_word' id='word_1_46' title='bbox 1214 724 1265 777; x_wconf 92' lang='lat' dir='ltr'><strong>in</strong></span> <span class='ocrx_word' id='word_1_47' title='bbox 1293 740 1395 793; x_wconf 89' lang='lat' dir='ltr'><strong>qua</strong></span> <span class='ocrx_word' id='word_1_48' title='bbox 1424 726 1609 779; x_wconf 89' lang='lat' dir='ltr'><strong>beatus</strong></span> <span class='ocrx_word' id='word_1_49' title='bbox 1640 725 1895 778; x_wconf 86' lang='lat' dir='ltr'><strong>Martinus</strong></span> <span class='ocrx_word' id='word_1_50' title='bbox 1924 733 1978 779; x_wconf 88' lang='lat' dir='ltr'><strong>et</strong></span> <span class='ocrx_word' id='word_1_51' title='bbox 2006 738 2114 777; x_wconf 68' lang='lat' dir='ltr'><strong>cte-</strong></span> 
     </span>
    </p>
   </div>
   <div class='ocr_carea' id='block_1_9' title="bbox 546 812 2110 882">
    <p class='ocr_par' dir='ltr' id='par_1_9' title="bbox 546 812 2110 882">
     <span class='ocr_line' id='line_1_9' title="bbox 546 812 2110 882; baseline 0 -15"><span class='ocrx_word' id='word_1_52' title='bbox 546 814 649 867; x_wconf 88' lang='lat' dir='ltr'><strong>teri</strong></span> <span class='ocrx_word' id='word_1_53' title='bbox 676 812 981 867; x_wconf 84' lang='lat' dir='ltr'><strong>sacerdotes</strong></span> <span class='ocrx_word' id='word_1_54' title='bbox 1008 814 1213 867; x_wconf 87' lang='lat' dir='ltr'><strong>Domini</strong></span> <span class='ocrx_word' id='word_1_55' title='bbox 1235 814 1301 867; x_wconf 86' lang='lat' dir='ltr'><strong>ad</strong></span> <span class='ocrx_word' id='word_1_56' title='bbox 1335 815 1670 882; x_wconf 80' lang='lat' dir='ltr'><strong>pontificatus</strong></span> <span class='ocrx_word' id='word_1_57' title='bbox 1709 814 1940 869; x_wconf 86' lang='lat' dir='ltr'><strong>officium</strong></span> <span class='ocrx_word' id='word_1_58' title='bbox 1977 829 2110 868; x_wconf 88' lang='lat' dir='ltr'><strong>con-</strong></span> 
     </span>
    </p>
   </div>
   <div class='ocr_carea' id='block_1_10' title="bbox 548 903 2110 981">
    <p class='ocr_par' dir='ltr' id='par_1_10' title="bbox 548 903 2110 981">
     <span class='ocr_line' id='line_1_10' title="bbox 548 903 2110 981; baseline 0.002 -25"><span class='ocrx_word' id='word_1_59' title='bbox 548 904 741 958; x_wconf 89' lang='lat' dir='ltr'><strong>secrati</strong></span> <span class='ocrx_word' id='word_1_60' title='bbox 795 912 939 969; x_wconf 91' lang='lat' dir='ltr'><strong>sunt,</strong></span> <span class='ocrx_word' id='word_1_61' title='bbox 966 903 1034 956; x_wconf 93' lang='lat' dir='ltr'><strong>ab</strong></span> <span class='ocrx_word' id='word_1_62' title='bbox 1083 904 1332 957; x_wconf 89' lang='lat' dir='ltr'><strong>incendio</strong></span> <span class='ocrx_word' id='word_1_63' title='bbox 1364 904 1688 981; x_wconf 44' lang='lat' dir='ltr'><strong>‘dissolutam</strong></span> <span class='ocrx_word' id='word_1_64' title='bbox 1740 906 2110 974; x_wconf 88' lang='lat' dir='ltr'><strong>diruptamqne</strong></span> 
     </span>
    </p>
   </div>
   <div class='ocr_carea' id='block_1_11' title="bbox 549 994 2114 1063">
    <p class='ocr_par' dir='ltr' id='par_1_11' title="bbox 549 994 2114 1063">
     <span class='ocr_line' id='line_1_11' title="bbox 549 994 2114 1063; baseline 0.002 -17"><span class='ocrx_word' id='word_1_65' title='bbox 549 1001 734 1048; x_wconf 92' lang='lat' dir='ltr'><strong>nactus</strong></span> <span class='ocrx_word' id='word_1_66' title='bbox 763 1007 903 1055; x_wconf 87' lang='lat' dir='ltr'><strong>sum,</strong></span> <span class='ocrx_word' id='word_1_67' title='bbox 941 1008 1095 1061; x_wconf 90' lang='lat' dir='ltr'><strong>quam</strong></span> <span class='ocrx_word' id='word_1_68' title='bbox 1142 994 1513 1049; x_wconf 66' lang='lat' dir='ltr'><strong>reasdilicatam</strong></span> <span class='ocrx_word' id='word_1_69' title='bbox 1547 996 1596 1049; x_wconf 92' lang='lat' dir='ltr'><strong>in</strong></span> <span class='ocrx_word' id='word_1_70' title='bbox 1636 996 1880 1063; x_wconf 92' lang='lat' dir='ltr'><strong>ampliori</strong></span> <span class='ocrx_word' id='word_1_71' title='bbox 1909 996 2114 1050; x_wconf 90' lang='lat' dir='ltr'><strong>altiori-</strong></span> 
     </span>
    </p>
   </div>
   <div class='ocr_carea' id='block_1_12' title="bbox 550 1082 2115 1152">
    <p class='ocr_par' dir='ltr' id='par_1_12' title="bbox 550 1082 2115 1152">
     <span class='ocr_line' id='line_1_12' title="bbox 550 1082 2115 1152; baseline 0.003 -16"><span class='ocrx_word' id='word_1_72' title='bbox 550 1098 655 1150; x_wconf 89' lang='lat' dir='ltr'><strong>que</strong></span> <span class='ocrx_word' id='word_1_73' title='bbox 688 1082 896 1152; x_wconf 89' lang='lat' dir='ltr'><strong>fastigio</strong></span> <span class='ocrx_word' id='word_1_74' title='bbox 924 1084 1152 1151; x_wconf 87' lang='lat' dir='ltr'><strong>septimo</strong></span> <span class='ocrx_word' id='word_1_75' title='bbox 1188 1086 1395 1139; x_wconf 91' lang='lat' dir='ltr'><strong>decimo</strong></span> <span class='ocrx_word' id='word_1_76' title='bbox 1424 1085 1775 1139; x_wconf 83' lang='lat' dir='ltr'><strong>ordinationis</strong></span> <span class='ocrx_word' id='word_1_77' title='bbox 1814 1101 1945 1140; x_wconf 60' lang='lat' dir='ltr'><strong>mea:</strong></span> <span class='ocrx_word' id='word_1_78' title='bbox 1972 1101 2115 1140; x_wconf 91' lang='lat' dir='ltr'><strong>anno</strong></span> 
     </span>
    </p>
   </div>
   <div class='ocr_carea' id='block_1_13' title="bbox 545 1172 2115 1248">
    <p class='ocr_par' dir='ltr' id='par_1_13' title="bbox 545 1172 2115 1248">
     <span class='ocr_line' id='line_1_13' title="bbox 545 1172 2115 1248; baseline 0.002 -21"><span class='ocrx_word' id='word_1_79' title='bbox 545 1172 806 1239; x_wconf 79' lang='lat' dir='ltr'><strong>dedicavi,</strong></span> <span class='ocrx_word' id='word_1_80' title='bbox 839 1175 889 1227; x_wconf 93' lang='lat' dir='ltr'><strong>in</strong></span> <span class='ocrx_word' id='word_1_81' title='bbox 928 1189 1053 1244; x_wconf 90' lang='lat' dir='ltr'><strong>qua,</strong></span> <span class='ocrx_word' id='word_1_82' title='bbox 1084 1178 1221 1229; x_wconf 85' lang='lat' dir='ltr'><strong>sicut</strong></span> <span class='ocrx_word' id='word_1_83' title='bbox 1248 1190 1277 1228; x_wconf 91' lang='lat' dir='ltr'><strong>a</strong></span> <span class='ocrx_word' id='word_1_84' title='bbox 1310 1176 1561 1245; x_wconf 78' lang='lat' dir='ltr'><strong>longzcvis</strong></span> <span class='ocrx_word' id='word_1_85' title='bbox 1594 1177 1920 1248; x_wconf 84' lang='lat' dir='ltr'><strong>presbyteris</strong></span> <span class='ocrx_word' id='word_1_86' title='bbox 1962 1192 2115 1231; x_wconf 86' lang='lat' dir='ltr'><strong>com-</strong></span> 
     </span>
    </p>
   </div>
   <div class='ocr_carea' id='block_1_14' title="bbox 547 1264 2117 1337">
    <p class='ocr_par' dir='ltr' id='par_1_14' title="bbox 547 1264 2117 1337">
     <span class='ocr_line' id='line_1_14' title="bbox 547 1264 2117 1337; baseline 0.003 -20"><span class='ocrx_word' id='word_1_87' title='bbox 547 1264 682 1334; x_wconf 84' lang='lat' dir='ltr'><strong>peri,</strong></span> <span class='ocrx_word' id='word_1_88' title='bbox 731 1266 1004 1319; x_wconf 85' lang='lat' dir='ltr'><strong>beatorum</strong></span> <span class='ocrx_word' id='word_1_89' title='bbox 1049 1265 1245 1320; x_wconf 87' lang='lat' dir='ltr'><strong>ibidem</strong></span> <span class='ocrx_word' id='word_1_90' title='bbox 1282 1266 1520 1335; x_wconf 73' lang='lat' dir='ltr'><strong>reliquize</strong></span> <span class='ocrx_word' id='word_1_91' title='bbox 1556 1268 1949 1337; x_wconf 79' lang='lat' dir='ltr'><strong>Agaunensium</strong></span> <span class='ocrx_word' id='word_1_92' title='bbox 1976 1278 1999 1306; x_wconf 79' lang='grc' dir='ltr'><strong>ο</strong></span> <span class='ocrx_word' id='word_1_93' title='bbox 2048 1269 2117 1322; x_wconf 87' lang='lat' dir='ltr'><strong>ab</strong></span> 
     </span>
    </p>
   </div>
   <div class='ocr_carea' id='block_1_15' title="bbox 546 1357 2115 1430">
    <p class='ocr_par' dir='ltr' id='par_1_15' title="bbox 546 1357 2115 1430">
     <span class='ocr_line' id='line_1_15' title="bbox 546 1357 2115 1430; baseline 0.004 -22"><span class='ocrx_word' id='word_1_94' title='bbox 546 1358 778 1427; x_wconf 87' lang='lat' dir='ltr'><strong>antiquis</strong></span> <span class='ocrx_word' id='word_1_95' title='bbox 835 1357 1040 1412; x_wconf 88' lang='lat' dir='ltr'><strong>fuerant</strong></span> <span class='ocrx_word' id='word_1_96' title='bbox 1094 1359 1386 1413; x_wconf 69' lang='lat' dir='ltr'><strong>collocatae.</strong></span> <span class='ocrx_word' id='word_1_97' title='bbox 1430 1359 1600 1427; x_wconf 91' lang='lat' dir='ltr'><strong>Ipsam</strong></span> <span class='ocrx_word' id='word_1_98' title='bbox 1630 1360 1790 1415; x_wconf 91' lang='lat' dir='ltr'><strong>etiam</strong></span> <span class='ocrx_word' id='word_1_99' title='bbox 1840 1360 2115 1430; x_wconf 87' lang='lat' dir='ltr'><strong>capsulam</strong></span> 
     </span>
    </p>
   </div>
   <div class='ocr_carea' id='block_1_16' title="bbox 555 1448 2116 1521">
    <p class='ocr_par' dir='ltr' id='par_1_16' title="bbox 555 1448 2116 1521">
     <span class='ocr_line' id='line_1_16' title="bbox 555 1448 2116 1521; baseline 0.001 -18"><span class='ocrx_word' id='word_1_100' title='bbox 555 1449 608 1503; x_wconf 91' lang='lat' dir='ltr'><strong>in</strong></span> <span class='ocrx_word' id='word_1_101' title='bbox 636 1448 887 1504; x_wconf 87' lang='lat' dir='ltr'><strong>thesauro</strong></span> <span class='ocrx_word' id='word_1_102' title='bbox 937 1449 1169 1504; x_wconf 68' lang='lat' dir='ltr'><strong>basilica:</strong></span> <span class='ocrx_word' id='word_1_103' title='bbox 1216 1450 1384 1503; x_wconf 81' lang='lat' dir='ltr'><strong>sancti</strong></span> <span class='ocrx_word' id='word_1_104' title='bbox 1431 1450 1641 1505; x_wconf 84' lang='lat' dir='ltr'><strong>Martini</strong></span> <span class='ocrx_word' id='word_1_105' title='bbox 1684 1453 1879 1520; x_wconf 91' lang='lat' dir='ltr'><strong>reperi,</strong></span> <span class='ocrx_word' id='word_1_106' title='bbox 1912 1453 1967 1506; x_wconf 92' lang='lat' dir='ltr'><strong>in</strong></span> <span class='ocrx_word' id='word_1_107' title='bbox 2012 1465 2116 1521; x_wconf 91' lang='lat' dir='ltr'><strong>qua</strong></span> 
     </span>
    </p>
   </div>
   <div class='ocr_carea' id='block_1_17' title="bbox 551 1540 2118 1612">
    <p class='ocr_par' dir='ltr' id='par_1_17' title="bbox 551 1540 2118 1612">
     <span class='ocr_line' id='line_1_17' title="bbox 551 1540 2118 1612; baseline 0.002 -18"><span class='ocrx_word' id='word_1_108' title='bbox 551 1540 708 1595; x_wconf 81' lang='lat' dir='ltr'><strong>valde</strong></span> <span class='ocrx_word' id='word_1_109' title='bbox 736 1541 1016 1609; x_wconf 76' lang='lat' dir='ltr'><strong>putredine</strong></span> <span class='ocrx_word' id='word_1_110' title='bbox 1061 1551 1177 1595; x_wconf 90' lang='lat' dir='ltr'><strong>erat</strong></span> <span class='ocrx_word' id='word_1_111' title='bbox 1218 1541 1405 1610; x_wconf 87' lang='lat' dir='ltr'><strong>pignus</strong></span> <span class='ocrx_word' id='word_1_112' title='bbox 1452 1541 1793 1606; x_wconf 87' lang='lat' dir='ltr'><strong>dissolutum,</strong></span> <span class='ocrx_word' id='word_1_113' title='bbox 1825 1543 1966 1612; x_wconf 83' lang='lat' dir='ltr'><strong>quod</strong></span> <span class='ocrx_word' id='word_1_114' title='bbox 2020 1557 2118 1611; x_wconf 92' lang='lat' dir='ltr'><strong>pro</strong></span> 
     </span>
    </p>
   </div>
   <div class='ocr_carea' id='block_1_18' title="bbox 552 1630 2118 1700">
    <p class='ocr_par' dir='ltr' id='par_1_18' title="bbox 552 1630 2118 1700">
     <span class='ocr_line' id='line_1_18' title="bbox 552 1630 2118 1700; baseline 0.001 -15"><span class='ocrx_word' id='word_1_115' title='bbox 552 1645 739 1685; x_wconf 88' lang='lat' dir='ltr'><strong>eorum</strong></span> <span class='ocrx_word' id='word_1_116' title='bbox 772 1631 1043 1700; x_wconf 76' lang='lat' dir='ltr'><strong>religionis</strong></span> <span class='ocrx_word' id='word_1_117' title='bbox 1081 1638 1163 1685; x_wconf 90' lang='lat' dir='ltr'><strong>est</strong></span> <span class='ocrx_word' id='word_1_118' title='bbox 1201 1632 1395 1686; x_wconf 85' lang='lat' dir='ltr'><strong>virtute</strong></span> <span class='ocrx_word' id='word_1_119' title='bbox 1437 1631 1671 1685; x_wconf 88' lang='lat' dir='ltr'><strong>delatmn</strong></span> <span class='ocrx_word' id='word_1_120' title='bbox 1701 1630 1749 1685; x_wconf 74' lang='grc' dir='ltr'><strong>ἀ.</strong></span> <span class='ocrx_word' id='word_1_121' title='bbox 1776 1635 1853 1687; x_wconf 82' lang='lat' dir='ltr'><strong>Ac</strong></span> <span class='ocrx_word' id='word_1_122' title='bbox 1881 1634 2005 1687; x_wconf 87' lang='lat' dir='ltr'><strong>dum</strong></span> <span class='ocrx_word' id='word_1_123' title='bbox 2037 1634 2118 1687; x_wconf 90' lang='lat' dir='ltr'><strong>vi-</strong></span> 
     </span>
    </p>
   </div>
   <div class='ocr_carea' id='block_1_19' title="bbox 2217 448 3779 515">
    <p class='ocr_par' dir='ltr' id='par_1_19' title="bbox 2217 448 3779 515">
     <span class='ocr_line' id='line_1_19' title="bbox 2217 448 3779 515; baseline 0.004 -15"><span class='ocrx_word' id='word_1_124' title='bbox 2217 448 2413 501; x_wconf 92' lang='lat' dir='ltr'><strong>lihrnm</strong></span> <span class='ocrx_word' id='word_1_125' title='bbox 2447 466 2607 502; x_wconf 89' lang='lat' dir='ltr'><strong>unum</strong></span> <span class='ocrx_word' id='word_1_126' title='bbox 2638 458 3026 504; x_wconf 83' lang='lat' dir='ltr'><strong>commentatus</strong></span> <span class='ocrx_word' id='word_1_127' title='bbox 3051 466 3167 505; x_wconf 91' lang='lat' dir='ltr'><strong>sum</strong></span> <span class='ocrx_word' id='word_1_128' title='bbox 3195 467 3211 515; x_wconf 89' lang='lat'><strong>;</strong></span> <span class='ocrx_word' id='word_1_129' title='bbox 3243 452 3311 507; x_wconf 90' lang='lat' dir='ltr'><strong>de</strong></span> <span class='ocrx_word' id='word_1_130' title='bbox 3340 450 3597 505; x_wconf 81' lang='lat' dir='ltr'><strong>Cursibus</strong></span> <span class='ocrx_word' id='word_1_131' title='bbox 3621 453 3779 506; x_wconf 88' lang='lat' dir='ltr'><strong>etiam</strong></span> 
     </span>
    </p>
   </div>
   <div class='ocr_carea' id='block_1_20' title="bbox 2211 540 3777 609">
    <p class='ocr_par' dir='ltr' id='par_1_20' title="bbox 2211 540 3777 609">
     <span class='ocr_line' id='line_1_20' title="bbox 2211 540 3777 609; baseline 0.003 -17"><span class='ocrx_word' id='word_1_132' title='bbox 2211 540 2590 593; x_wconf 86' lang='lat' dir='ltr'><strong>ecclesiasticis</strong></span> <span class='ocrx_word' id='word_1_133' title='bbox 2614 555 2775 593; x_wconf 90' lang='lat' dir='ltr'><strong>unum</strong></span> <span class='ocrx_word' id='word_1_134' title='bbox 2810 540 3001 595; x_wconf 90' lang='lat' dir='ltr'><strong>librum</strong></span> <span class='ocrx_word' id='word_1_135' title='bbox 3031 543 3268 599; x_wconf 84' lang='lat' dir='ltr'><strong>condidi.</strong></span> <span class='ocrx_word' id='word_1_136' title='bbox 3295 544 3441 609; x_wconf 91' lang='lat' dir='ltr'><strong>Quos</strong></span> <span class='ocrx_word' id='word_1_137' title='bbox 3471 542 3635 596; x_wconf 87' lang='lat' dir='ltr'><strong>libros</strong></span> <span class='ocrx_word' id='word_1_138' title='bbox 3658 543 3777 597; x_wconf 84' lang='lat' dir='ltr'><strong>licet</strong></span> 
     </span>
    </p>
   </div>
   <div class='ocr_carea' id='block_1_21' title="bbox 2214 630 3780 701">
    <p class='ocr_par' dir='ltr' id='par_1_21' title="bbox 2214 630 3780 701">
     <span class='ocr_line' id='line_1_21' title="bbox 2214 630 3780 701; baseline 0.003 -18"><span class='ocrx_word' id='word_1_139' title='bbox 2214 630 2357 699; x_wconf 80' lang='lat' dir='ltr'><strong>stylo</strong></span> <span class='ocrx_word' id='word_1_140' title='bbox 2388 630 2652 684; x_wconf 89' lang='lat' dir='ltr'><strong>rrrsticiori</strong></span> <span class='ocrx_word' id='word_1_141' title='bbox 2685 631 3127 701; x_wconf 80' lang='lat' dir='ltr'><strong>conscripserim,</strong></span> <span class='ocrx_word' id='word_1_142' title='bbox 3155 642 3329 686; x_wconf 89' lang='lat' dir='ltr'><strong>tamen</strong></span> <span class='ocrx_word' id='word_1_143' title='bbox 3352 634 3579 700; x_wconf 83' lang='lat' dir='ltr'><strong>conjuro</strong></span> <span class='ocrx_word' id='word_1_144' title='bbox 3599 650 3780 687; x_wconf 84' lang='lat' dir='ltr'><strong>omnes</strong></span> 
     </span>
    </p>
   </div>
   <div class='ocr_carea' id='block_1_22' title="bbox 2213 719 3781 790">
    <p class='ocr_par' dir='ltr' id='par_1_22' title="bbox 2213 719 3781 790">
     <span class='ocr_line' id='line_1_22' title="bbox 2213 719 3781 790; baseline 0.004 -19"><span class='ocrx_word' id='word_1_145' title='bbox 2213 719 2520 773; x_wconf 80' lang='lat' dir='ltr'><strong>sacerdotes</strong></span> <span class='ocrx_word' id='word_1_146' title='bbox 2552 720 2794 785; x_wconf 89' lang='lat' dir='ltr'><strong>Domini,</strong></span> <span class='ocrx_word' id='word_1_147' title='bbox 2824 721 2915 787; x_wconf 87' lang='lat' dir='ltr'><strong>qui</strong></span> <span class='ocrx_word' id='word_1_148' title='bbox 2945 730 3067 790; x_wconf 91' lang='lat' dir='ltr'><strong>post</strong></span> <span class='ocrx_word' id='word_1_149' title='bbox 3095 738 3180 775; x_wconf 89' lang='lat' dir='ltr'><strong>me</strong></span> <span class='ocrx_word' id='word_1_150' title='bbox 3209 722 3463 777; x_wconf 88' lang='lat' dir='ltr'><strong>humilem</strong></span> <span class='ocrx_word' id='word_1_151' title='bbox 3500 724 3781 778; x_wconf 83' lang='lat' dir='ltr'><strong>ecclesiam</strong></span> 
     </span>
    </p>
   </div>
   <div class='ocr_carea' id='block_1_23' title="bbox 2213 808 3782 879">
    <p class='ocr_par' dir='ltr' id='par_1_23' title="bbox 2213 808 3782 879">
     <span class='ocr_line' id='line_1_23' title="bbox 2213 808 3782 879; baseline 0.004 -16"><span class='ocrx_word' id='word_1_152' title='bbox 2213 808 2255 863; x_wconf 85' lang='grc' dir='ltr'><strong>Τ</strong></span> <span class='ocrx_word' id='word_1_153' title='bbox 2263 811 2533 863; x_wconf 87' lang='lat' dir='ltr'><strong>uronicarn</strong></span> <span class='ocrx_word' id='word_1_154' title='bbox 2562 821 2682 864; x_wconf 89' lang='lat' dir='ltr'><strong>sunt</strong></span> <span class='ocrx_word' id='word_1_155' title='bbox 2708 810 2933 876; x_wconf 79' lang='lat' dir='ltr'><strong>recturi,</strong></span> <span class='ocrx_word' id='word_1_156' title='bbox 2961 828 3053 879; x_wconf 89' lang='lat' dir='ltr'><strong>per</strong></span> <span class='ocrx_word' id='word_1_157' title='bbox 3073 813 3356 867; x_wconf 85' lang='lat' dir='ltr'><strong>adventum</strong></span> <span class='ocrx_word' id='word_1_158' title='bbox 3383 814 3595 868; x_wconf 89' lang='lat' dir='ltr'><strong>Domini</strong></span> <span class='ocrx_word' id='word_1_159' title='bbox 3622 827 3782 870; x_wconf 78' lang='lat' dir='ltr'><strong>nostri</strong></span> 
     </span>
    </p>
   </div>
   <div class='ocr_carea' id='block_1_24' title="bbox 2212 901 3783 973">
    <p class='ocr_par' dir='ltr' id='par_1_24' title="bbox 2212 901 3783 973">
     <span class='ocr_line' id='line_1_24' title="bbox 2212 901 3783 973; baseline 0.001 -18"><span class='ocrx_word' id='word_1_160' title='bbox 2212 901 2338 955; x_wconf 86' lang='lat' dir='ltr'><strong>Jesu</strong></span> <span class='ocrx_word' id='word_1_161' title='bbox 2362 901 2582 969; x_wconf 81' lang='lat' dir='ltr'><strong>Christi,</strong></span> <span class='ocrx_word' id='word_1_162' title='bbox 2612 917 2675 956; x_wconf 89' lang='lat' dir='ltr'><strong>ac</strong></span> <span class='ocrx_word' id='word_1_163' title='bbox 2700 903 2990 956; x_wconf 81' lang='lat' dir='ltr'><strong>terribilem</strong></span> <span class='ocrx_word' id='word_1_164' title='bbox 3014 904 3124 958; x_wconf 91' lang='lat' dir='ltr'><strong>reis</strong></span> <span class='ocrx_word' id='word_1_165' title='bbox 3144 904 3391 959; x_wconf 90' lang='lat' dir='ltr'><strong>omnibus</strong></span> <span class='ocrx_word' id='word_1_166' title='bbox 3411 905 3597 973; x_wconf 88' lang='lat' dir='ltr'><strong>jndicii</strong></span> <span class='ocrx_word' id='word_1_167' title='bbox 3619 906 3783 969; x_wconf 80' lang='lat' dir='ltr'><strong>diem,</strong></span> 
     </span>
    </p>
   </div>
   <div class='ocr_carea' id='block_1_25' title="bbox 2213 990 3783 1063">
    <p class='ocr_par' dir='ltr' id='par_1_25' title="bbox 2213 990 3783 1063">
     <span class='ocr_line' id='line_1_25' title="bbox 2213 990 3783 1063; baseline 0.004 -20"><span class='ocrx_word' id='word_1_168' title='bbox 2213 991 2256 1043; x_wconf 89' lang='lat' dir='ltr'><strong>si</strong></span> <span class='ocrx_word' id='word_1_169' title='bbox 2300 1006 2567 1059; x_wconf 88' lang='lat' dir='ltr'><strong>nunquam</strong></span> <span class='ocrx_word' id='word_1_170' title='bbox 2597 990 2805 1045; x_wconf 89' lang='lat' dir='ltr'><strong>confusi</strong></span> <span class='ocrx_word' id='word_1_171' title='bbox 2834 993 2901 1047; x_wconf 93' lang='lat' dir='ltr'><strong>de</strong></span> <span class='ocrx_word' id='word_1_172' title='bbox 2930 993 3046 1060; x_wconf 90' lang='lat' dir='ltr'><strong>ipso</strong></span> <span class='ocrx_word' id='word_1_173' title='bbox 3070 992 3274 1063; x_wconf 90' lang='lat' dir='ltr'><strong>judicio</strong></span> <span class='ocrx_word' id='word_1_174' title='bbox 3302 995 3642 1050; x_wconf 76' lang='lat' dir='ltr'><strong>discedentes</strong></span> <span class='ocrx_word' id='word_1_175' title='bbox 3668 1011 3783 1049; x_wconf 90' lang='lat' dir='ltr'><strong>curn</strong></span> 
     </span>
    </p>
   </div>
   <div class='ocr_carea' id='block_1_26' title="bbox 2214 1079 3781 1154">
    <p class='ocr_par' dir='ltr' id='par_1_26' title="bbox 2214 1079 3781 1154">
     <span class='ocr_line' id='line_1_26' title="bbox 2214 1079 3781 1154; baseline 0.003 -20"><span class='ocrx_word' id='word_1_176' title='bbox 2214 1079 2429 1135; x_wconf 83' lang='lat' dir='ltr'><strong>diabolo</strong></span> <span class='ocrx_word' id='word_1_177' title='bbox 2466 1082 2853 1136; x_wconf 90' lang='lat' dir='ltr'><strong>condemnandi</strong></span> <span class='ocrx_word' id='word_1_178' title='bbox 2894 1086 3057 1147; x_wconf 86' lang='lat' dir='ltr'><strong>estis,</strong></span> <span class='ocrx_word' id='word_1_179' title='bbox 3105 1097 3161 1137; x_wconf 91' lang='lat' dir='ltr'><strong>ut</strong></span> <span class='ocrx_word' id='word_1_180' title='bbox 3187 1101 3454 1154; x_wconf 82' lang='lat' dir='ltr'><strong>nunquam</strong></span> <span class='ocrx_word' id='word_1_181' title='bbox 3488 1084 3658 1140; x_wconf 89' lang='lat' dir='ltr'><strong>libros</strong></span> <span class='ocrx_word' id='word_1_182' title='bbox 3688 1086 3781 1139; x_wconf 89' lang='lat' dir='ltr'><strong>hos</strong></span> 
     </span>
    </p>
   </div>
   <div class='ocr_carea' id='block_1_27' title="bbox 2216 1173 3782 1243">
    <p class='ocr_par' dir='ltr' id='par_1_27' title="bbox 2216 1173 3782 1243">
     <span class='ocr_line' id='line_1_27' title="bbox 2216 1173 3782 1243; baseline 0.001 -18"><span class='ocrx_word' id='word_1_183' title='bbox 2216 1173 2434 1226; x_wconf 86' lang='lat' dir='ltr'><strong>abolere</strong></span> <span class='ocrx_word' id='word_1_184' title='bbox 2461 1173 2695 1237; x_wconf 88' lang='lat' dir='ltr'><strong>faciatis,</strong></span> <span class='ocrx_word' id='word_1_185' title='bbox 2725 1182 2816 1226; x_wconf 90' lang='lat' dir='ltr'><strong>aut</strong></span> <span class='ocrx_word' id='word_1_186' title='bbox 2846 1173 3104 1237; x_wconf 90' lang='lat' dir='ltr'><strong>rescribi,</strong></span> <span class='ocrx_word' id='word_1_187' title='bbox 3139 1175 3290 1240; x_wconf 76' lang='lat' dir='ltr'><strong>quasi</strong></span> <span class='ocrx_word' id='word_1_188' title='bbox 3331 1175 3571 1242; x_wconf 67' lang='lat' dir='ltr'><strong>quaedam</strong></span> <span class='ocrx_word' id='word_1_189' title='bbox 3610 1176 3782 1243; x_wconf 81' lang='lat' dir='ltr'><strong>legen-</strong></span> 
     </span>
    </p>
   </div>
   <div class='ocr_carea' id='block_1_28' title="bbox 2218 1268 3784 1337">
    <p class='ocr_par' dir='ltr' id='par_1_28' title="bbox 2218 1268 3784 1337">
     <span class='ocr_line' id='line_1_28' title="bbox 2218 1268 3784 1337; baseline 0.003 -16"><span class='ocrx_word' id='word_1_190' title='bbox 2218 1278 2329 1329; x_wconf 89' lang='lat' dir='ltr'><strong>tes,</strong></span> <span class='ocrx_word' id='word_1_191' title='bbox 2361 1278 2415 1321; x_wconf 90' lang='lat' dir='ltr'><strong>et</strong></span> <span class='ocrx_word' id='word_1_192' title='bbox 2444 1270 2594 1336; x_wconf 88' lang='lat' dir='ltr'><strong>quasi</strong></span> <span class='ocrx_word' id='word_1_193' title='bbox 2638 1268 2881 1337; x_wconf 72' lang='lat' dir='ltr'><strong>quaedam</strong></span> <span class='ocrx_word' id='word_1_194' title='bbox 2910 1272 3409 1337; x_wconf 71' lang='lat' dir='ltr'><strong>prmtermittentes:</strong></span> <span class='ocrx_word' id='word_1_195' title='bbox 3442 1273 3534 1327; x_wconf 89' lang='lat' dir='ltr'><strong>sed</strong></span> <span class='ocrx_word' id='word_1_196' title='bbox 3569 1274 3637 1326; x_wconf 90' lang='lat' dir='ltr'><strong>ita</strong></span> <span class='ocrx_word' id='word_1_197' title='bbox 3670 1288 3784 1325; x_wconf 87' lang='lat' dir='ltr'><strong>om-</strong></span> 
     </span>
    </p>
   </div>
   <div class='ocr_carea' id='block_1_29' title="bbox 2217 1355 3786 1430">
    <p class='ocr_par' dir='ltr' id='par_1_29' title="bbox 2217 1355 3786 1430">
     <span class='ocr_line' id='line_1_29' title="bbox 2217 1355 3786 1430; baseline 0.007 -21"><span class='ocrx_word' id='word_1_198' title='bbox 2217 1356 2303 1409; x_wconf 90' lang='lat' dir='ltr'><strong>nia</strong></span> <span class='ocrx_word' id='word_1_199' title='bbox 2334 1355 2606 1410; x_wconf 84' lang='lat' dir='ltr'><strong>vobiscum</strong></span> <span class='ocrx_word' id='word_1_200' title='bbox 2642 1356 2847 1427; x_wconf 89' lang='lat' dir='ltr'><strong>integra</strong></span> <span class='ocrx_word' id='word_1_201' title='bbox 2872 1359 3176 1430; x_wconf 90' lang='lat' dir='ltr'><strong>illibataque</strong></span> <span class='ocrx_word' id='word_1_202' title='bbox 3205 1374 3549 1430; x_wconf 83' lang='lat' dir='ltr'><strong>permaneant</strong></span> <span class='ocrx_word' id='word_1_203' title='bbox 3580 1360 3626 1428; x_wconf 69' lang='grc' dir='ltr'><strong>ί,</strong></span> <span class='ocrx_word' id='word_1_204' title='bbox 3654 1365 3786 1420; x_wconf 85' lang='lat' dir='ltr'><strong>sicut</strong></span> 
     </span>
    </p>
   </div>
   <div class='ocr_carea' id='block_1_30' title="bbox 2216 1450 3785 1525">
    <p class='ocr_par' dir='ltr' id='par_1_30' title="bbox 2216 1450 3785 1525">
     <span class='ocr_line' id='line_1_30' title="bbox 2216 1450 3785 1525; baseline 0.006 -25"><span class='ocrx_word' id='word_1_205' title='bbox 2216 1462 2245 1501; x_wconf 89' lang='lat' dir='ltr'><strong>a</strong></span> <span class='ocrx_word' id='word_1_206' title='bbox 2278 1450 2430 1503; x_wconf 90' lang='lat' dir='ltr'><strong>nobis</strong></span> <span class='ocrx_word' id='word_1_207' title='bbox 2458 1451 2642 1504; x_wconf 89' lang='lat' dir='ltr'><strong>relicta</strong></span> <span class='ocrx_word' id='word_1_208' title='bbox 2673 1460 2819 1504; x_wconf 92' lang='lat' dir='ltr'><strong>sunt.</strong></span> <span class='ocrx_word' id='word_1_209' title='bbox 2851 1452 3001 1517; x_wconf 84' lang='lat' dir='ltr'><strong>Quod</strong></span> <span class='ocrx_word' id='word_1_210' title='bbox 3032 1455 3075 1506; x_wconf 89' lang='lat' dir='ltr'><strong>si</strong></span> <span class='ocrx_word' id='word_1_211' title='bbox 3108 1464 3157 1508; x_wconf 90' lang='lat' dir='ltr'><strong>te</strong></span> <span class='ocrx_word' id='word_1_212' title='bbox 3186 1454 3435 1509; x_wconf 87' lang='lat' dir='ltr'><strong>sacerdos</strong></span> <span class='ocrx_word' id='word_1_213' title='bbox 3482 1456 3577 1510; x_wconf 92' lang='lat' dir='ltr'><strong>Dei</strong></span> <span class='ocrx_word' id='word_1_214' title='bbox 3604 1497 3620 1520; x_wconf 93' lang='lat'><strong>,</strong></span> <span class='ocrx_word' id='word_1_215' title='bbox 3665 1457 3785 1525; x_wconf 87' lang='lat' dir='ltr'><strong>qni-</strong></span> 
     </span>
    </p>
   </div>
   <div class='ocr_carea' id='block_1_31' title="bbox 2216 1542 3791 1615">
    <p class='ocr_par' dir='ltr' id='par_1_31' title="bbox 2216 1542 3791 1615">
     <span class='ocr_line' id='line_1_31' title="bbox 2216 1542 3791 1615; baseline 0.004 -21"><span class='ocrx_word' id='word_1_216' title='bbox 2216 1554 2423 1609; x_wconf 82' lang='lat' dir='ltr'><strong>cunque</strong></span> <span class='ocrx_word' id='word_1_217' title='bbox 2470 1557 2570 1607; x_wconf 91' lang='lat' dir='ltr'><strong>es,</strong></span> <span class='ocrx_word' id='word_1_218' title='bbox 2624 1542 2913 1595; x_wconf 80' lang='lat' dir='ltr'><strong>Martianus</strong></span> <span class='ocrx_word' id='word_1_219' title='bbox 2941 1552 2965 1589; x_wconf 78' lang='grc' dir='ltr'>ις</span> <span class='ocrx_word' id='word_1_220' title='bbox 3010 1555 3191 1599; x_wconf 90' lang='lat' dir='ltr'><strong>noster</strong></span> <span class='ocrx_word' id='word_1_221' title='bbox 3234 1554 3439 1615; x_wconf 50' lang='lat' dir='ltr'><strong>septem</strong></span> <span class='ocrx_word' id='word_1_222' title='bbox 3488 1547 3791 1615; x_wconf 85' lang='lat' dir='ltr'><strong>disciplinis</strong></span> 
     </span>
    </p>
   </div>
   <div class='ocr_carea' id='block_1_32' title="bbox 2220 1630 3786 1703">
    <p class='ocr_par' dir='ltr' id='par_1_32' title="bbox 2220 1630 3786 1703">
     <span class='ocr_line' id='line_1_32' title="bbox 2220 1630 3786 1703; baseline 0.004 -19"><span class='ocrx_word' id='word_1_223' title='bbox 2220 1630 2383 1701; x_wconf 78' lang='lat'><strong>538</strong></span> <span class='ocrx_word' id='word_1_224' title='bbox 2406 1631 2631 1694; x_wconf 86' lang='lat' dir='ltr'><strong>erudiit,</strong></span> <span class='ocrx_word' id='word_1_225' title='bbox 2659 1632 2707 1684; x_wconf 92' lang='lat' dir='ltr'><strong>id</strong></span> <span class='ocrx_word' id='word_1_226' title='bbox 2734 1642 2849 1696; x_wconf 91' lang='lat' dir='ltr'><strong>est,</strong></span> <span class='ocrx_word' id='word_1_227' title='bbox 2884 1632 2929 1686; x_wconf 78' lang='lat' dir='ltr'><strong>si</strong></span> <span class='ocrx_word' id='word_1_228' title='bbox 2962 1642 3011 1686; x_wconf 87' lang='lat' dir='ltr'><strong>te</strong></span> <span class='ocrx_word' id='word_1_229' title='bbox 3041 1635 3092 1688; x_wconf 89' lang='lat' dir='ltr'><strong>in</strong></span> <span class='ocrx_word' id='word_1_230' title='bbox 3122 1636 3483 1703; x_wconf 77' lang='lat' dir='ltr'><strong>grammaticis</strong></span> <span class='ocrx_word' id='word_1_231' title='bbox 3510 1637 3694 1689; x_wconf 86' lang='lat' dir='ltr'><strong>docuit</strong></span> <span class='ocrx_word' id='word_1_232' title='bbox 3719 1637 3786 1690; x_wconf 85' lang='lat' dir='ltr'><strong>le-</strong></span> 
     </span>
    </p>
   </div>
   <div class='ocr_carea' id='block_1_33' title="bbox 551 1720 3785 1797">
    <p class='ocr_par' dir='ltr' id='par_1_33' title="bbox 551 1720 3785 1797">
     <span class='ocr_line' id='line_1_33' title="bbox 551 1720 3785 1797; baseline 0.004 -24"><span class='ocrx_word' id='word_1_233' title='bbox 551 1720 693 1791; x_wconf 68' lang='lat' dir='ltr'><strong>giliae</strong></span> <span class='ocrx_word' id='word_1_234' title='bbox 727 1720 778 1774; x_wconf 94' lang='lat' dir='ltr'><strong>in</strong></span> <span class='ocrx_word' id='word_1_235' title='bbox 823 1736 1007 1775; x_wconf 90' lang='lat' dir='ltr'><strong>eorum</strong></span> <span class='ocrx_word' id='word_1_236' title='bbox 1039 1722 1241 1776; x_wconf 83' lang='lat' dir='ltr'><strong>honore</strong></span> <span class='ocrx_word' id='word_1_237' title='bbox 1285 1723 1707 1786; x_wconf 83' lang='lat' dir='ltr'><strong>celebrarentur,</strong></span> <span class='ocrx_word' id='word_1_238' title='bbox 1740 1724 1895 1779; x_wconf 87' lang='lat' dir='ltr'><strong>libuit</strong></span> <span class='ocrx_word' id='word_1_239' title='bbox 1939 1726 2119 1780; x_wconf 91' lang='lat' dir='ltr'><strong>animo</strong></span> <span class='ocrx_word' id='word_1_240' title='bbox 2152 1738 2197 1797; x_wconf 73' lang='grc' dir='ltr'><strong>Β</strong></span> <span class='ocrx_word' id='word_1_241' title='bbox 2226 1734 2350 1790; x_wconf 71' lang='lat' dir='ltr'><strong>gere</strong></span> <span class='ocrx_word' id='word_1_242' title='bbox 2371 1761 2385 1785; x_wconf 69' lang='grc' dir='ltr'>υ</span> <span class='ocrx_word' id='word_1_243' title='bbox 2422 1722 2472 1774; x_wconf 74' lang='lat' dir='ltr'><strong>ill</strong></span> <span class='ocrx_word' id='word_1_244' title='bbox 2506 1721 2796 1774; x_wconf 63' lang='lat' dir='ltr'><strong>dialel&#39;liCiS</strong></span> <span class='ocrx_word' id='word_1_245' title='bbox 2825 1722 3225 1776; x_wconf 69' lang='grc' dir='ltr'>θιιεῐωιὶοηυιιι</span> <span class='ocrx_word' id='word_1_246' title='bbox 3275 1724 3665 1793; x_wconf 70' lang='lat' dir='ltr'><strong>propositi-mes</strong></span> <span class='ocrx_word' id='word_1_247' title='bbox 3694 1728 3785 1779; x_wconf 79' lang='lat' dir='ltr'><strong>ad-</strong></span> 
     </span>
    </p>
   </div>
   <div class='ocr_carea' id='block_1_34' title="bbox 555 1812 2121 1885">
    <p class='ocr_par' dir='ltr' id='par_1_34' title="bbox 555 1812 2121 1885">
     <span class='ocr_line' id='line_1_34' title="bbox 555 1812 2121 1885; baseline 0.004 -20"><span class='ocrx_word' id='word_1_248' title='bbox 555 1812 670 1867; x_wconf 64' lang='grc' dir='ltr'>ιιωο</span> <span class='ocrx_word' id='word_1_249' title='bbox 697 1812 891 1867; x_wconf 88' lang='lat' dir='ltr'><strong>iterum</strong></span> <span class='ocrx_word' id='word_1_250' title='bbox 934 1815 1345 1883; x_wconf 67' lang='lat' dir='ltr'><strong>praelucescente</strong></span> <span class='ocrx_word' id='word_1_251' title='bbox 1369 1830 1527 1869; x_wconf 90' lang='lat' dir='ltr'><strong>cereo</strong></span> <span class='ocrx_word' id='word_1_252' title='bbox 1557 1815 1777 1871; x_wconf 83' lang='lat' dir='ltr'><strong>visitare</strong></span> <span class='ocrx_word' id='word_1_253' title='bbox 1808 1833 1820 1867; x_wconf 88' lang='lat'><strong>:</strong></span> <span class='ocrx_word' id='word_1_254' title='bbox 1851 1832 1969 1885; x_wconf 68' lang='lat' dir='ltr'><strong>qua:</strong></span> <span class='ocrx_word' id='word_1_255' title='bbox 1996 1816 2121 1871; x_wconf 92' lang='lat' dir='ltr'><strong>dum</strong></span> 
     </span>
    </p>
   </div>
   <div class='ocr_carea' id='block_1_35' title="bbox 552 1905 2118 1975">
    <p class='ocr_par' dir='ltr' id='par_1_35' title="bbox 552 1905 2118 1975">
     <span class='ocr_line' id='line_1_35' title="bbox 552 1905 2118 1975; baseline 0.005 -20"><span class='ocrx_word' id='word_1_256' title='bbox 552 1918 580 1955; x_wconf 88' lang='lat' dir='ltr'><strong>a</strong></span> <span class='ocrx_word' id='word_1_257' title='bbox 604 1905 755 1959; x_wconf 91' lang='lat' dir='ltr'><strong>nobis</strong></span> <span class='ocrx_word' id='word_1_258' title='bbox 775 1913 977 1959; x_wconf 89' lang='lat' dir='ltr'><strong>attente</strong></span> <span class='ocrx_word' id='word_1_259' title='bbox 1006 1906 1435 1974; x_wconf 81' lang='lat' dir='ltr'><strong>rirnantur,dixit</strong></span> <span class='ocrx_word' id='word_1_260' title='bbox 1462 1907 1591 1960; x_wconf 67' lang='lat' dir='ltr'><strong>redis</strong></span> <span class='ocrx_word' id='word_1_261' title='bbox 1611 1906 1839 1960; x_wconf 66' lang='lat' dir='ltr'><strong>aedituus</strong></span> <span class='ocrx_word' id='word_1_262' title='bbox 1859 1924 1873 1963; x_wconf 90' lang='lat'><strong>:</strong></span> <span class='ocrx_word' id='word_1_263' title='bbox 1894 1908 1986 1961; x_wconf 86' lang='lat' dir='ltr'><strong>Est</strong></span> <span class='ocrx_word' id='word_1_264' title='bbox 2014 1909 2118 1975; x_wconf 90' lang='lat' dir='ltr'><strong>hic,</strong></span> 
     </span>
    </p>
   </div>
   <div class='ocr_carea' id='block_1_36' title="bbox 557 1992 2125 2065">
    <p class='ocr_par' dir='ltr' id='par_1_36' title="bbox 557 1992 2125 2065">
     <span class='ocr_line' id='line_1_36' title="bbox 557 1992 2125 2065; baseline 0.004 -20"><span class='ocrx_word' id='word_1_265' title='bbox 557 1992 748 2061; x_wconf 82' lang='lat' dir='ltr'><strong>inquit,</strong></span> <span class='ocrx_word' id='word_1_266' title='bbox 787 1993 919 2062; x_wconf 87' lang='lat' dir='ltr'><strong>lapis</strong></span> <span class='ocrx_word' id='word_1_267' title='bbox 946 1996 1214 2063; x_wconf 81' lang='lat' dir='ltr'><strong>Opertorio</strong></span> <span class='ocrx_word' id='word_1_268' title='bbox 1258 2005 1450 2063; x_wconf 90' lang='lat' dir='ltr'><strong>tectus,</strong></span> <span class='ocrx_word' id='word_1_269' title='bbox 1486 1997 1536 2049; x_wconf 92' lang='lat' dir='ltr'><strong>in</strong></span> <span class='ocrx_word' id='word_1_270' title='bbox 1574 2012 1682 2064; x_wconf 89' lang='lat' dir='ltr'><strong>quo</strong></span> <span class='ocrx_word' id='word_1_271' title='bbox 1708 1997 1833 2065; x_wconf 90' lang='lat' dir='ltr'><strong>quid</strong></span> <span class='ocrx_word' id='word_1_272' title='bbox 1866 1996 2125 2051; x_wconf 85' lang='lat' dir='ltr'><strong>habeatur</strong></span> 
     </span>
    </p>
   </div>
   <div class='ocr_carea' id='block_1_37' title="bbox 556 2087 2124 2157">
    <p class='ocr_par' dir='ltr' id='par_1_37' title="bbox 556 2087 2124 2157">
     <span class='ocr_line' id='line_1_37' title="bbox 556 2087 2124 2157; baseline 0.002 -17"><span class='ocrx_word' id='word_1_273' title='bbox 556 2100 776 2154; x_wconf 85' lang='lat' dir='ltr'><strong>prorsus</strong></span> <span class='ocrx_word' id='word_1_274' title='bbox 826 2089 1046 2157; x_wconf 82' lang='lat' dir='ltr'><strong>ignoto,</strong></span> <span class='ocrx_word' id='word_1_275' title='bbox 1087 2087 1182 2142; x_wconf 92' lang='lat' dir='ltr'><strong>sed</strong></span> <span class='ocrx_word' id='word_1_276' title='bbox 1228 2103 1329 2143; x_wconf 91' lang='lat' dir='ltr'><strong>nec</strong></span> <span class='ocrx_word' id='word_1_277' title='bbox 1380 2088 1806 2157; x_wconf 73' lang='lat' dir='ltr'><strong>prrcdecessores</strong></span> <span class='ocrx_word' id='word_1_278' title='bbox 1854 2088 2124 2143; x_wconf 89' lang='lat' dir='ltr'><strong>ministros</strong></span> 
     </span>
    </p>
   </div>
   <div class='ocr_carea' id='block_1_38' title="bbox 558 2176 2125 2246">
    <p class='ocr_par' dir='ltr' id='par_1_38' title="bbox 558 2176 2125 2246">
     <span class='ocr_line' id='line_1_38' title="bbox 558 2176 2125 2246; baseline 0.001 -16"><span class='ocrx_word' id='word_1_279' title='bbox 558 2176 715 2246; x_wconf 83' lang='lat' dir='ltr'><strong>hujus</strong></span> <span class='ocrx_word' id='word_1_280' title='bbox 762 2178 1021 2232; x_wconf 69' lang='lat' dir='ltr'><strong>custodiae</strong></span> <span class='ocrx_word' id='word_1_281' title='bbox 1077 2179 1215 2233; x_wconf 88' lang='lat' dir='ltr'><strong>scire</strong></span> <span class='ocrx_word' id='word_1_282' title='bbox 1269 2180 1528 2244; x_wconf 87' lang='lat' dir='ltr'><strong>comperi.</strong></span> <span class='ocrx_word' id='word_1_283' title='bbox 1590 2178 1830 2233; x_wconf 84' lang='lat' dir='ltr'><strong>Deferam</strong></span> <span class='ocrx_word' id='word_1_284' title='bbox 1887 2195 2032 2243; x_wconf 90' lang='lat' dir='ltr'><strong>eum,</strong></span> <span class='ocrx_word' id='word_1_285' title='bbox 2072 2187 2125 2233; x_wconf 91' lang='lat' dir='ltr'><strong>et</strong></span> 
     </span>
    </p>
   </div>
   <div class='ocr_carea' id='block_1_39' title="bbox 555 2268 2125 2336">
    <p class='ocr_par' dir='ltr' id='par_1_39' title="bbox 555 2268 2125 2336">
     <span class='ocr_line' id='line_1_39' title="bbox 555 2268 2125 2336; baseline 0.003 -17"><span class='ocrx_word' id='word_1_286' title='bbox 555 2268 865 2319; x_wconf 87' lang='lat' dir='ltr'><strong>scrutamini</strong></span> <span class='ocrx_word' id='word_1_287' title='bbox 907 2268 1191 2335; x_wconf 78' lang='lat' dir='ltr'><strong>diligenter</strong></span> <span class='ocrx_word' id='word_1_288' title='bbox 1220 2268 1343 2336; x_wconf 93' lang='lat' dir='ltr'><strong>quid</strong></span> <span class='ocrx_word' id='word_1_289' title='bbox 1370 2269 1704 2323; x_wconf 85' lang='lat' dir='ltr'><strong>ccutineatur</strong></span> <span class='ocrx_word' id='word_1_290' title='bbox 1734 2269 1865 2322; x_wconf 92' lang='lat' dir='ltr'><strong>infra</strong></span> <span class='ocrx_word' id='word_1_291' title='bbox 1909 2270 2125 2323; x_wconf 88' lang='lat' dir='ltr'><strong>conclu-</strong></span> 
     </span>
    </p>
   </div>
   <div class='ocr_carea' id='block_1_40' title="bbox 558 2354 2123 2423">
    <p class='ocr_par' dir='ltr' id='par_1_40' title="bbox 558 2354 2123 2423">
     <span class='ocr_line' id='line_1_40' title="bbox 558 2354 2123 2423; baseline 0.004 -15"><span class='ocrx_word' id='word_1_292' title='bbox 558 2369 697 2408; x_wconf 90' lang='lat' dir='ltr'><strong>sum.</strong></span> <span class='ocrx_word' id='word_1_293' title='bbox 727 2354 897 2422; x_wconf 84' lang='lat' dir='ltr'><strong>Quem</strong></span> <span class='ocrx_word' id='word_1_294' title='bbox 941 2357 1175 2409; x_wconf 90' lang='lat' dir='ltr'><strong>delatum</strong></span> <span class='ocrx_word' id='word_1_295' title='bbox 1228 2360 1485 2423; x_wconf 72' lang='lat' dir='ltr'><strong>reserari,</strong></span> <span class='ocrx_word' id='word_1_296' title='bbox 1518 2357 1710 2423; x_wconf 87' lang='lat' dir='ltr'><strong>fateor,</strong></span> <span class='ocrx_word' id='word_1_297' title='bbox 1751 2368 1805 2413; x_wconf 91' lang='lat' dir='ltr'><strong>et</strong></span> <span class='ocrx_word' id='word_1_298' title='bbox 1847 2360 2023 2414; x_wconf 82' lang='lat' dir='ltr'><strong>inveni</strong></span> <span class='ocrx_word' id='word_1_299' title='bbox 2070 2361 2123 2415; x_wconf 86' lang='lat' dir='ltr'><strong>in</strong></span> 
     </span>
    </p>
   </div>
   <div class='ocr_carea' id='block_1_41' title="bbox 555 2445 2126 2517">
    <p class='ocr_par' dir='ltr' id='par_1_41' title="bbox 555 2445 2126 2517">
     <span class='ocr_line' id='line_1_41' title="bbox 555 2445 2126 2517; baseline 0.004 -18"><span class='ocrx_word' id='word_1_300' title='bbox 555 2445 659 2499; x_wconf 92' lang='lat' dir='ltr'><strong>hoc</strong></span> <span class='ocrx_word' id='word_1_301' title='bbox 698 2446 967 2513; x_wconf 86' lang='lat' dir='ltr'><strong>capsulam</strong></span> <span class='ocrx_word' id='word_1_302' title='bbox 1011 2458 1337 2515; x_wconf 79' lang='lat' dir='ltr'><strong>argenteam,</strong></span> <span class='ocrx_word' id='word_1_303' title='bbox 1369 2450 1420 2502; x_wconf 88' lang='lat' dir='ltr'><strong>irt</strong></span> <span class='ocrx_word' id='word_1_304' title='bbox 1466 2465 1566 2517; x_wconf 86' lang='lat' dir='ltr'><strong>qua</strong></span> <span class='ocrx_word' id='word_1_305' title='bbox 1601 2464 1706 2503; x_wconf 93' lang='lat' dir='ltr'><strong>nou</strong></span> <span class='ocrx_word' id='word_1_306' title='bbox 1750 2451 1906 2506; x_wconf 90' lang='lat' dir='ltr'><strong>modo</strong></span> <span class='ocrx_word' id='word_1_307' title='bbox 1956 2452 2126 2506; x_wconf 65' lang='lat' dir='ltr'><strong>beata:</strong></span> 
     </span>
    </p>
   </div>
   <div class='ocr_carea' id='block_1_42' title="bbox 558 2535 2123 2605">
    <p class='ocr_par' dir='ltr' id='par_1_42' title="bbox 558 2535 2123 2605">
     <span class='ocr_line' id='line_1_42' title="bbox 558 2535 2123 2605; baseline 0.003 -14"><span class='ocrx_word' id='word_1_308' title='bbox 558 2535 783 2605; x_wconf 77' lang='lat' dir='ltr'><strong>legionis</strong></span> <span class='ocrx_word' id='word_1_309' title='bbox 812 2538 1047 2602; x_wconf 87' lang='lat' dir='ltr'><strong>testium,</strong></span> <span class='ocrx_word' id='word_1_310' title='bbox 1083 2553 1266 2592; x_wconf 86' lang='lat' dir='ltr'><strong>verum</strong></span> <span class='ocrx_word' id='word_1_311' title='bbox 1299 2541 1458 2593; x_wconf 90' lang='lat' dir='ltr'><strong>etiam</strong></span> <span class='ocrx_word' id='word_1_312' title='bbox 1493 2540 1778 2595; x_wconf 90' lang='lat' dir='ltr'><strong>multorum</strong></span> <span class='ocrx_word' id='word_1_313' title='bbox 1816 2554 2123 2597; x_wconf 81' lang='lat' dir='ltr'><strong>sanctorum</strong></span> 
     </span>
    </p>
   </div>
   <div class='ocr_carea' id='block_1_43' title="bbox 557 2634 2127 2706">
    <p class='ocr_par' dir='ltr' id='par_1_43' title="bbox 557 2634 2127 2706">
     <span class='ocr_line' id='line_1_43' title="bbox 557 2634 2127 2706; baseline 0.004 -23"><span class='ocrx_word' id='word_1_314' title='bbox 557 2638 663 2683; x_wconf 88' lang='lat' dir='ltr'><strong>tam</strong></span> <span class='ocrx_word' id='word_1_315' title='bbox 692 2641 982 2701; x_wconf 84' lang='lat' dir='ltr'><strong>martyrum</strong></span> <span class='ocrx_word' id='word_1_316' title='bbox 1006 2646 1163 2700; x_wconf 80' lang='lat' dir='ltr'><strong>quant</strong></span> <span class='ocrx_word' id='word_1_317' title='bbox 1188 2634 1555 2687; x_wconf 74' lang='lat' dir='ltr'><strong>confessorom</strong></span> <span class='ocrx_word' id='word_1_318' title='bbox 1596 2634 1831 2703; x_wconf 83' lang='lat' dir='ltr'><strong>reliquiae</strong></span> <span class='ocrx_word' id='word_1_319' title='bbox 1859 2636 2014 2706; x_wconf 82' lang='lat'><strong>537</strong></span> <span class='ocrx_word' id='word_1_320' title='bbox 2050 2644 2127 2689; x_wconf 90' lang='lat' dir='ltr'><strong>te-</strong></span> 
     </span>
    </p>
   </div>
   <div class='ocr_carea' id='block_1_44' title="bbox 558 2720 2129 2794">
    <p class='ocr_par' dir='ltr' id='par_1_44' title="bbox 558 2720 2129 2794">
     <span class='ocr_line' id='line_1_44' title="bbox 558 2720 2129 2794; baseline 0.004 -21"><span class='ocrx_word' id='word_1_321' title='bbox 558 2720 839 2775; x_wconf 90' lang='lat' dir='ltr'><strong>nebantur.</strong></span> <span class='ocrx_word' id='word_1_322' title='bbox 873 2721 1021 2776; x_wconf 86' lang='lat' dir='ltr'><strong>Nacti</strong></span> <span class='ocrx_word' id='word_1_323' title='bbox 1052 2724 1214 2777; x_wconf 89' lang='lat' dir='ltr'><strong>etiam</strong></span> <span class='ocrx_word' id='word_1_324' title='bbox 1244 2738 1427 2777; x_wconf 91' lang='lat' dir='ltr'><strong>sumus</strong></span> <span class='ocrx_word' id='word_1_325' title='bbox 1458 2734 1511 2778; x_wconf 92' lang='lat' dir='ltr'><strong>et</strong></span> <span class='ocrx_word' id='word_1_326' title='bbox 1554 2725 1687 2778; x_wconf 90' lang='lat' dir='ltr'><strong>alios</strong></span> <span class='ocrx_word' id='word_1_327' title='bbox 1717 2725 1938 2794; x_wconf 88' lang='lat' dir='ltr'><strong>lapides,</strong></span> <span class='ocrx_word' id='word_1_328' title='bbox 1975 2728 2044 2779; x_wconf 90' lang='lat' dir='ltr'><strong>ita</strong></span> <span class='ocrx_word' id='word_1_329' title='bbox 2071 2734 2129 2780; x_wconf 92' lang='lat' dir='ltr'><strong>nt</strong></span> 
     </span>
    </p>
   </div>
   <div class='ocr_carea' id='block_1_45' title="bbox 561 2813 2127 2887">
    <p class='ocr_par' dir='ltr' id='par_1_45' title="bbox 561 2813 2127 2887">
     <span class='ocr_line' id='line_1_45' title="bbox 561 2813 2127 2887; baseline 0.006 -22"><span class='ocrx_word' id='word_1_330' title='bbox 561 2813 648 2868; x_wconf 84' lang='lat' dir='ltr'><strong>hic</strong></span> <span class='ocrx_word' id='word_1_331' title='bbox 674 2823 810 2880; x_wconf 85' lang='lat' dir='ltr'><strong>erat,</strong></span> <span class='ocrx_word' id='word_1_332' title='bbox 835 2830 1119 2882; x_wconf 65' lang='lat' dir='ltr'><strong>concavos,</strong></span> <span class='ocrx_word' id='word_1_333' title='bbox 1148 2818 1198 2870; x_wconf 92' lang='lat' dir='ltr'><strong>in</strong></span> <span class='ocrx_word' id='word_1_334' title='bbox 1218 2818 1409 2886; x_wconf 91' lang='lat' dir='ltr'><strong>quibus</strong></span> <span class='ocrx_word' id='word_1_335' title='bbox 1438 2828 1743 2872; x_wconf 82' lang='lat' dir='ltr'><strong>sanctmum</strong></span> <span class='ocrx_word' id='word_1_336' title='bbox 1768 2821 2127 2887; x_wconf 87' lang='lat' dir='ltr'><strong>apostolorum</strong></span> 
     </span>
    </p>
   </div>
   <div class='ocr_carea' id='block_1_46' title="bbox 558 2908 2124 2979">
    <p class='ocr_par' dir='ltr' id='par_1_46' title="bbox 558 2908 2124 2979">
     <span class='ocr_line' id='line_1_46' title="bbox 558 2908 2124 2979; baseline 0.002 -18"><span class='ocrx_word' id='word_1_337' title='bbox 558 2922 678 2961; x_wconf 90' lang='lat' dir='ltr'><strong>cum</strong></span> <span class='ocrx_word' id='word_1_338' title='bbox 734 2908 1057 2977; x_wconf 88' lang='lat' dir='ltr'><strong>reliquorum</strong></span> <span class='ocrx_word' id='word_1_339' title='bbox 1106 2919 1396 2979; x_wconf 84' lang='lat' dir='ltr'><strong>martyrum</strong></span> <span class='ocrx_word' id='word_1_340' title='bbox 1429 2910 1651 2979; x_wconf 90' lang='lat' dir='ltr'><strong>pignora</strong></span> <span class='ocrx_word' id='word_1_341' title='bbox 1695 2911 2124 2964; x_wconf 86' lang='lat' dir='ltr'><strong>eontinebantur.</strong></span> 
     </span>
    </p>
   </div>
   <div class='ocr_carea' id='block_1_47' title="bbox 561 3000 2130 3075">
    <p class='ocr_par' dir='ltr' id='par_1_47' title="bbox 561 3000 2130 3075">
     <span class='ocr_line' id='line_1_47' title="bbox 561 3000 2130 3075; baseline 0.004 -22"><span class='ocrx_word' id='word_1_342' title='bbox 561 3000 710 3068; x_wconf 85' lang='lat' dir='ltr'><strong>Quod</strong></span> <span class='ocrx_word' id='word_1_343' title='bbox 738 3018 930 3057; x_wconf 90' lang='lat' dir='ltr'><strong>munus</strong></span> <span class='ocrx_word' id='word_1_344' title='bbox 951 3019 1049 3072; x_wconf 87' lang='lat' dir='ltr'><strong>ego</strong></span> <span class='ocrx_word' id='word_1_345' title='bbox 1066 3003 1318 3058; x_wconf 85' lang='lat' dir='ltr'><strong>divinitus</strong></span> <span class='ocrx_word' id='word_1_346' title='bbox 1344 3005 1605 3059; x_wconf 92' lang='lat' dir='ltr'><strong>indultum</strong></span> <span class='ocrx_word' id='word_1_347' title='bbox 1637 3005 1906 3059; x_wconf 89' lang='lat' dir='ltr'><strong>admirans</strong></span> <span class='ocrx_word' id='word_1_348' title='bbox 1931 3016 1982 3059; x_wconf 84' lang='lat' dir='ltr'><strong>et</strong></span> <span class='ocrx_word' id='word_1_349' title='bbox 2011 3020 2130 3075; x_wconf 89' lang='lat' dir='ltr'><strong>gra-</strong></span> 
     </span>
    </p>
   </div>
   <div class='ocr_carea' id='block_1_48' title="bbox 2225 1813 3786 1885">
    <p class='ocr_par' dir='ltr' id='par_1_48' title="bbox 2225 1813 3786 1885">
     <span class='ocr_line' id='line_1_48' title="bbox 2225 1813 3786 1885; baseline 0.003 -21"><span class='ocrx_word' id='word_1_350' title='bbox 2225 1820 2434 1867; x_wconf 78' lang='lat' dir='ltr'><strong>vertere</strong></span> <span class='ocrx_word' id='word_1_351' title='bbox 2456 1853 2471 1877; x_wconf 89' lang='lat'><strong>,</strong></span> <span class='ocrx_word' id='word_1_352' title='bbox 2505 1813 2555 1864; x_wconf 93' lang='lat' dir='ltr'><strong>in</strong></span> <span class='ocrx_word' id='word_1_353' title='bbox 2588 1813 2865 1867; x_wconf 89' lang='lat' dir='ltr'><strong>rhetoricis</strong></span> <span class='ocrx_word' id='word_1_354' title='bbox 2903 1830 3098 1883; x_wconf 81' lang='lat' dir='ltr'><strong>genera</strong></span> <span class='ocrx_word' id='word_1_355' title='bbox 3142 1828 3428 1869; x_wconf 83' lang='lat' dir='ltr'><strong>metrorum</strong></span> <span class='ocrx_word' id='word_1_356' title='bbox 3467 1831 3786 1885; x_wconf 85' lang='lat' dir='ltr'><strong>agnoscere,</strong></span> 
     </span>
    </p>
   </div>
   <div class='ocr_carea' id='block_1_49' title="bbox 2224 1903 3785 1973">
    <p class='ocr_par' dir='ltr' id='par_1_49' title="bbox 2224 1903 3785 1973">
     <span class='ocr_line' id='line_1_49' title="bbox 2224 1903 3785 1973; baseline -0.001 -17"><span class='ocrx_word' id='word_1_357' title='bbox 2224 1903 2276 1956; x_wconf 93' lang='lat' dir='ltr'><strong>in</strong></span> <span class='ocrx_word' id='word_1_358' title='bbox 2309 1903 2645 1972; x_wconf 88' lang='lat' dir='ltr'><strong>geometricis</strong></span> <span class='ocrx_word' id='word_1_359' title='bbox 2677 1916 2933 1957; x_wconf 88' lang='lat' dir='ltr'><strong>terrarum</strong></span> <span class='ocrx_word' id='word_1_360' title='bbox 2980 1904 3345 1973; x_wconf 88' lang='lat' dir='ltr'><strong>lincarumquc</strong></span> <span class='ocrx_word' id='word_1_361' title='bbox 3376 1920 3655 1959; x_wconf 63' lang='lat' dir='ltr'><strong>mensuras</strong></span> <span class='ocrx_word' id='word_1_362' title='bbox 3682 1908 3785 1959; x_wconf 82' lang='lat' dir='ltr'><strong>col-</strong></span> 
     </span>
    </p>
   </div>
   <div class='ocr_carea' id='block_1_50' title="bbox 2224 1992 3786 2065">
    <p class='ocr_par' dir='ltr' id='par_1_50' title="bbox 2224 1992 3786 2065">
     <span class='ocr_line' id='line_1_50' title="bbox 2224 1992 3786 2065; baseline 0.001 -20"><span class='ocrx_word' id='word_1_363' title='bbox 2224 1992 2419 2061; x_wconf 88' lang='lat' dir='ltr'><strong>ligerc,</strong></span> <span class='ocrx_word' id='word_1_364' title='bbox 2452 1994 2503 2047; x_wconf 92' lang='lat' dir='ltr'><strong>in</strong></span> <span class='ocrx_word' id='word_1_365' title='bbox 2534 1994 2870 2064; x_wconf 75' lang='lat' dir='ltr'><strong>astrologicis</strong></span> <span class='ocrx_word' id='word_1_366' title='bbox 2898 2009 3087 2048; x_wconf 86' lang='lat' dir='ltr'><strong>cursus</strong></span> <span class='ocrx_word' id='word_1_367' title='bbox 3113 1994 3345 2049; x_wconf 90' lang='lat' dir='ltr'><strong>siderum</strong></span> <span class='ocrx_word' id='word_1_368' title='bbox 3392 1996 3742 2065; x_wconf 87' lang='lat' dir='ltr'><strong>contemplari</strong></span> <span class='ocrx_word' id='word_1_369' title='bbox 3769 2038 3786 2062; x_wconf 96' lang='lat'><strong>,</strong></span> 
     </span>
    </p>
   </div>
   <div class='ocr_carea' id='block_1_51' title="bbox 2225 2085 3787 2157">
    <p class='ocr_par' dir='ltr' id='par_1_51' title="bbox 2225 2085 3787 2157">
     <span class='ocr_line' id='line_1_51' title="bbox 2225 2085 3787 2157; baseline 0.001 -19"><span class='ocrx_word' id='word_1_370' title='bbox 2225 2087 2276 2139; x_wconf 91' lang='lat' dir='ltr'><strong>in</strong></span> <span class='ocrx_word' id='word_1_371' title='bbox 2307 2085 2659 2139; x_wconf 90' lang='lat' dir='ltr'><strong>arithmeticis</strong></span> <span class='ocrx_word' id='word_1_372' title='bbox 2686 2102 3029 2140; x_wconf 90' lang='lat' dir='ltr'><strong>numerorum</strong></span> <span class='ocrx_word' id='word_1_373' title='bbox 3061 2095 3239 2155; x_wconf 89' lang='lat' dir='ltr'><strong>partes</strong></span> <span class='ocrx_word' id='word_1_374' title='bbox 3266 2088 3349 2139; x_wconf 83' lang='lat' dir='ltr'><strong>eol</strong></span> <span class='ocrx_word' id='word_1_375' title='bbox 3374 2087 3554 2157; x_wconf 85' lang='lat' dir='ltr'><strong>igere,</strong></span> <span class='ocrx_word' id='word_1_376' title='bbox 3585 2089 3636 2141; x_wconf 89' lang='lat' dir='ltr'><strong>in</strong></span> <span class='ocrx_word' id='word_1_377' title='bbox 3669 2089 3787 2141; x_wconf 85' lang='lat' dir='ltr'><strong>Itar-</strong></span> 
     </span>
    </p>
   </div>
   <div class='ocr_carea' id='block_1_52' title="bbox 2224 2175 3786 2232">
    <p class='ocr_par' dir='ltr' id='par_1_52' title="bbox 2224 2175 3786 2232">
     <span class='ocr_line' id='line_1_52' title="bbox 2224 2175 3786 2232; baseline 0.001 -3"><span class='ocrx_word' id='word_1_378' title='bbox 2224 2175 2419 2229; x_wconf 89' lang='lat' dir='ltr'><strong>moniis</strong></span> <span class='ocrx_word' id='word_1_379' title='bbox 2462 2189 2713 2229; x_wconf 89' lang='lat' dir='ltr'><strong>sonorum</strong></span> <span class='ocrx_word' id='word_1_380' title='bbox 2757 2176 3143 2230; x_wconf 89' lang='lat' dir='ltr'><strong>modulationes</strong></span> <span class='ocrx_word' id='word_1_381' title='bbox 3187 2178 3427 2230; x_wconf 86' lang='lat' dir='ltr'><strong>suavium</strong></span> <span class='ocrx_word' id='word_1_382' title='bbox 3472 2187 3786 2232; x_wconf 89' lang='lat' dir='ltr'><strong>accentuum</strong></span> 
     </span>
    </p>
   </div>
   <div class='ocr_carea' id='block_1_53' title="bbox 2228 2265 3790 2333">
    <p class='ocr_par' dir='ltr' id='par_1_53' title="bbox 2228 2265 3790 2333">
     <span class='ocr_line' id='line_1_53' title="bbox 2228 2265 3790 2333; baseline 0 -14"><span class='ocrx_word' id='word_1_383' title='bbox 2228 2265 2553 2319; x_wconf 85' lang='lat' dir='ltr'><strong>carminibus</strong></span> <span class='ocrx_word' id='word_1_384' title='bbox 2594 2280 2958 2333; x_wconf 88' lang='lat' dir='ltr'><strong>concrepare:</strong></span> <span class='ocrx_word' id='word_1_385' title='bbox 2992 2269 3035 2318; x_wconf 88' lang='lat' dir='ltr'><strong>si</strong></span> <span class='ocrx_word' id='word_1_386' title='bbox 3068 2267 3118 2319; x_wconf 93' lang='lat' dir='ltr'><strong>in</strong></span> <span class='ocrx_word' id='word_1_387' title='bbox 3148 2266 3233 2319; x_wconf 92' lang='lat' dir='ltr'><strong>his</strong></span> <span class='ocrx_word' id='word_1_388' title='bbox 3257 2268 3501 2320; x_wconf 88' lang='lat' dir='ltr'><strong>omnibus</strong></span> <span class='ocrx_word' id='word_1_389' title='bbox 3530 2268 3601 2321; x_wconf 91' lang='lat' dir='ltr'><strong>ita</strong></span> <span class='ocrx_word' id='word_1_390' title='bbox 3636 2268 3790 2322; x_wconf 83' lang='lat' dir='ltr'><strong>fueris</strong></span> 
     </span>
    </p>
   </div>
   <div class='ocr_carea' id='block_1_54' title="bbox 2226 2357 3791 2427">
    <p class='ocr_par' dir='ltr' id='par_1_54' title="bbox 2226 2357 3791 2427">
     <span class='ocr_line' id='line_1_54' title="bbox 2226 2357 3791 2427; baseline 0.002 -16"><span class='ocrx_word' id='word_1_391' title='bbox 2226 2357 2579 2417; x_wconf 78' lang='lat' dir='ltr'><strong>exercitatus,</strong></span> <span class='ocrx_word' id='word_1_392' title='bbox 2606 2365 2661 2409; x_wconf 91' lang='lat' dir='ltr'><strong>ut</strong></span> <span class='ocrx_word' id='word_1_393' title='bbox 2684 2357 2775 2410; x_wconf 88' lang='lat' dir='ltr'><strong>tibi</strong></span> <span class='ocrx_word' id='word_1_394' title='bbox 2803 2357 2970 2427; x_wconf 88' lang='lat' dir='ltr'><strong>stylus</strong></span> <span class='ocrx_word' id='word_1_395' title='bbox 2998 2366 3177 2411; x_wconf 88' lang='lat' dir='ltr'><strong>noster</strong></span> <span class='ocrx_word' id='word_1_396' title='bbox 3205 2360 3275 2411; x_wconf 90' lang='lat' dir='ltr'><strong>sit</strong></span> <span class='ocrx_word' id='word_1_397' title='bbox 3303 2358 3561 2425; x_wconf 90' lang='lat' dir='ltr'><strong>rusticus,</strong></span> <span class='ocrx_word' id='word_1_398' title='bbox 3595 2374 3693 2413; x_wconf 90' lang='lat' dir='ltr'><strong>nec</strong></span> <span class='ocrx_word' id='word_1_399' title='bbox 3720 2362 3791 2414; x_wconf 69' lang='lat' dir='ltr'><strong>sic</strong></span> 
     </span>
    </p>
   </div>
   <div class='ocr_carea' id='block_1_55' title="bbox 2228 2447 3790 2520">
    <p class='ocr_par' dir='ltr' id='par_1_55' title="bbox 2228 2447 3790 2520">
     <span class='ocr_line' id='line_1_55' title="bbox 2228 2447 3790 2520; baseline 0.003 -20"><span class='ocrx_word' id='word_1_400' title='bbox 2228 2461 2441 2516; x_wconf 89' lang='lat' dir='ltr'><strong>quoque</strong></span> <span class='ocrx_word' id='word_1_401' title='bbox 2471 2447 2731 2516; x_wconf 89' lang='lat' dir='ltr'><strong>deprecor</strong></span> <span class='ocrx_word' id='word_1_402' title='bbox 2761 2456 2819 2500; x_wconf 94' lang='lat' dir='ltr'><strong>ut</strong></span> <span class='ocrx_word' id='word_1_403' title='bbox 2848 2448 3045 2501; x_wconf 86' lang='lat' dir='ltr'><strong>avellas</strong></span> <span class='ocrx_word' id='word_1_404' title='bbox 3084 2463 3200 2517; x_wconf 74' lang='lat' dir='ltr'><strong>qua:</strong></span> <span class='ocrx_word' id='word_1_405' title='bbox 3234 2449 3443 2520; x_wconf 88' lang='lat' dir='ltr'><strong>scripsi.</strong></span> <span class='ocrx_word' id='word_1_406' title='bbox 3482 2449 3585 2505; x_wconf 89' lang='lat' dir='ltr'><strong>Sed</strong></span> <span class='ocrx_word' id='word_1_407' title='bbox 3612 2450 3658 2503; x_wconf 91' lang='lat' dir='ltr'><strong>si</strong></span> <span class='ocrx_word' id='word_1_408' title='bbox 3701 2451 3790 2504; x_wconf 92' lang='lat' dir='ltr'><strong>tibi</strong></span> 
     </span>
    </p>
   </div>
   <div class='ocr_carea' id='block_1_56' title="bbox 2229 2538 3785 2611">
    <p class='ocr_par' dir='ltr' id='par_1_56' title="bbox 2229 2538 3785 2611">
     <span class='ocr_line' id='line_1_56' title="bbox 2229 2538 3785 2611; baseline 0.005 -20"><span class='ocrx_word' id='word_1_409' title='bbox 2229 2540 2282 2591; x_wconf 93' lang='lat' dir='ltr'><strong>in</strong></span> <span class='ocrx_word' id='word_1_410' title='bbox 2314 2538 2396 2591; x_wconf 93' lang='lat' dir='ltr'><strong>his</strong></span> <span class='ocrx_word' id='word_1_411' title='bbox 2423 2539 2671 2609; x_wconf 90' lang='lat' dir='ltr'><strong>quiddam</strong></span> <span class='ocrx_word' id='word_1_412' title='bbox 2702 2539 2995 2608; x_wconf 87' lang='lat' dir='ltr'><strong>placuerit,</strong></span> <span class='ocrx_word' id='word_1_413' title='bbox 3019 2542 3166 2595; x_wconf 83' lang='lat' dir='ltr'><strong>salvo</strong></span> <span class='ocrx_word' id='word_1_414' title='bbox 3193 2557 3356 2611; x_wconf 89' lang='lat' dir='ltr'><strong>opere</strong></span> <span class='ocrx_word' id='word_1_415' title='bbox 3382 2552 3554 2597; x_wconf 91' lang='lat' dir='ltr'><strong>nostro</strong></span> <span class='ocrx_word' id='word_1_416' title='bbox 3582 2553 3634 2597; x_wconf 93' lang='lat' dir='ltr'><strong>te</strong></span> <span class='ocrx_word' id='word_1_417' title='bbox 3660 2545 3785 2599; x_wconf 88' lang='lat' dir='ltr'><strong>scri-</strong></span> 
     </span>
    </p>
   </div>
   <div class='ocr_carea' id='block_1_57' title="bbox 2230 2632 3790 2690">
    <p class='ocr_par' dir='ltr' id='par_1_57' title="bbox 2230 2632 3790 2690">
     <span class='ocr_line' id='line_1_57' title="bbox 2230 2632 3790 2690; baseline 0.001 -3"><span class='ocrx_word' id='word_1_418' title='bbox 2230 2634 2357 2688; x_wconf 80' lang='lat' dir='ltr'><strong>bere</strong></span> <span class='ocrx_word' id='word_1_419' title='bbox 2385 2649 2543 2687; x_wconf 90' lang='lat' dir='ltr'><strong>versu</strong></span> <span class='ocrx_word' id='word_1_420' title='bbox 2582 2649 2684 2687; x_wconf 82' lang='lat' dir='ltr'><strong>non</strong></span> <span class='ocrx_word' id='word_1_421' title='bbox 2708 2632 2908 2687; x_wconf 89' lang='lat' dir='ltr'><strong>abnuo.</strong></span> <span class='ocrx_word' id='word_1_422' title='bbox 2935 2633 3041 2687; x_wconf 83' lang='lat' dir='ltr'><strong>Hos</strong></span> <span class='ocrx_word' id='word_1_423' title='bbox 3070 2645 3244 2688; x_wconf 92' lang='lat' dir='ltr'><strong>autem</strong></span> <span class='ocrx_word' id='word_1_424' title='bbox 3279 2636 3439 2689; x_wconf 86' lang='lat' dir='ltr'><strong>libros</strong></span> <span class='ocrx_word' id='word_1_425' title='bbox 3468 2637 3519 2688; x_wconf 89' lang='lat' dir='ltr'><strong>in</strong></span> <span class='ocrx_word' id='word_1_426' title='bbox 3546 2650 3689 2690; x_wconf 87' lang='lat' dir='ltr'><strong>anno</strong></span> <span class='ocrx_word' id='word_1_427' title='bbox 3716 2636 3790 2689; x_wconf 81' lang='lat' dir='ltr'><strong>vi-</strong></span> 
     </span>
    </p>
   </div>
   <div class='ocr_carea' id='block_1_58' title="bbox 2228 2728 3794 2798">
    <p class='ocr_par' dir='ltr' id='par_1_58' title="bbox 2228 2728 3794 2798">
     <span class='ocr_line' id='line_1_58' title="bbox 2228 2728 3794 2798; baseline 0.001 -16"><span class='ocrx_word' id='word_1_428' title='bbox 2228 2729 2430 2783; x_wconf 91' lang='lat' dir='ltr'><strong>cesimo</strong></span> <span class='ocrx_word' id='word_1_429' title='bbox 2460 2728 2631 2796; x_wconf 90' lang='lat' dir='ltr'><strong>primo</strong></span> <span class='ocrx_word' id='word_1_430' title='bbox 2658 2728 3009 2781; x_wconf 87' lang='lat' dir='ltr'><strong>ordinationis</strong></span> <span class='ocrx_word' id='word_1_431' title='bbox 3034 2736 3229 2781; x_wconf 71' lang='lat' dir='ltr'><strong>nostra:</strong></span> <span class='ocrx_word' id='word_1_432' title='bbox 3254 2728 3676 2798; x_wconf 76' lang='lat' dir='ltr'><strong>prtescripsimus</strong></span> <span class='ocrx_word' id='word_1_433' title='bbox 3701 2745 3714 2780; x_wconf 92' lang='lat'>:</span> <span class='ocrx_word' id='word_1_434' title='bbox 3745 2737 3794 2783; x_wconf 88' lang='lat' dir='ltr'><strong>ct</strong></span> 
     </span>
    </p>
   </div>
   <div class='ocr_carea' id='block_1_59' title="bbox 2231 2814 3794 2889">
    <p class='ocr_par' dir='ltr' id='par_1_59' title="bbox 2231 2814 3794 2889">
     <span class='ocr_line' id='line_1_59' title="bbox 2231 2814 3794 2889; baseline -0.004 -17"><span class='ocrx_word' id='word_1_435' title='bbox 2231 2818 2354 2872; x_wconf 90' lang='lat' dir='ltr'><strong>licet</strong></span> <span class='ocrx_word' id='word_1_436' title='bbox 2381 2816 2487 2889; x_wconf 80' lang='grc' dir='ltr'><strong>[ΑΙ.</strong></span> <span class='ocrx_word' id='word_1_437' title='bbox 2518 2814 2744 2885; x_wconf 74' lang='lat' dir='ltr'><strong>scilicet]</strong></span> <span class='ocrx_word' id='word_1_438' title='bbox 2775 2816 2827 2869; x_wconf 91' lang='lat' dir='ltr'><strong>in</strong></span> <span class='ocrx_word' id='word_1_439' title='bbox 2858 2816 3219 2885; x_wconf 84' lang='lat' dir='ltr'><strong>superioribus</strong></span> <span class='ocrx_word' id='word_1_440' title='bbox 3247 2817 3313 2871; x_wconf 91' lang='lat' dir='ltr'><strong>de</strong></span> <span class='ocrx_word' id='word_1_441' title='bbox 3338 2816 3605 2886; x_wconf 79' lang='lat' dir='ltr'><strong>episcOpis</strong></span> <span class='ocrx_word' id='word_1_442' title='bbox 3633 2816 3794 2870; x_wconf 82' lang='lat' dir='ltr'><strong>Turo-</strong></span> 
     </span>
    </p>
   </div>
   <div class='ocr_carea' id='block_1_60' title="bbox 2232 2907 3796 2981">
    <p class='ocr_par' dir='ltr' id='par_1_60' title="bbox 2232 2907 3796 2981">
     <span class='ocr_line' id='line_1_60' title="bbox 2232 2907 3796 2981; baseline -0.002 -17"><span class='ocrx_word' id='word_1_443' title='bbox 2232 2909 2366 2964; x_wconf 91' lang='lat' dir='ltr'><strong>nicis</strong></span> <span class='ocrx_word' id='word_1_444' title='bbox 2392 2908 2768 2979; x_wconf 88' lang='lat' dir='ltr'><strong>scripserimus</strong></span> <span class='ocrx_word' id='word_1_445' title='bbox 2794 2908 2887 2981; x_wconf 78' lang='grc' dir='ltr'><strong>[αι.</strong></span> <span class='ocrx_word' id='word_1_446' title='bbox 2912 2907 3269 2979; x_wconf 91' lang='lat' dir='ltr'><strong>scripsimus],</strong></span> <span class='ocrx_word' id='word_1_447' title='bbox 3297 2918 3615 2963; x_wconf 91' lang='lat' dir='ltr'><strong>annotantes</strong></span> <span class='ocrx_word' id='word_1_448' title='bbox 3636 2922 3796 2961; x_wconf 77' lang='lat' dir='ltr'><strong>annos</strong></span> 
     </span>
    </p>
   </div>
   <div class='ocr_carea' id='block_1_61' title="bbox 2236 3001 3799 3069">
    <p class='ocr_par' dir='ltr' id='par_1_61' title="bbox 2236 3001 3799 3069">
     <span class='ocr_line' id='line_1_61' title="bbox 2236 3001 3799 3069; baseline -0.004 -13"><span class='ocrx_word' id='word_1_449' title='bbox 2236 3012 2418 3056; x_wconf 84' lang='lat' dir='ltr'><strong>eorum</strong></span> <span class='ocrx_word' id='word_1_450' title='bbox 2446 3040 2461 3062; x_wconf 91' lang='lat'><strong>,</strong></span> <span class='ocrx_word' id='word_1_451' title='bbox 2494 3014 2597 3053; x_wconf 92' lang='lat' dir='ltr'><strong>non</strong></span> <span class='ocrx_word' id='word_1_452' title='bbox 2642 3010 2819 3053; x_wconf 86' lang='lat' dir='ltr'><strong>tamen</strong></span> <span class='ocrx_word' id='word_1_453' title='bbox 2850 3001 3089 3069; x_wconf 89' lang='lat' dir='ltr'><strong>sequitur</strong></span> <span class='ocrx_word' id='word_1_454' title='bbox 3116 3013 3177 3052; x_wconf 87' lang='lat' dir='ltr'><strong>ac</strong></span> <span class='ocrx_word' id='word_1_455' title='bbox 3205 3008 3521 3067; x_wconf 71' lang='lat' dir='ltr'><strong>supputetur</strong></span> <span class='ocrx_word' id='word_1_456' title='bbox 3553 3014 3799 3052; x_wconf 89' lang='lat' dir='ltr'><strong>numerus</strong></span> 
     </span>
    </p>
   </div>
   <div class='ocr_carea' id='block_1_62' title="bbox 559 3090 3801 3185">
    <p class='ocr_par' dir='ltr' id='par_1_62' title="bbox 559 3090 3801 3185">
     <span class='ocr_line' id='line_1_62' title="bbox 559 3090 3801 3185; baseline 0.001 -39"><span class='ocrx_word' id='word_1_457' title='bbox 559 3094 661 3148; x_wconf 88' lang='lat' dir='ltr'><strong>tias</strong></span> <span class='ocrx_word' id='word_1_458' title='bbox 702 3108 887 3164; x_wconf 89' lang='lat' dir='ltr'><strong>agens,</strong></span> <span class='ocrx_word' id='word_1_459' title='bbox 920 3096 1204 3149; x_wconf 85' lang='lat' dir='ltr'><strong>celebratis</strong></span> <span class='ocrx_word' id='word_1_460' title='bbox 1238 3096 1454 3166; x_wconf 85' lang='lat' dir='ltr'><strong>vigiliis,</strong></span> <span class='ocrx_word' id='word_1_461' title='bbox 1480 3096 1638 3151; x_wconf 87' lang='lat' dir='ltr'><strong>dictis</strong></span> <span class='ocrx_word' id='word_1_462' title='bbox 1680 3097 1841 3151; x_wconf 89' lang='lat' dir='ltr'><strong>etiam</strong></span> <span class='ocrx_word' id='word_1_463' title='bbox 1872 3096 2045 3150; x_wconf 85' lang='lat' dir='ltr'><strong>Missis</strong></span> <span class='ocrx_word' id='word_1_464' title='bbox 2078 3106 2126 3163; x_wconf 75' lang='grc' dir='ltr'><strong>ο,</strong></span> <span class='ocrx_word' id='word_1_465' title='bbox 2159 3126 2203 3185; x_wconf 76' lang='lat' dir='ltr'>C</span> <span class='ocrx_word' id='word_1_466' title='bbox 2234 3094 2555 3150; x_wconf 83' lang='lat' dir='ltr'><strong>chronicalis</strong></span> <span class='ocrx_word' id='word_1_467' title='bbox 2587 3090 2637 3157; x_wconf 71' lang='grc' dir='ltr'>ιι,</span> <span class='ocrx_word' id='word_1_468' title='bbox 2679 3094 2801 3162; x_wconf 89' lang='lat' dir='ltr'><strong>quia</strong></span> <span class='ocrx_word' id='word_1_469' title='bbox 2842 3093 3115 3147; x_wconf 90' lang='lat' dir='ltr'><strong>intervalla</strong></span> <span class='ocrx_word' id='word_1_470' title='bbox 3159 3092 3553 3147; x_wconf 86' lang='lat' dir='ltr'><strong>ordinationum</strong></span> <span class='ocrx_word' id='word_1_471' title='bbox 3601 3096 3801 3165; x_wconf 85' lang='lat' dir='ltr'><strong>integre</strong></span> 
     </span>
    </p>
   </div>
   <div class='ocr_carea' id='block_1_63' title="bbox 562 3181 2127 3243">
    <p class='ocr_par' dir='ltr' id='par_1_63' title="bbox 562 3181 2127 3243">
     <span class='ocr_line' id='line_1_63' title="bbox 562 3181 2127 3243; baseline 0.004 -8"><span class='ocrx_word' id='word_1_472' title='bbox 562 3181 678 3236; x_wconf 58' lang='lat' dir='ltr'><strong>hac</strong></span> <span class='ocrx_word' id='word_1_473' title='bbox 717 3184 766 3236; x_wconf 92' lang='lat' dir='ltr'><strong>in</strong></span> <span class='ocrx_word' id='word_1_474' title='bbox 796 3184 1024 3239; x_wconf 86' lang='lat' dir='ltr'><strong>ecclesia</strong></span> <span class='ocrx_word' id='word_1_475' title='bbox 1055 3186 1337 3239; x_wconf 87' lang='lat' dir='ltr'><strong>collocavi.</strong></span> <span class='ocrx_word' id='word_1_476' title='bbox 1372 3186 1425 3240; x_wconf 92' lang='lat' dir='ltr'><strong>In</strong></span> <span class='ocrx_word' id='word_1_477' title='bbox 1456 3188 1649 3242; x_wconf 78' lang='lat' dir='ltr'><strong>Cellula</strong></span> <span class='ocrx_word' id='word_1_478' title='bbox 1698 3188 1865 3241; x_wconf 89' lang='lat' dir='ltr'><strong>sancti</strong></span> <span class='ocrx_word' id='word_1_479' title='bbox 1917 3188 2127 3243; x_wconf 81' lang='lat' dir='ltr'><strong>Martini</strong></span> 
     </span>
    </p>
   </div>
   <div class='ocr_carea' id='block_1_64' title="bbox 560 3271 2129 3345">
    <p class='ocr_par' dir='ltr' id='par_1_64' title="bbox 560 3271 2129 3345">
     <span class='ocr_line' id='line_1_64' title="bbox 560 3271 2129 3345; baseline 0.003 -18"><span class='ocrx_word' id='word_1_480' title='bbox 560 3271 808 3327; x_wconf 63' lang='lat' dir='ltr'><strong>ecclesiae</strong></span> <span class='ocrx_word' id='word_1_481' title='bbox 834 3274 933 3343; x_wconf 92' lang='lat' dir='ltr'><strong>ipsi</strong></span> <span class='ocrx_word' id='word_1_482' title='bbox 963 3274 1230 3345; x_wconf 81' lang='lat' dir='ltr'><strong>contigua,</strong></span> <span class='ocrx_word' id='word_1_483' title='bbox 1258 3287 1559 3330; x_wconf 87' lang='lat' dir='ltr'><strong>sanctorum</strong></span> <span class='ocrx_word' id='word_1_484' title='bbox 1587 3276 1794 3331; x_wconf 73' lang='lat' dir='ltr'><strong>Cosmaa</strong></span> <span class='ocrx_word' id='word_1_485' title='bbox 1811 3289 1863 3331; x_wconf 91' lang='lat' dir='ltr'><strong>et</strong></span> <span class='ocrx_word' id='word_1_486' title='bbox 1889 3276 2129 3331; x_wconf 87' lang='lat' dir='ltr'><strong>Damiani</strong></span> 
     </span>
    </p>
   </div>
   <div class='ocr_carea' id='block_1_65' title="bbox 560 3367 2129 3436">
    <p class='ocr_par' dir='ltr' id='par_1_65' title="bbox 560 3367 2129 3436">
     <span class='ocr_line' id='line_1_65' title="bbox 560 3367 2129 3436; baseline 0.003 -19"><span class='ocrx_word' id='word_1_487' title='bbox 560 3374 859 3435; x_wconf 83' lang='lat' dir='ltr'><strong>martyrum</strong></span> <span class='ocrx_word' id='word_1_488' title='bbox 889 3367 1142 3435; x_wconf 88' lang='lat' dir='ltr'><strong>reliquias</strong></span> <span class='ocrx_word' id='word_1_489' title='bbox 1173 3368 1346 3433; x_wconf 89' lang='lat' dir='ltr'><strong>posui.</strong></span> <span class='ocrx_word' id='word_1_490' title='bbox 1383 3368 1637 3422; x_wconf 82' lang='lat' dir='ltr'><strong>Basilicas</strong></span> <span class='ocrx_word' id='word_1_491' title='bbox 1680 3367 1849 3421; x_wconf 88' lang='lat' dir='ltr'><strong>sancti</strong></span> <span class='ocrx_word' id='word_1_492' title='bbox 1882 3367 2129 3436; x_wconf 85' lang='lat' dir='ltr'><strong>Perpetui</strong></span> 
     </span>
    </p>
   </div>
   <div class='ocr_carea' id='block_1_66' title="bbox 560 3456 2128 3529">
    <p class='ocr_par' dir='ltr' id='par_1_66' title="bbox 560 3456 2128 3529">
     <span class='ocr_line' id='line_1_66' title="bbox 560 3456 2128 3529; baseline 0.001 -18"><span class='ocrx_word' id='word_1_493' title='bbox 560 3456 779 3513; x_wconf 82' lang='lat' dir='ltr'><strong>adustas</strong></span> <span class='ocrx_word' id='word_1_494' title='bbox 803 3458 1049 3513; x_wconf 90' lang='lat' dir='ltr'><strong>incendio</strong></span> <span class='ocrx_word' id='word_1_495' title='bbox 1081 3459 1277 3529; x_wconf 89' lang='lat' dir='ltr'><strong>reperi,</strong></span> <span class='ocrx_word' id='word_1_496' title='bbox 1297 3475 1431 3527; x_wconf 91' lang='lat' dir='ltr'><strong>quas</strong></span> <span class='ocrx_word' id='word_1_497' title='bbox 1462 3464 1512 3513; x_wconf 92' lang='lat' dir='ltr'><strong>in</strong></span> <span class='ocrx_word' id='word_1_498' title='bbox 1547 3461 1637 3513; x_wconf 93' lang='lat' dir='ltr'><strong>illo</strong></span> <span class='ocrx_word' id='word_1_499' title='bbox 1658 3460 1832 3514; x_wconf 91' lang='lat' dir='ltr'><strong>nitore</strong></span> <span class='ocrx_word' id='word_1_500' title='bbox 1854 3460 1938 3514; x_wconf 88' lang='lat' dir='ltr'><strong>vel</strong></span> <span class='ocrx_word' id='word_1_501' title='bbox 1966 3460 2128 3528; x_wconf 84' lang='lat' dir='ltr'><strong>pingi,</strong></span> 
     </span>
    </p>
   </div>
   <div class='ocr_carea' id='block_1_67' title="bbox 562 3551 2128 3620">
    <p class='ocr_par' dir='ltr' id='par_1_67' title="bbox 562 3551 2128 3620">
     <span class='ocr_line' id='line_1_67' title="bbox 562 3551 2128 3620; baseline 0.003 -17"><span class='ocrx_word' id='word_1_502' title='bbox 562 3551 644 3606; x_wconf 85' lang='lat' dir='ltr'><strong>vel</strong></span> <span class='ocrx_word' id='word_1_503' title='bbox 674 3551 941 3615; x_wconf 77' lang='lat' dir='ltr'><strong>exornari,</strong></span> <span class='ocrx_word' id='word_1_504' title='bbox 976 3562 1031 3605; x_wconf 89' lang='lat' dir='ltr'><strong>ut</strong></span> <span class='ocrx_word' id='word_1_505' title='bbox 1056 3554 1201 3620; x_wconf 81' lang='lat' dir='ltr'><strong>prius</strong></span> <span class='ocrx_word' id='word_1_506' title='bbox 1235 3552 1462 3619; x_wconf 82' lang='lat' dir='ltr'><strong>fuerant,</strong></span> <span class='ocrx_word' id='word_1_507' title='bbox 1508 3553 1773 3606; x_wconf 88' lang='lat' dir='ltr'><strong>artificum</strong></span> <span class='ocrx_word' id='word_1_508' title='bbox 1821 3563 2128 3607; x_wconf 90' lang='lat' dir='ltr'><strong>nostrorum</strong></span> 
     </span>
    </p>
   </div>
   <div class='ocr_carea' id='block_1_68' title="bbox 559 3641 2126 3714">
    <p class='ocr_par' dir='ltr' id='par_1_68' title="bbox 559 3641 2126 3714">
     <span class='ocr_line' id='line_1_68' title="bbox 559 3641 2126 3714; baseline 0.002 -17"><span class='ocrx_word' id='word_1_509' title='bbox 559 3654 726 3713; x_wconf 87' lang='lat' dir='ltr'><strong>Opere</strong></span> <span class='ocrx_word' id='word_1_510' title='bbox 772 3641 1046 3711; x_wconf 87' lang='lat' dir='ltr'><strong>imperavi.</strong></span> <span class='ocrx_word' id='word_1_511' title='bbox 1100 3646 1471 3714; x_wconf 80' lang='lat' dir='ltr'><strong>Baptisteriurn</strong></span> <span class='ocrx_word' id='word_1_512' title='bbox 1521 3646 1583 3699; x_wconf 91' lang='lat' dir='ltr'><strong>ad</strong></span> <span class='ocrx_word' id='word_1_513' title='bbox 1632 3644 1800 3713; x_wconf 89' lang='lat' dir='ltr'><strong>ipsam</strong></span> <span class='ocrx_word' id='word_1_514' title='bbox 1855 3644 2126 3700; x_wconf 90' lang='lat' dir='ltr'><strong>basilicam</strong></span> 
     </span>
    </p>
   </div>
   <div class='ocr_carea' id='block_1_69' title="bbox 562 3731 2130 3805">
    <p class='ocr_par' dir='ltr' id='par_1_69' title="bbox 562 3731 2130 3805">
     <span class='ocr_line' id='line_1_69' title="bbox 562 3731 2130 3805; baseline 0.004 -20"><span class='ocrx_word' id='word_1_515' title='bbox 562 3731 815 3786; x_wconf 63' lang='lat' dir='ltr'><strong>a&#39;dillcari</strong></span> <span class='ocrx_word' id='word_1_516' title='bbox 843 3736 1093 3803; x_wconf 65' lang='lat' dir='ltr'><strong>praecepi,</strong></span> <span class='ocrx_word' id='word_1_517' title='bbox 1140 3735 1192 3789; x_wconf 93' lang='lat' dir='ltr'><strong>in</strong></span> <span class='ocrx_word' id='word_1_518' title='bbox 1225 3751 1330 3805; x_wconf 90' lang='lat' dir='ltr'><strong>quo</strong></span> <span class='ocrx_word' id='word_1_519' title='bbox 1368 3736 1537 3790; x_wconf 84' lang='lat' dir='ltr'><strong>sancti</strong></span> <span class='ocrx_word' id='word_1_520' title='bbox 1590 3735 1831 3801; x_wconf 81' lang='lat' dir='ltr'><strong>Joannis,</strong></span> <span class='ocrx_word' id='word_1_521' title='bbox 1858 3750 1976 3790; x_wconf 90' lang='lat' dir='ltr'><strong>cum</strong></span> <span class='ocrx_word' id='word_1_522' title='bbox 2006 3737 2130 3791; x_wconf 87' lang='lat' dir='ltr'><strong>Ser-</strong></span> 
     </span>
    </p>
   </div>
   <div class='ocr_carea' id='block_1_70' title="bbox 562 3826 2130 3898">
    <p class='ocr_par' dir='ltr' id='par_1_70' title="bbox 562 3826 2130 3898">
     <span class='ocr_line' id='line_1_70' title="bbox 562 3826 2130 3898; baseline 0.003 -20"><span class='ocrx_word' id='word_1_523' title='bbox 562 3826 633 3895; x_wconf 89' lang='lat' dir='ltr'><strong>gii</strong></span> <span class='ocrx_word' id='word_1_524' title='bbox 662 3827 933 3898; x_wconf 85' lang='lat' dir='ltr'><strong>martyris,</strong></span> <span class='ocrx_word' id='word_1_525' title='bbox 964 3828 1215 3898; x_wconf 89' lang='lat' dir='ltr'><strong>reliquias</strong></span> <span class='ocrx_word' id='word_1_526' title='bbox 1246 3828 1419 3898; x_wconf 87' lang='lat' dir='ltr'><strong>posui,</strong></span> <span class='ocrx_word' id='word_1_527' title='bbox 1450 3838 1502 3883; x_wconf 92' lang='lat' dir='ltr'><strong>et</strong></span> <span class='ocrx_word' id='word_1_528' title='bbox 1536 3828 1586 3881; x_wconf 90' lang='lat' dir='ltr'><strong>in</strong></span> <span class='ocrx_word' id='word_1_529' title='bbox 1622 3828 1713 3882; x_wconf 93' lang='lat' dir='ltr'><strong>illo</strong></span> <span class='ocrx_word' id='word_1_530' title='bbox 1753 3828 1930 3898; x_wconf 90' lang='lat' dir='ltr'><strong>priore</strong></span> <span class='ocrx_word' id='word_1_531' title='bbox 1960 3829 2130 3898; x_wconf 89' lang='lat' dir='ltr'><strong>bapti-</strong></span> 
     </span>
    </p>
   </div>
   <div class='ocr_carea' id='block_1_71' title="bbox 561 3917 2128 3991">
    <p class='ocr_par' dir='ltr' id='par_1_71' title="bbox 561 3917 2128 3991">
     <span class='ocr_line' id='line_1_71' title="bbox 561 3917 2128 3991; baseline 0.002 -20"><span class='ocrx_word' id='word_1_532' title='bbox 561 3917 727 3972; x_wconf 86' lang='lat' dir='ltr'><strong>sterio</strong></span> <span class='ocrx_word' id='word_1_533' title='bbox 765 3918 936 3974; x_wconf 89' lang='lat' dir='ltr'><strong>sancti</strong></span> <span class='ocrx_word' id='word_1_534' title='bbox 968 3920 1186 3987; x_wconf 77' lang='lat' dir='ltr'><strong>Benigni</strong></span> <span class='ocrx_word' id='word_1_535' title='bbox 1216 3919 1467 3991; x_wconf 86' lang='lat' dir='ltr'><strong>martyris</strong></span> <span class='ocrx_word' id='word_1_536' title='bbox 1510 3920 1730 3990; x_wconf 82' lang='lat' dir='ltr'><strong>pignora</strong></span> <span class='ocrx_word' id='word_1_537' title='bbox 1759 3920 2038 3975; x_wconf 86' lang='lat' dir='ltr'><strong>collocavi.</strong></span> <span class='ocrx_word' id='word_1_538' title='bbox 2072 3920 2128 3974; x_wconf 92' lang='lat' dir='ltr'><strong>ln</strong></span> 
     </span>
    </p>
   </div>
   <div class='ocr_carea' id='block_1_72' title="bbox 564 4008 2130 4076">
    <p class='ocr_par' dir='ltr' id='par_1_72' title="bbox 564 4008 2130 4076">
     <span class='ocr_line' id='line_1_72' title="bbox 564 4008 2130 4076; baseline 0.004 -16"><span class='ocrx_word' id='word_1_539' title='bbox 564 4008 747 4063; x_wconf 89' lang='lat' dir='ltr'><strong>multis</strong></span> <span class='ocrx_word' id='word_1_540' title='bbox 772 4024 900 4064; x_wconf 85' lang='lat' dir='ltr'><strong>vero</strong></span> <span class='ocrx_word' id='word_1_541' title='bbox 942 4011 1073 4065; x_wconf 90' lang='lat' dir='ltr'><strong>locis</strong></span> <span class='ocrx_word' id='word_1_542' title='bbox 1111 4010 1245 4065; x_wconf 88' lang='lat' dir='ltr'><strong>infra</strong></span> <span class='ocrx_word' id='word_1_543' title='bbox 1272 4011 1593 4065; x_wconf 84' lang='lat' dir='ltr'><strong>Turonicum</strong></span> <span class='ocrx_word' id='word_1_544' title='bbox 1620 4012 1927 4076; x_wconf 91' lang='lat' dir='ltr'><strong>terminum,</strong></span> <span class='ocrx_word' id='word_1_545' title='bbox 1952 4021 2007 4065; x_wconf 92' lang='lat' dir='ltr'><strong>et</strong></span> <span class='ocrx_word' id='word_1_546' title='bbox 2039 4026 2130 4066; x_wconf 85' lang='lat' dir='ltr'><strong>ec-</strong></span> 
     </span>
    </p>
   </div>
   <div class='ocr_carea' id='block_1_73' title="bbox 563 4100 2134 4173">
    <p class='ocr_par' dir='ltr' id='par_1_73' title="bbox 563 4100 2134 4173">
     <span class='ocr_line' id='line_1_73' title="bbox 563 4100 2134 4173; baseline 0.003 -18"><span class='ocrx_word' id='word_1_547' title='bbox 563 4100 775 4166; x_wconf 88' lang='lat' dir='ltr'><strong>clesias,</strong></span> <span class='ocrx_word' id='word_1_548' title='bbox 805 4114 858 4158; x_wconf 85' lang='lat' dir='ltr'><strong>et</strong></span> <span class='ocrx_word' id='word_1_549' title='bbox 881 4104 1115 4158; x_wconf 90' lang='lat' dir='ltr'><strong>oratoria</strong></span> <span class='ocrx_word' id='word_1_550' title='bbox 1145 4104 1406 4168; x_wconf 90' lang='lat' dir='ltr'><strong>dedicavi,</strong></span> <span class='ocrx_word' id='word_1_551' title='bbox 1439 4114 1855 4173; x_wconf 87' lang='lat' dir='ltr'><strong>sanctorumque</strong></span> <span class='ocrx_word' id='word_1_552' title='bbox 1897 4104 2134 4170; x_wconf 86' lang='lat' dir='ltr'><strong>reliquiis</strong></span> 
     </span>
    </p>
   </div>
   <div class='ocr_carea' id='block_1_74' title="bbox 565 4191 2134 4259">
    <p class='ocr_par' dir='ltr' id='par_1_74' title="bbox 565 4191 2134 4259">
     <span class='ocr_line' id='line_1_74' title="bbox 565 4191 2134 4259; baseline -0.001 -13"><span class='ocrx_word' id='word_1_553' title='bbox 565 4191 979 4259; x_wconf 63' lang='lat' dir='ltr'><strong>illustravi,quaa</strong></span> <span class='ocrx_word' id='word_1_554' title='bbox 1002 4208 1298 4246; x_wconf 89' lang='lat' dir='ltr'><strong>memorare</strong></span> <span class='ocrx_word' id='word_1_555' title='bbox 1326 4208 1391 4245; x_wconf 81' lang='lat' dir='ltr'><strong>ex</strong></span> <span class='ocrx_word' id='word_1_556' title='bbox 1417 4193 1607 4246; x_wconf 87' lang='lat' dir='ltr'><strong>ordine</strong></span> <span class='ocrx_word' id='word_1_557' title='bbox 1637 4193 1898 4257; x_wconf 78' lang='lat' dir='ltr'><strong>prolixum</strong></span> <span class='ocrx_word' id='word_1_558' title='bbox 1928 4192 2134 4246; x_wconf 88' lang='lat' dir='ltr'><strong>censui.</strong></span> 
     </span>
    </p>
   </div>
   <div class='ocr_carea' id='block_1_75' title="bbox 634 4283 2124 4350">
    <p class='ocr_par' dir='ltr' id='par_1_75' title="bbox 634 4283 2124 4350">
     <span class='ocr_line' id='line_1_75' title="bbox 634 4283 2124 4350; baseline -0.001 -12"><span class='ocrx_word' id='word_1_559' title='bbox 634 4284 827 4340; x_wconf 89' lang='lat' dir='ltr'><strong>Decem</strong></span> <span class='ocrx_word' id='word_1_560' title='bbox 867 4286 1030 4340; x_wconf 90' lang='lat' dir='ltr'><strong>libros</strong></span> <span class='ocrx_word' id='word_1_561' title='bbox 1058 4285 1410 4340; x_wconf 88' lang='lat' dir='ltr'><strong>llistoriarum</strong></span> <span class='ocrx_word' id='word_1_562' title='bbox 1430 4325 1445 4347; x_wconf 92' lang='lat'><strong>,</strong></span> <span class='ocrx_word' id='word_1_563' title='bbox 1477 4293 1681 4350; x_wconf 80' lang='lat' dir='ltr'><strong>septem</strong></span> <span class='ocrx_word' id='word_1_564' title='bbox 1710 4283 2080 4338; x_wconf 88' lang='lat' dir='ltr'><strong>Miraculorurn</strong></span> <span class='ocrx_word' id='word_1_565' title='bbox 2108 4322 2124 4348; x_wconf 94' lang='lat'><strong>,</strong></span> 
     </span>
    </p>
   </div>
   <div class='ocr_carea' id='block_1_76' title="bbox 2234 3182 3800 3253">
    <p class='ocr_par' dir='ltr' id='par_1_76' title="bbox 2234 3182 3800 3253">
     <span class='ocr_line' id='line_1_76' title="bbox 2234 3182 3800 3253; baseline -0.003 -12"><span class='ocrx_word' id='word_1_566' title='bbox 2234 3202 2339 3241; x_wconf 91' lang='lat' dir='ltr'><strong>non</strong></span> <span class='ocrx_word' id='word_1_567' title='bbox 2384 3185 2652 3249; x_wconf 85' lang='lat' dir='ltr'><strong>potuimus</strong></span> <span class='ocrx_word' id='word_1_568' title='bbox 2695 3182 2946 3251; x_wconf 89' lang='lat' dir='ltr'><strong>reperire.</strong></span> <span class='ocrx_word' id='word_1_569' title='bbox 2988 3183 3081 3236; x_wconf 87' lang='lat' dir='ltr'><strong>Est</strong></span> <span class='ocrx_word' id='word_1_570' title='bbox 3122 3198 3249 3253; x_wconf 88' lang='lat' dir='ltr'><strong>ergo</strong></span> <span class='ocrx_word' id='word_1_571' title='bbox 3278 3185 3453 3238; x_wconf 89' lang='lat' dir='ltr'><strong>omnis</strong></span> <span class='ocrx_word' id='word_1_572' title='bbox 3480 3200 3686 3237; x_wconf 88' lang='lat' dir='ltr'><strong>summa</strong></span> <span class='ocrx_word' id='word_1_573' title='bbox 3714 3200 3800 3236; x_wconf 81' lang='lat' dir='ltr'><strong>an-</strong></span> 
     </span>
    </p>
   </div>
   <div class='ocr_carea' id='block_1_77' title="bbox 2237 3274 3802 3351">
    <p class='ocr_par' dir='ltr' id='par_1_77' title="bbox 2237 3274 3802 3351">
     <span class='ocr_line' id='line_1_77' title="bbox 2237 3274 3802 3351; baseline -0.003 -20"><span class='ocrx_word' id='word_1_574' title='bbox 2237 3293 2426 3332; x_wconf 89' lang='lat' dir='ltr'><strong>norum</strong></span> <span class='ocrx_word' id='word_1_575' title='bbox 2459 3275 2803 3351; x_wconf 88' lang='lat' dir='ltr'><strong>mnndialium</strong></span> <span class='ocrx_word' id='word_1_576' title='bbox 2838 3276 2956 3329; x_wconf 57' lang='lat' dir='ltr'><strong>talis</strong></span> <span class='ocrx_word' id='word_1_577' title='bbox 2982 3291 2994 3327; x_wconf 89' lang='lat'>:</span> <span class='ocrx_word' id='word_1_578' title='bbox 3026 3276 3069 3326; x_wconf 77' lang='grc' dir='ltr'>Α</span> <span class='ocrx_word' id='word_1_579' title='bbox 3099 3274 3358 3341; x_wconf 90' lang='lat' dir='ltr'><strong>principio</strong></span> <span class='ocrx_word' id='word_1_580' title='bbox 3386 3289 3553 3343; x_wconf 91' lang='lat' dir='ltr'><strong>usque</strong></span> <span class='ocrx_word' id='word_1_581' title='bbox 3576 3274 3641 3328; x_wconf 90' lang='lat' dir='ltr'><strong>ad</strong></span> <span class='ocrx_word' id='word_1_582' title='bbox 3665 3274 3802 3329; x_wconf 90' lang='lat' dir='ltr'><strong>dilu-</strong></span> 
     </span>
    </p>
   </div>
   <div class='ocr_carea' id='block_1_78' title="bbox 2232 3363 3803 3433">
    <p class='ocr_par' dir='ltr' id='par_1_78' title="bbox 2232 3363 3803 3433">
     <span class='ocr_line' id='line_1_78' title="bbox 2232 3363 3803 3433; baseline -0.003 -13"><span class='ocrx_word' id='word_1_583' title='bbox 2232 3368 2376 3421; x_wconf 87' lang='lat' dir='ltr'><strong>vium</strong></span> <span class='ocrx_word' id='word_1_584' title='bbox 2422 3367 2546 3419; x_wconf 91' lang='lat' dir='ltr'><strong>anni</strong></span> <span class='ocrx_word' id='word_1_585' title='bbox 2594 3379 2881 3428; x_wconf 71' lang='lat' dir='ltr'><strong>uaccxur;</strong></span> <span class='ocrx_word' id='word_1_586' title='bbox 2925 3378 2953 3416; x_wconf 88' lang='lat' dir='ltr'><strong>a</strong></span> <span class='ocrx_word' id='word_1_587' title='bbox 2989 3363 3188 3418; x_wconf 80' lang='lat' dir='ltr'><strong>diluvio</strong></span> <span class='ocrx_word' id='word_1_588' title='bbox 3232 3364 3491 3433; x_wconf 90' lang='lat' dir='ltr'><strong>usquead</strong></span> <span class='ocrx_word' id='word_1_589' title='bbox 3524 3366 3803 3423; x_wconf 86' lang='lat' dir='ltr'><strong>transitum</strong></span> 
     </span>
    </p>
   </div>
   <div class='ocr_carea' id='block_1_79' title="bbox 2235 3454 3798 3525">
    <p class='ocr_par' dir='ltr' id='par_1_79' title="bbox 2235 3454 3798 3525">
     <span class='ocr_line' id='line_1_79' title="bbox 2235 3454 3798 3525; baseline -0.004 -12"><span class='ocrx_word' id='word_1_590' title='bbox 2235 3460 2463 3513; x_wconf 88' lang='lat' dir='ltr'><strong>liliornrn</strong></span> <span class='ocrx_word' id='word_1_591' title='bbox 2494 3458 2654 3510; x_wconf 89' lang='lat' dir='ltr'><strong>Israel</strong></span> <span class='ocrx_word' id='word_1_592' title='bbox 2685 3472 2777 3525; x_wconf 91' lang='lat' dir='ltr'><strong>per</strong></span> <span class='ocrx_word' id='word_1_593' title='bbox 2807 3470 2953 3509; x_wconf 89' lang='lat' dir='ltr'><strong>mare</strong></span> <span class='ocrx_word' id='word_1_594' title='bbox 2984 3454 3222 3508; x_wconf 79' lang='lat' dir='ltr'><strong>Rubrum</strong></span> <span class='ocrx_word' id='word_1_595' title='bbox 3262 3456 3386 3508; x_wconf 91' lang='lat' dir='ltr'><strong>anni</strong></span> <span class='ocrx_word' id='word_1_596' title='bbox 3430 3470 3692 3519; x_wconf 81' lang='lat' dir='ltr'><strong>ICCCCIV;</strong></span> <span class='ocrx_word' id='word_1_597' title='bbox 3731 3457 3798 3507; x_wconf 84' lang='lat' dir='ltr'><strong>ab</strong></span> 
     </span>
    </p>
   </div>
   <div class='ocr_carea' id='block_1_80' title="bbox 2236 3546 3805 3615">
    <p class='ocr_par' dir='ltr' id='par_1_80' title="bbox 2236 3546 3805 3615">
     <span class='ocr_line' id='line_1_80' title="bbox 2236 3546 3805 3615; baseline -0.006 -10"><span class='ocrx_word' id='word_1_598' title='bbox 2236 3553 2337 3605; x_wconf 91' lang='lat' dir='ltr'><strong>hoc</strong></span> <span class='ocrx_word' id='word_1_599' title='bbox 2368 3551 2528 3603; x_wconf 88' lang='lat' dir='ltr'><strong>maris</strong></span> <span class='ocrx_word' id='word_1_600' title='bbox 2555 3547 2781 3602; x_wconf 83' lang='lat' dir='ltr'><strong>transitu</strong></span> <span class='ocrx_word' id='word_1_601' title='bbox 2812 3561 2978 3615; x_wconf 82' lang='lat' dir='ltr'><strong>usque</strong></span> <span class='ocrx_word' id='word_1_602' title='bbox 3018 3546 3084 3599; x_wconf 90' lang='lat' dir='ltr'><strong>ad</strong></span> <span class='ocrx_word' id='word_1_603' title='bbox 3130 3547 3578 3601; x_wconf 74' lang='lat' dir='ltr'><strong>resurrccdonem</strong></span> <span class='ocrx_word' id='word_1_604' title='bbox 3619 3546 3805 3600; x_wconf 62' lang='lat' dir='ltr'><strong>Domi~</strong></span> 
     </span>
    </p>
   </div>
   <div class='ocr_carea' id='block_1_81' title="bbox 2237 3635 3808 3706">
    <p class='ocr_par' dir='ltr' id='par_1_81' title="bbox 2237 3635 3808 3706">
     <span class='ocr_line' id='line_1_81' title="bbox 2237 3635 3808 3706; baseline -0.004 -9"><span class='ocrx_word' id='word_1_605' title='bbox 2237 3643 2411 3697; x_wconf 86' lang='lat' dir='ltr'><strong>nicarn</strong></span> <span class='ocrx_word' id='word_1_606' title='bbox 2434 3682 2449 3706; x_wconf 93' lang='lat'><strong>,</strong></span> <span class='ocrx_word' id='word_1_607' title='bbox 2482 3641 2603 3693; x_wconf 92' lang='lat' dir='ltr'><strong>anni</strong></span> <span class='ocrx_word' id='word_1_608' title='bbox 2636 3654 2929 3706; x_wconf 76' lang='lat' dir='ltr'><strong>unxxxvrtt,</strong></span> <span class='ocrx_word' id='word_1_609' title='bbox 2960 3656 2984 3686; x_wconf 87' lang='lat' dir='ltr'><strong>a</strong></span> <span class='ocrx_word' id='word_1_610' title='bbox 3013 3637 3399 3691; x_wconf 88' lang='lat' dir='ltr'><strong>resurrectione</strong></span> <span class='ocrx_word' id='word_1_611' title='bbox 3424 3635 3696 3691; x_wconf 90' lang='lat' dir='ltr'><strong>Dominica</strong></span> <span class='ocrx_word' id='word_1_612' title='bbox 3724 3654 3808 3691; x_wconf 68' lang='lat' dir='ltr'><strong>us-</strong></span> 
     </span>
    </p>
   </div>
   <div class='ocr_carea' id='block_1_82' title="bbox 2237 3729 3809 3804">
    <p class='ocr_par' dir='ltr' id='par_1_82' title="bbox 2237 3729 3809 3804">
     <span class='ocr_line' id='line_1_82' title="bbox 2237 3729 3809 3804; baseline -0.002 -18"><span class='ocrx_word' id='word_1_613' title='bbox 2237 3749 2341 3804; x_wconf 89' lang='lat' dir='ltr'><strong>que</strong></span> <span class='ocrx_word' id='word_1_614' title='bbox 2381 3733 2446 3787; x_wconf 89' lang='lat' dir='ltr'><strong>ad</strong></span> <span class='ocrx_word' id='word_1_615' title='bbox 2489 3732 2769 3786; x_wconf 87' lang='lat' dir='ltr'><strong>transitum</strong></span> <span class='ocrx_word' id='word_1_616' title='bbox 2817 3730 2987 3784; x_wconf 90' lang='lat' dir='ltr'><strong>sancti</strong></span> <span class='ocrx_word' id='word_1_617' title='bbox 3035 3729 3281 3790; x_wconf 86' lang='lat' dir='ltr'><strong>Martini,</strong></span> <span class='ocrx_word' id='word_1_618' title='bbox 3332 3729 3455 3781; x_wconf 90' lang='lat' dir='ltr'><strong>anni</strong></span> <span class='ocrx_word' id='word_1_619' title='bbox 3497 3745 3704 3784; x_wconf 74' lang='lat' dir='ltr'><strong>ccccrrr</strong></span> <span class='ocrx_word' id='word_1_620' title='bbox 3733 3747 3747 3793; x_wconf 86' lang='lat'><strong>;</strong></span> <span class='ocrx_word' id='word_1_621' title='bbox 3780 3747 3809 3783; x_wconf 89' lang='lat' dir='ltr'><strong>a</strong></span> 
     </span>
    </p>
   </div>
   <div class='ocr_carea' id='block_1_83' title="bbox 2239 3822 3809 3891">
    <p class='ocr_par' dir='ltr' id='par_1_83' title="bbox 2239 3822 3809 3891">
     <span class='ocr_line' id='line_1_83' title="bbox 2239 3822 3809 3891; baseline -0.003 -11"><span class='ocrx_word' id='word_1_622' title='bbox 2239 3827 2462 3881; x_wconf 86' lang='lat' dir='ltr'><strong>transitu</strong></span> <span class='ocrx_word' id='word_1_623' title='bbox 2487 3826 2655 3879; x_wconf 90' lang='lat' dir='ltr'><strong>sancti</strong></span> <span class='ocrx_word' id='word_1_624' title='bbox 2682 3823 2886 3877; x_wconf 86' lang='lat' dir='ltr'><strong>Martini</strong></span> <span class='ocrx_word' id='word_1_625' title='bbox 2912 3836 3078 3888; x_wconf 89' lang='lat' dir='ltr'><strong>usque</strong></span> <span class='ocrx_word' id='word_1_626' title='bbox 3100 3822 3164 3875; x_wconf 90' lang='lat' dir='ltr'><strong>ad</strong></span> <span class='ocrx_word' id='word_1_627' title='bbox 3190 3830 3539 3875; x_wconf 89' lang='lat' dir='ltr'><strong>memoratum</strong></span> <span class='ocrx_word' id='word_1_628' title='bbox 3565 3824 3809 3891; x_wconf 89' lang='lat' dir='ltr'><strong>superius</strong></span> 
     </span>
    </p>
   </div>
   <div class='ocr_carea' id='block_1_84' title="bbox 2237 3913 3809 3983">
    <p class='ocr_par' dir='ltr' id='par_1_84' title="bbox 2237 3913 3809 3983">
     <span class='ocr_line' id='line_1_84' title="bbox 2237 3913 3809 3983; baseline -0.003 -13"><span class='ocrx_word' id='word_1_629' title='bbox 2237 3932 2468 3983; x_wconf 89' lang='lat' dir='ltr'><strong>annum,</strong></span> <span class='ocrx_word' id='word_1_630' title='bbox 2499 3917 2549 3969; x_wconf 92' lang='lat' dir='ltr'><strong>id</strong></span> <span class='ocrx_word' id='word_1_631' title='bbox 2579 3924 2688 3978; x_wconf 89' lang='lat' dir='ltr'><strong>est,</strong></span> <span class='ocrx_word' id='word_1_632' title='bbox 2718 3913 3068 3967; x_wconf 89' lang='lat' dir='ltr'><strong>ordinationis</strong></span> <span class='ocrx_word' id='word_1_633' title='bbox 3100 3922 3294 3965; x_wconf 64' lang='lat' dir='ltr'><strong>nostra:</strong></span> <span class='ocrx_word' id='word_1_634' title='bbox 3328 3914 3553 3978; x_wconf 92' lang='lat' dir='ltr'><strong>primum</strong></span> <span class='ocrx_word' id='word_1_635' title='bbox 3585 3923 3640 3966; x_wconf 88' lang='lat' dir='ltr'><strong>et</strong></span> <span class='ocrx_word' id='word_1_636' title='bbox 3667 3914 3809 3967; x_wconf 84' lang='lat' dir='ltr'><strong>vice-</strong></span> 
     </span>
    </p>
   </div>
   <div class='ocr_carea' id='block_1_85' title="bbox 2237 4004 3806 4079">
    <p class='ocr_par' dir='ltr' id='par_1_85' title="bbox 2237 4004 3806 4079">
     <span class='ocr_line' id='line_1_85' title="bbox 2237 4004 3806 4079; baseline -0.005 -14"><span class='ocrx_word' id='word_1_637' title='bbox 2237 4011 2468 4074; x_wconf 88' lang='lat' dir='ltr'><strong>simum,</strong></span> <span class='ocrx_word' id='word_1_638' title='bbox 2522 4009 2611 4079; x_wconf 76' lang='lat' dir='ltr'><strong>qui</strong></span> <span class='ocrx_word' id='word_1_639' title='bbox 2666 4008 2765 4061; x_wconf 90' lang='lat' dir='ltr'><strong>fuit</strong></span> <span class='ocrx_word' id='word_1_640' title='bbox 2815 4004 3058 4076; x_wconf 85' lang='lat' dir='ltr'><strong>Gregorii</strong></span> <span class='ocrx_word' id='word_1_641' title='bbox 3108 4019 3254 4074; x_wconf 70' lang='lat' dir='ltr'><strong>papae</strong></span> <span class='ocrx_word' id='word_1_642' title='bbox 3283 4005 3509 4059; x_wconf 81' lang='lat' dir='ltr'><strong>Romani</strong></span> <span class='ocrx_word' id='word_1_643' title='bbox 3558 4004 3806 4075; x_wconf 75' lang='lat' dir='ltr'><strong>quintus,</strong></span> 
     </span>
    </p>
   </div>
   <div class='ocr_carea' id='block_1_86' title="bbox 2237 4094 3806 4165">
    <p class='ocr_par' dir='ltr' id='par_1_86' title="bbox 2237 4094 3806 4165">
     <span class='ocr_line' id='line_1_86' title="bbox 2237 4094 3806 4165; baseline -0.004 -11"><span class='ocrx_word' id='word_1_644' title='bbox 2237 4099 2622 4155; x_wconf 86' lang='lat' dir='ltr'><strong>Guntchrantni</strong></span> <span class='ocrx_word' id='word_1_645' title='bbox 2667 4096 2807 4165; x_wconf 85' lang='lat' dir='ltr'><strong>regis</strong></span> <span class='ocrx_word' id='word_1_646' title='bbox 2858 4095 3165 4163; x_wconf 83' lang='lat' dir='ltr'><strong>trigesintus</strong></span> <span class='ocrx_word' id='word_1_647' title='bbox 3210 4096 3441 4163; x_wconf 87' lang='lat' dir='ltr'><strong>primus,</strong></span> <span class='ocrx_word' id='word_1_648' title='bbox 3480 4094 3806 4151; x_wconf 87' lang='lat' dir='ltr'><strong>Childeberti</strong></span> 
     </span>
    </p>
   </div>
   <div class='ocr_carea' id='block_1_87' title="bbox 2232 4185 3804 4261">
    <p class='ocr_par' dir='ltr' id='par_1_87' title="bbox 2232 4185 3804 4261">
     <span class='ocr_line' id='line_1_87' title="bbox 2232 4185 3804 4261; baseline -0.003 -16"><span class='ocrx_word' id='word_1_649' title='bbox 2232 4191 2460 4261; x_wconf 90' lang='lat' dir='ltr'><strong>junioris</strong></span> <span class='ocrx_word' id='word_1_650' title='bbox 2490 4189 2728 4243; x_wconf 89' lang='lat' dir='ltr'><strong>decimus</strong></span> <span class='ocrx_word' id='word_1_651' title='bbox 2758 4203 2946 4252; x_wconf 91' lang='lat' dir='ltr'><strong>nonus,</strong></span> <span class='ocrx_word' id='word_1_652' title='bbox 2977 4187 3099 4240; x_wconf 91' lang='lat' dir='ltr'><strong>anni</strong></span> <span class='ocrx_word' id='word_1_653' title='bbox 3128 4185 3143 4222; x_wconf 80' lang='grc' dir='ltr'><strong>ί</strong></span> <span class='ocrx_word' id='word_1_654' title='bbox 3177 4202 3391 4241; x_wconf 81' lang='lat' dir='ltr'><strong>cuvrrt.</strong></span> <span class='ocrx_word' id='word_1_655' title='bbox 3422 4187 3666 4252; x_wconf 87' lang='lat' dir='ltr'><strong>Quorum</strong></span> <span class='ocrx_word' id='word_1_656' title='bbox 3696 4202 3804 4242; x_wconf 85' lang='lat' dir='ltr'><strong>om—</strong></span> 
     </span>
    </p>
   </div>
   <div class='ocr_carea' id='block_1_88' title="bbox 2238 4279 3476 4337">
    <p class='ocr_par' dir='ltr' id='par_1_88' title="bbox 2238 4279 3476 4337">
     <span class='ocr_line' id='line_1_88' title="bbox 2238 4279 3476 4337; baseline -0.005 0"><span class='ocrx_word' id='word_1_657' title='bbox 2238 4286 2319 4337; x_wconf 83' lang='lat' dir='ltr'><strong>lllS</strong></span> <span class='ocrx_word' id='word_1_658' title='bbox 2349 4298 2553 4337; x_wconf 87' lang='lat' dir='ltr'><strong>summa</strong></span> <span class='ocrx_word' id='word_1_659' title='bbox 2584 4290 2668 4337; x_wconf 86' lang='lat' dir='ltr'><strong>est</strong></span> <span class='ocrx_word' id='word_1_660' title='bbox 2695 4294 2955 4333; x_wconf 87' lang='lat' dir='ltr'><strong>annorum</strong></span> <span class='ocrx_word' id='word_1_661' title='bbox 2986 4294 3398 4333; x_wconf 69' lang='lat' dir='ltr'><strong>IIIIMDCCCXIV</strong></span> <span class='ocrx_word' id='word_1_662' title='bbox 3426 4279 3476 4331; x_wconf 66' lang='grc' dir='ltr'><strong>ί.</strong></span> 
     </span>
    </p>
   </div>
   <div class='ocr_carea' id='block_1_89' title="bbox 916 4414 3495 4500">
    <p class='ocr_par' dir='ltr' id='par_1_89' title="bbox 916 4414 3495 4500">
     <span class='ocr_line' id='line_1_89' title="bbox 916 4414 3495 4500; baseline -0.003 -19"><span class='ocrx_word' id='word_1_663' title='bbox 916 4421 1215 4500; x_wconf 68' lang='lat' dir='ltr'><strong>Explicit</strong></span> <span class='ocrx_word' id='word_1_664' title='bbox 1251 4420 1540 4480; x_wconf 78' lang='lat' dir='ltr'><strong>Historia</strong></span> <span class='ocrx_word' id='word_1_665' title='bbox 1571 4418 2021 4478; x_wconf 78' lang='lat' dir='ltr'><strong>Ecclesiastica</strong></span> <span class='ocrx_word' id='word_1_666' title='bbox 2058 4418 2445 4478; x_wconf 81' lang='lat' dir='ltr'><strong>Francorum</strong></span> <span class='ocrx_word' id='word_1_667' title='bbox 2493 4415 2787 4493; x_wconf 75' lang='lat' dir='ltr'><strong>Gregorii</strong></span> <span class='ocrx_word' id='word_1_668' title='bbox 2818 4414 3092 4492; x_wconf 81' lang='lat' dir='ltr'><strong>episcopi</strong></span> <span class='ocrx_word' id='word_1_669' title='bbox 3118 4416 3451 4481; x_wconf 81' lang='lat' dir='ltr'><strong>Turonici.</strong></span> <span class='ocrx_word' id='word_1_670' title='bbox 3492 4420 3495 4421; x_wconf 64' lang='grc'><strong><em>⁷</em></strong></span> 
     </span>
    </p>
   </div>
   <div class='ocr_carea' id='block_1_90' title="bbox 637 4537 3810 4608">
    <p class='ocr_par' dir='ltr' id='par_1_90' title="bbox 637 4537 3810 4608">
     <span class='ocr_line' id='line_1_90' title="bbox 637 4537 3810 4608; baseline -0.001 -12"><span class='ocrx_word' id='word_1_671' title='bbox 637 4552 662 4580; x_wconf 79' lang='grc'><strong><em>⁸</em></strong></span> <span class='ocrx_word' id='word_1_672' title='bbox 689 4543 819 4606; x_wconf 83' lang='lat' dir='ltr'><strong>Ejus</strong></span> <span class='ocrx_word' id='word_1_673' title='bbox 847 4542 1032 4597; x_wconf 75' lang='lat' dir='ltr'><strong>festum</strong></span> <span class='ocrx_word' id='word_1_674' title='bbox 1060 4544 1253 4595; x_wconf 87' lang='lat' dir='ltr'><strong>colitur</strong></span> <span class='ocrx_word' id='word_1_675' title='bbox 1277 4542 1363 4595; x_wconf 92' lang='lat' dir='ltr'><strong>die</strong></span> <span class='ocrx_word' id='word_1_676' title='bbox 1392 4539 1425 4591; x_wconf 81' lang='grc'><strong>4</strong></span> <span class='ocrx_word' id='word_1_677' title='bbox 1456 4540 1698 4607; x_wconf 77' lang='lat' dir='ltr'><strong>Augusti;</strong></span> <span class='ocrx_word' id='word_1_678' title='bbox 1734 4538 1967 4591; x_wconf 90' lang='lat' dir='ltr'><strong>interfuit</strong></span> <span class='ocrx_word' id='word_1_679' title='bbox 2003 4554 2129 4591; x_wconf 83' lang='lat' dir='ltr'><strong>con-</strong></span> <span class='ocrx_word' id='word_1_680' title='bbox 2163 4545 2210 4602; x_wconf 82' lang='grc' dir='ltr'>ι)</span> <span class='ocrx_word' id='word_1_681' title='bbox 2238 4540 2305 4591; x_wconf 89' lang='lat' dir='ltr'><strong>tis</strong></span> <span class='ocrx_word' id='word_1_682' title='bbox 2335 4540 2551 4593; x_wconf 69' lang='lat' dir='ltr'><strong>incertae</strong></span> <span class='ocrx_word' id='word_1_683' title='bbox 2571 4579 2587 4601; x_wconf 94' lang='lat'><strong>,</strong></span> <span class='ocrx_word' id='word_1_684' title='bbox 2616 4538 2683 4593; x_wconf 91' lang='lat' dir='ltr'><strong>de</strong></span> <span class='ocrx_word' id='word_1_685' title='bbox 2712 4553 2818 4608; x_wconf 91' lang='lat' dir='ltr'><strong>quo</strong></span> <span class='ocrx_word' id='word_1_686' title='bbox 2849 4537 3067 4593; x_wconf 83' lang='lat' dir='ltr'><strong>Vossius</strong></span> <span class='ocrx_word' id='word_1_687' title='bbox 3097 4538 3189 4593; x_wconf 84' lang='lat' dir='ltr'><strong>lib.</strong></span> <span class='ocrx_word' id='word_1_688' title='bbox 3222 4554 3280 4592; x_wconf 90' lang='lat' dir='ltr'><strong>Ill</strong></span> <span class='ocrx_word' id='word_1_689' title='bbox 3310 4540 3376 4592; x_wconf 88' lang='lat' dir='ltr'><strong>de</strong></span> <span class='ocrx_word' id='word_1_690' title='bbox 3410 4539 3687 4597; x_wconf 78' lang='lat' dir='ltr'><strong>Historicis</strong></span> <span class='ocrx_word' id='word_1_691' title='bbox 3714 4543 3810 4598; x_wconf 77' lang='lat' dir='ltr'><strong>La-</strong></span> 
     </span>
    </p>
   </div>
   <div class='ocr_carea' id='block_1_91' title="bbox 564 4610 2126 4679">
    <p class='ocr_par' dir='ltr' id='par_1_91' title="bbox 564 4610 2126 4679">
     <span class='ocr_line' id='line_1_91' title="bbox 564 4610 2126 4679; baseline 0 -15"><span class='ocrx_word' id='word_1_692' title='bbox 564 4614 687 4666; x_wconf 81' lang='lat' dir='ltr'><strong>cilio</strong></span> <span class='ocrx_word' id='word_1_693' title='bbox 710 4614 879 4666; x_wconf 81' lang='lat' dir='ltr'><strong>Paris.</strong></span> <span class='ocrx_word' id='word_1_694' title='bbox 914 4630 965 4666; x_wconf 92' lang='lat' dir='ltr'><strong>Ill</strong></span> <span class='ocrx_word' id='word_1_695' title='bbox 992 4630 1079 4666; x_wconf 86' lang='lat' dir='ltr'><strong>an.</strong></span> <span class='ocrx_word' id='word_1_696' title='bbox 1108 4613 1231 4676; x_wconf 68' lang='lat'><strong>5757,</strong></span> <span class='ocrx_word' id='word_1_697' title='bbox 1264 4623 1316 4665; x_wconf 91' lang='lat' dir='ltr'><strong>et</strong></span> <span class='ocrx_word' id='word_1_698' title='bbox 1348 4611 1557 4679; x_wconf 64' lang='lat' dir='ltr'><strong>pra‘fnit</strong></span> <span class='ocrx_word' id='word_1_699' title='bbox 1589 4610 1787 4662; x_wconf 84' lang='lat' dir='ltr'><strong>&#39;l‘uron.</strong></span> <span class='ocrx_word' id='word_1_700' title='bbox 1822 4624 1854 4662; x_wconf 93' lang='lat' dir='ltr'><strong>ll</strong></span> <span class='ocrx_word' id='word_1_701' title='bbox 1883 4629 1970 4662; x_wconf 78' lang='lat' dir='ltr'><strong>an.</strong></span> <span class='ocrx_word' id='word_1_702' title='bbox 2002 4611 2126 4665; x_wconf 79' lang='lat'><strong>567.</strong></span> 
     </span>
    </p>
   </div>
   <div class='ocr_carea' id='block_1_92' title="bbox 565 4681 1727 4739">
    <p class='ocr_par' dir='ltr' id='par_1_92' title="bbox 565 4681 1727 4739">
     <span class='ocr_line' id='line_1_92' title="bbox 565 4681 1727 4739; baseline -0.005 -2"><span class='ocrx_word' id='word_1_703' title='bbox 565 4683 830 4737; x_wconf 86' lang='lat' dir='ltr'><strong>Laudatur</strong></span> <span class='ocrx_word' id='word_1_704' title='bbox 861 4699 888 4736; x_wconf 91' lang='lat' dir='ltr'><strong>a</strong></span> <span class='ocrx_word' id='word_1_705' title='bbox 924 4685 1213 4737; x_wconf 84' lang='lat' dir='ltr'><strong>Fortunato</strong></span> <span class='ocrx_word' id='word_1_706' title='bbox 1244 4684 1333 4734; x_wconf 90' lang='lat' dir='ltr'><strong>lib.</strong></span> <span class='ocrx_word' id='word_1_707' title='bbox 1368 4696 1448 4739; x_wconf 87' lang='grc' dir='ltr'>ιιι,</span> <span class='ocrx_word' id='word_1_708' title='bbox 1478 4696 1647 4731; x_wconf 89' lang='lat' dir='ltr'><strong>carm.</strong></span> <span class='ocrx_word' id='word_1_709' title='bbox 1677 4681 1727 4733; x_wconf 73' lang='grc'><strong>4.</strong></span> 
     </span>
    </p>
   </div>
   <div class='ocr_carea' id='block_1_93' title="bbox 637 4748 2132 4815">
    <p class='ocr_par' dir='ltr' id='par_1_93' title="bbox 637 4748 2132 4815">
     <span class='ocr_line' id='line_1_93' title="bbox 637 4748 2132 4815; baseline -0.003 -8"><span class='ocrx_word' id='word_1_710' title='bbox 637 4755 661 4791; x_wconf 65' lang='grc' dir='ltr'>ι’</span> <span class='ocrx_word' id='word_1_711' title='bbox 682 4754 823 4807; x_wconf 90' lang='lat' dir='ltr'><strong>Idem</strong></span> <span class='ocrx_word' id='word_1_712' title='bbox 850 4763 1069 4806; x_wconf 85' lang='lat' dir='ltr'><strong>testatur</strong></span> <span class='ocrx_word' id='word_1_713' title='bbox 1094 4754 1407 4805; x_wconf 77' lang='lat' dir='ltr'><strong>Fortunatus</strong></span> <span class='ocrx_word' id='word_1_714' title='bbox 1441 4752 1591 4809; x_wconf 77' lang='lat' dir='ltr'><strong>lih.x,</strong></span> <span class='ocrx_word' id='word_1_715' title='bbox 1621 4765 1784 4803; x_wconf 89' lang='lat' dir='ltr'><strong>carm.</strong></span> <span class='ocrx_word' id='word_1_716' title='bbox 1807 4748 1861 4813; x_wconf 75' lang='lat'><strong>9.,</strong></span> <span class='ocrx_word' id='word_1_717' title='bbox 1892 4749 2029 4815; x_wconf 90' lang='lat' dir='ltr'><strong>quod</strong></span> <span class='ocrx_word' id='word_1_718' title='bbox 2051 4758 2132 4803; x_wconf 86' lang='lat' dir='ltr'><strong>est</strong></span> 
     </span>
    </p>
   </div>
   <div class='ocr_carea' id='block_1_94' title="bbox 563 4820 2126 4883">
    <p class='ocr_par' dir='ltr' id='par_1_94' title="bbox 563 4820 2126 4883">
     <span class='ocr_line' id='line_1_94' title="bbox 563 4820 2126 4883; baseline -0.004 -5"><span class='ocrx_word' id='word_1_719' title='bbox 563 4834 731 4881; x_wconf 82' lang='lat' dir='ltr'><strong>totum</strong></span> <span class='ocrx_word' id='word_1_720' title='bbox 761 4827 827 4877; x_wconf 88' lang='lat' dir='ltr'><strong>de</strong></span> <span class='ocrx_word' id='word_1_721' title='bbox 858 4824 958 4878; x_wconf 90' lang='lat' dir='ltr'><strong>hac</strong></span> <span class='ocrx_word' id='word_1_722' title='bbox 984 4823 1204 4876; x_wconf 74' lang='lat' dir='ltr'><strong>ecclesia</strong></span> <span class='ocrx_word' id='word_1_723' title='bbox 1254 4837 1281 4873; x_wconf 90' lang='lat' dir='ltr'><strong>a</strong></span> <span class='ocrx_word' id='word_1_724' title='bbox 1313 4834 1493 4872; x_wconf 89' lang='lat' dir='ltr'><strong>nostro</strong></span> <span class='ocrx_word' id='word_1_725' title='bbox 1524 4820 1782 4883; x_wconf 65' lang='lat' dir='ltr'><strong>Gregorio</strong></span> <span class='ocrx_word' id='word_1_726' title='bbox 1813 4833 2126 4875; x_wconf 79' lang='lat' dir='ltr'><strong>restaurata.</strong></span> 
     </span>
    </p>
   </div>
   <div class='ocr_carea' id='block_1_95' title="bbox 636 4891 2132 4955">
    <p class='ocr_par' dir='ltr' id='par_1_95' title="bbox 636 4891 2132 4955">
     <span class='ocr_line' id='line_1_95' title="bbox 636 4891 2132 4955; baseline -0.003 -6"><span class='ocrx_word' id='word_1_727' title='bbox 636 4908 658 4935; x_wconf 74' lang='grc' dir='ltr'><strong><em>ο</em></strong></span> <span class='ocrx_word' id='word_1_728' title='bbox 694 4896 1010 4949; x_wconf 86' lang='lat' dir='ltr'><strong>Sanctorum</strong></span> <span class='ocrx_word' id='word_1_729' title='bbox 1044 4894 1246 4945; x_wconf 83' lang='lat' dir='ltr'><strong>scilicet</strong></span> <span class='ocrx_word' id='word_1_730' title='bbox 1293 4891 1529 4944; x_wconf 84' lang='lat' dir='ltr'><strong>Mauricii</strong></span> <span class='ocrx_word' id='word_1_731' title='bbox 1578 4903 1631 4943; x_wconf 91' lang='lat' dir='ltr'><strong>et</strong></span> <span class='ocrx_word' id='word_1_732' title='bbox 1668 4893 1957 4945; x_wconf 83' lang='lat' dir='ltr'><strong>sociorum.</strong></span> <span class='ocrx_word' id='word_1_733' title='bbox 2000 4906 2132 4955; x_wconf 82' lang='lat' dir='ltr'><strong>quos</strong></span> 
     </span>
    </p>
   </div>
   <div class='ocr_carea' id='block_1_96' title="bbox 566 4960 2131 5034">
    <p class='ocr_par' dir='ltr' id='par_1_96' title="bbox 566 4960 2131 5034">
     <span class='ocr_line' id='line_1_96' title="bbox 566 4960 2131 5034; baseline -0.008 -11"><span class='ocrx_word' id='word_1_734' title='bbox 566 4969 698 5023; x_wconf 89' lang='lat' dir='ltr'><strong>infra</strong></span> <span class='ocrx_word' id='word_1_735' title='bbox 730 4967 897 5020; x_wconf 72' lang='lat' dir='ltr'><strong>beatae</strong></span> <span class='ocrx_word' id='word_1_736' title='bbox 925 4963 1145 5034; x_wconf 77' lang='lat' dir='ltr'><strong>legionis</strong></span> <span class='ocrx_word' id='word_1_737' title='bbox 1192 4971 1353 5015; x_wconf 89' lang='lat' dir='ltr'><strong>testes</strong></span> <span class='ocrx_word' id='word_1_738' title='bbox 1389 4960 1638 5034; x_wconf 80' lang='lat' dir='ltr'><strong>appellat.</strong></span> <span class='ocrx_word' id='word_1_739' title='bbox 1686 4961 1758 5034; x_wconf 89' lang='lat' dir='ltr'><strong>De</strong></span> <span class='ocrx_word' id='word_1_740' title='bbox 1792 4964 1871 5012; x_wconf 88' lang='lat' dir='ltr'><strong>his</strong></span> <span class='ocrx_word' id='word_1_741' title='bbox 1903 4965 2021 5034; x_wconf 85' lang='lat' dir='ltr'><strong>luse</strong></span> <span class='ocrx_word' id='word_1_742' title='bbox 2043 4976 2131 5034; x_wconf 78' lang='lat' dir='ltr'><strong>ac-</strong></span> 
     </span>
    </p>
   </div>
   <div class='ocr_carea' id='block_1_97' title="bbox 566 5030 2120 5102">
    <p class='ocr_par' dir='ltr' id='par_1_97' title="bbox 566 5030 2120 5102">
     <span class='ocr_line' id='line_1_97' title="bbox 566 5030 2120 5102; baseline -0.005 -13"><span class='ocrx_word' id='word_1_743' title='bbox 566 5050 674 5097; x_wconf 88' lang='lat' dir='ltr'><strong>tum</strong></span> <span class='ocrx_word' id='word_1_744' title='bbox 706 5046 789 5089; x_wconf 90' lang='lat' dir='ltr'><strong>est</strong></span> <span class='ocrx_word' id='word_1_745' title='bbox 830 5036 883 5089; x_wconf 94' lang='lat' dir='ltr'><strong>in</strong></span> <span class='ocrx_word' id='word_1_746' title='bbox 932 5030 1077 5088; x_wconf 74' lang='lat' dir='ltr'><strong>Actis</strong></span> <span class='ocrx_word' id='word_1_747' title='bbox 1106 5032 1391 5102; x_wconf 84' lang='lat' dir='ltr'><strong>Martyrum</strong></span> <span class='ocrx_word' id='word_1_748' title='bbox 1424 5031 1650 5084; x_wconf 89' lang='lat' dir='ltr'><strong>sinceris</strong></span> <span class='ocrx_word' id='word_1_749' title='bbox 1677 5033 1741 5085; x_wconf 91' lang='lat' dir='ltr'><strong>ad</strong></span> <span class='ocrx_word' id='word_1_750' title='bbox 1771 5048 1966 5083; x_wconf 88' lang='lat' dir='ltr'><strong>annnrn</strong></span> <span class='ocrx_word' id='word_1_751' title='bbox 1998 5030 2120 5087; x_wconf 68' lang='lat'><strong>286.</strong></span> 
     </span>
    </p>
   </div>
   <div class='ocr_carea' id='block_1_98' title="bbox 566 5102 2127 5172">
    <p class='ocr_par' dir='ltr' id='par_1_98' title="bbox 566 5102 2127 5172">
     <span class='ocr_line' id='line_1_98' title="bbox 566 5102 2127 5172; baseline -0.005 -11"><span class='ocrx_word' id='word_1_752' title='bbox 566 5107 858 5161; x_wconf 79' lang='lat' dir='ltr'><strong>Ecclesiam</strong></span> <span class='ocrx_word' id='word_1_753' title='bbox 888 5106 1024 5161; x_wconf 90' lang='lat' dir='ltr'><strong>hanc</strong></span> <span class='ocrx_word' id='word_1_754' title='bbox 1051 5122 1077 5155; x_wconf 90' lang='lat' dir='ltr'><strong>a</strong></span> <span class='ocrx_word' id='word_1_755' title='bbox 1111 5102 1371 5172; x_wconf 85' lang='lat' dir='ltr'><strong>Gregorio</strong></span> <span class='ocrx_word' id='word_1_756' title='bbox 1407 5110 1713 5154; x_wconf 80' lang='lat' dir='ltr'><strong>renovatam</strong></span> <span class='ocrx_word' id='word_1_757' title='bbox 1745 5102 1983 5171; x_wconf 84' lang='lat' dir='ltr'><strong>pluribus</strong></span> <span class='ocrx_word' id='word_1_758' title='bbox 2011 5104 2127 5154; x_wconf 84' lang='lat' dir='ltr'><strong>lau-</strong></span> 
     </span>
    </p>
   </div>
   <div class='ocr_carea' id='block_1_99' title="bbox 566 5172 1501 5239">
    <p class='ocr_par' dir='ltr' id='par_1_99' title="bbox 566 5172 1501 5239">
     <span class='ocr_line' id='line_1_99' title="bbox 566 5172 1501 5239; baseline -0.007 -7"><span class='ocrx_word' id='word_1_759' title='bbox 566 5178 656 5232; x_wconf 90' lang='lat' dir='ltr'><strong>dat</strong></span> <span class='ocrx_word' id='word_1_760' title='bbox 688 5178 1011 5231; x_wconf 80' lang='lat' dir='ltr'><strong>Fortunatus</strong></span> <span class='ocrx_word' id='word_1_761' title='bbox 1044 5174 1137 5229; x_wconf 91' lang='lat' dir='ltr'><strong>lib.</strong></span> <span class='ocrx_word' id='word_1_762' title='bbox 1171 5190 1222 5239; x_wconf 76' lang='grc' dir='ltr'>ι,</span> <span class='ocrx_word' id='word_1_763' title='bbox 1253 5188 1417 5227; x_wconf 79' lang='lat' dir='ltr'><strong>carm.</strong></span> <span class='ocrx_word' id='word_1_764' title='bbox 1442 5172 1501 5225; x_wconf 65' lang='lat'><strong>2.</strong></span> 
     </span>
    </p>
   </div>
   <div class='ocr_carea' id='block_1_100' title="bbox 634 5240 2129 5310">
    <p class='ocr_par' dir='ltr' id='par_1_100' title="bbox 634 5240 2129 5310">
     <span class='ocr_line' id='line_1_100' title="bbox 634 5240 2129 5310; baseline -0.005 -10"><span class='ocrx_word' id='word_1_765' title='bbox 634 5247 659 5283; x_wconf 71' lang='grc' dir='ltr'>ἀ</span> <span class='ocrx_word' id='word_1_766' title='bbox 688 5246 820 5300; x_wconf 83' lang='lat' dir='ltr'><strong>Cod.</strong></span> <span class='ocrx_word' id='word_1_767' title='bbox 849 5248 1003 5301; x_wconf 87' lang='lat' dir='ltr'><strong>Golb.</strong></span> <span class='ocrx_word' id='word_1_768' title='bbox 1035 5262 1109 5300; x_wconf 92' lang='lat' dir='ltr'><strong>m.</strong></span> <span class='ocrx_word' id='word_1_769' title='bbox 1142 5256 1196 5298; x_wconf 90' lang='lat' dir='ltr'><strong>et</strong></span> <span class='ocrx_word' id='word_1_770' title='bbox 1235 5244 1397 5298; x_wconf 90' lang='lat' dir='ltr'><strong>editio</strong></span> <span class='ocrx_word' id='word_1_771' title='bbox 1444 5240 1599 5303; x_wconf 86' lang='lat' dir='ltr'><strong>Bad.,</strong></span> <span class='ocrx_word' id='word_1_772' title='bbox 1632 5242 1683 5295; x_wconf 85' lang='lat' dir='ltr'><strong>in</strong></span> <span class='ocrx_word' id='word_1_773' title='bbox 1714 5258 1815 5310; x_wconf 86' lang='lat' dir='ltr'><strong>qua</strong></span> <span class='ocrx_word' id='word_1_774' title='bbox 1862 5240 2007 5294; x_wconf 86' lang='lat' dir='ltr'><strong>valde</strong></span> <span class='ocrx_word' id='word_1_775' title='bbox 2037 5257 2129 5303; x_wconf 82' lang='lat' dir='ltr'><strong>pu-</strong></span> 
     </span>
    </p>
   </div>
   <div class='ocr_carea' id='block_1_101' title="bbox 569 5311 2129 5387">
    <p class='ocr_par' dir='ltr' id='par_1_101' title="bbox 569 5311 2129 5387">
     <span class='ocr_line' id='line_1_101' title="bbox 569 5311 2129 5387; baseline -0.006 -14"><span class='ocrx_word' id='word_1_776' title='bbox 569 5318 780 5373; x_wconf 78' lang='lat' dir='ltr'><strong>tredinis</strong></span> <span class='ocrx_word' id='word_1_777' title='bbox 802 5326 911 5371; x_wconf 84' lang='lat' dir='ltr'><strong>erat</strong></span> <span class='ocrx_word' id='word_1_778' title='bbox 956 5317 1139 5387; x_wconf 82' lang='lat' dir='ltr'><strong>pietate</strong></span> <span class='ocrx_word' id='word_1_779' title='bbox 1174 5316 1419 5369; x_wconf 79' lang='lat' dir='ltr'><strong>virtutum</strong></span> <span class='ocrx_word' id='word_1_780' title='bbox 1450 5328 1541 5381; x_wconf 84' lang='lat' dir='ltr'><strong>pro</strong></span> <span class='ocrx_word' id='word_1_781' title='bbox 1571 5328 1744 5366; x_wconf 85' lang='lat' dir='ltr'><strong>eorum</strong></span> <span class='ocrx_word' id='word_1_782' title='bbox 1771 5313 1954 5365; x_wconf 83' lang='lat' dir='ltr'><strong>virtute</strong></span> <span class='ocrx_word' id='word_1_783' title='bbox 1982 5311 2129 5365; x_wconf 83' lang='lat' dir='ltr'><strong>defa-</strong></span> 
     </span>
    </p>
   </div>
   <div class='ocr_carea' id='block_1_102' title="bbox 567 5399 675 5447">
    <p class='ocr_par' dir='ltr' id='par_1_102' title="bbox 567 5399 675 5447">
     <span class='ocr_line' id='line_1_102' title="bbox 567 5399 675 5447; baseline -0.065 0"><span class='ocrx_word' id='word_1_784' title='bbox 567 5399 675 5447; x_wconf 79' lang='lat' dir='ltr'><strong>tum</strong></span> 
     </span>
    </p>
   </div>
   <div class='ocr_carea' id='block_1_103' title="bbox 641 5455 1915 5529">
    <p class='ocr_par' dir='ltr' id='par_1_103' title="bbox 641 5455 1915 5529">
     <span class='ocr_line' id='line_1_103' title="bbox 641 5455 1915 5529; baseline -0.006 -15"><span class='ocrx_word' id='word_1_785' title='bbox 641 5470 665 5499; x_wconf 77' lang='grc' dir='ltr'><strong><em>ο</em></strong></span> <span class='ocrx_word' id='word_1_786' title='bbox 703 5458 851 5513; x_wconf 90' lang='lat' dir='ltr'><strong>Colb.</strong></span> <span class='ocrx_word' id='word_1_787' title='bbox 883 5473 953 5511; x_wconf 90' lang='lat' dir='ltr'><strong>tn.</strong></span> <span class='ocrx_word' id='word_1_788' title='bbox 986 5469 1040 5513; x_wconf 91' lang='lat' dir='ltr'><strong>et</strong></span> <span class='ocrx_word' id='word_1_789' title='bbox 1068 5459 1222 5522; x_wconf 86' lang='lat' dir='ltr'><strong>Bad.,</strong></span> <span class='ocrx_word' id='word_1_790' title='bbox 1252 5468 1301 5514; x_wconf 83' lang='lat' dir='ltr'><strong>et</strong></span> <span class='ocrx_word' id='word_1_791' title='bbox 1324 5458 1525 5529; x_wconf 81' lang='lat' dir='ltr'><strong>hymnis</strong></span> <span class='ocrx_word' id='word_1_792' title='bbox 1552 5458 1701 5511; x_wconf 81' lang='lat' dir='ltr'><strong>etiam</strong></span> <span class='ocrx_word' id='word_1_793' title='bbox 1729 5455 1915 5529; x_wconf 71' lang='lat' dir='ltr'><strong>missis.</strong></span> 
     </span>
    </p>
   </div>
   <div class='ocr_carea' id='block_1_104' title="bbox 641 5526 2131 5595">
    <p class='ocr_par' dir='ltr' id='par_1_104' title="bbox 641 5526 2131 5595">
     <span class='ocr_line' id='line_1_104' title="bbox 641 5526 2131 5595; baseline -0.004 -13"><span class='ocrx_word' id='word_1_794' title='bbox 641 5528 661 5569; x_wconf 69' lang='grc' dir='ltr'>ί</span> <span class='ocrx_word' id='word_1_795' title='bbox 700 5530 792 5582; x_wconf 91' lang='lat' dir='ltr'><strong>llic</strong></span> <span class='ocrx_word' id='word_1_796' title='bbox 832 5529 1025 5582; x_wconf 88' lang='lat' dir='ltr'><strong>desinit</strong></span> <span class='ocrx_word' id='word_1_797' title='bbox 1063 5530 1185 5583; x_wconf 91' lang='lat' dir='ltr'><strong>cod.</strong></span> <span class='ocrx_word' id='word_1_798' title='bbox 1235 5526 1389 5583; x_wconf 53' lang='lat' dir='ltr'><strong>liolb&#39;.</strong></span> <span class='ocrx_word' id='word_1_799' title='bbox 1439 5544 1548 5594; x_wconf 91' lang='lat' dir='ltr'><strong>m.,</strong></span> <span class='ocrx_word' id='word_1_800' title='bbox 1583 5542 1679 5580; x_wconf 90' lang='lat' dir='ltr'><strong>nec</strong></span> <span class='ocrx_word' id='word_1_801' title='bbox 1725 5526 2009 5595; x_wconf 90' lang='lat' dir='ltr'><strong>quidquam</strong></span> <span class='ocrx_word' id='word_1_802' title='bbox 2050 5533 2131 5577; x_wconf 88' lang='lat' dir='ltr'><strong>est</strong></span> 
     </span>
    </p>
   </div>
   <div class='ocr_carea' id='block_1_105' title="bbox 572 5597 2127 5665">
    <p class='ocr_par' dir='ltr' id='par_1_105' title="bbox 572 5597 2127 5665">
     <span class='ocr_line' id='line_1_105' title="bbox 572 5597 2127 5665; baseline -0.006 -9"><span class='ocrx_word' id='word_1_803' title='bbox 572 5603 829 5657; x_wconf 73' lang='lat' dir='ltr'><strong>evulsum.</strong></span> <span class='ocrx_word' id='word_1_804' title='bbox 865 5597 1015 5653; x_wconf 90' lang='lat' dir='ltr'><strong>Unde</strong></span> <span class='ocrx_word' id='word_1_805' title='bbox 1052 5599 1297 5653; x_wconf 87' lang='lat' dir='ltr'><strong>Cointius</strong></span> <span class='ocrx_word' id='word_1_806' title='bbox 1334 5613 1397 5652; x_wconf 85' lang='lat' dir='ltr'><strong>ea</strong></span> <span class='ocrx_word' id='word_1_807' title='bbox 1438 5613 1555 5665; x_wconf 64' lang='lat' dir='ltr'><strong>quae</strong></span> <span class='ocrx_word' id='word_1_808' title='bbox 1593 5603 1888 5651; x_wconf 80' lang='lat' dir='ltr'><strong>sequuntur</strong></span> <span class='ocrx_word' id='word_1_809' title='bbox 1924 5609 1952 5645; x_wconf 91' lang='lat' dir='ltr'><strong>a</strong></span> <span class='ocrx_word' id='word_1_810' title='bbox 1993 5609 2127 5662; x_wconf 88' lang='lat' dir='ltr'><strong>quo-</strong></span> 
     </span>
    </p>
   </div>
   <div class='ocr_carea' id='block_1_106' title="bbox 570 5668 1635 5743">
    <p class='ocr_par' dir='ltr' id='par_1_106' title="bbox 570 5668 1635 5743">
     <span class='ocr_line' id='line_1_106' title="bbox 570 5668 1635 5743; baseline -0.009 -16"><span class='ocrx_word' id='word_1_811' title='bbox 570 5668 1018 5743; x_wconf 50' lang='lat' dir='ltr'><strong>lnarnﬁeoteriCo</strong></span> <span class='ocrx_word' id='word_1_812' title='bbox 1044 5669 1221 5743; x_wconf 75' lang='lat' dir='ltr'><strong>addita</strong></span> <span class='ocrx_word' id='word_1_813' title='bbox 1248 5668 1407 5743; x_wconf 79' lang='lat' dir='ltr'><strong>fuisse</strong></span> <span class='ocrx_word' id='word_1_814' title='bbox 1436 5676 1635 5743; x_wconf 69' lang='lat' dir='ltr'><strong>censet.</strong></span> 
     </span>
    </p>
   </div>
   <div class='ocr_carea' id='block_1_107' title="bbox 641 5733 2124 5804">
    <p class='ocr_par' dir='ltr' id='par_1_107' title="bbox 641 5733 2124 5804">
     <span class='ocr_line' id='line_1_107' title="bbox 641 5733 2124 5804; baseline -0.005 -14"><span class='ocrx_word' id='word_1_815' title='bbox 641 5753 665 5790; x_wconf 81' lang='grc' dir='ltr'>ε</span> <span class='ocrx_word' id='word_1_816' title='bbox 704 5741 835 5795; x_wconf 86' lang='lat' dir='ltr'><strong>Cod.</strong></span> <span class='ocrx_word' id='word_1_817' title='bbox 864 5738 1019 5804; x_wconf 67' lang='lat'><strong>“03.,</strong></span> <span class='ocrx_word' id='word_1_818' title='bbox 1051 5737 1412 5791; x_wconf 79' lang='lat' dir='ltr'><strong>Martiniauus.</strong></span> <span class='ocrx_word' id='word_1_819' title='bbox 1440 5736 1542 5788; x_wconf 68' lang='lat' dir='ltr'><strong>Sed</strong></span> <span class='ocrx_word' id='word_1_820' title='bbox 1574 5738 1655 5787; x_wconf 85' lang='lat' dir='ltr'><strong>hic</strong></span> <span class='ocrx_word' id='word_1_821' title='bbox 1684 5734 1867 5786; x_wconf 84' lang='lat' dir='ltr'><strong>alludit</strong></span> <span class='ocrx_word' id='word_1_822' title='bbox 1894 5734 1959 5786; x_wconf 87' lang='lat' dir='ltr'><strong>ad</strong></span> <span class='ocrx_word' id='word_1_823' title='bbox 1991 5733 2124 5785; x_wconf 84' lang='lat' dir='ltr'><strong>Mar-</strong></span> 
     </span>
    </p>
   </div>
   <div class='ocr_carea' id='block_1_108' title="bbox 574 5804 2123 5869">
    <p class='ocr_par' dir='ltr' id='par_1_108' title="bbox 574 5804 2123 5869">
     <span class='ocr_line' id='line_1_108' title="bbox 574 5804 2123 5869; baseline -0.007 -2"><span class='ocrx_word' id='word_1_824' title='bbox 574 5817 771 5867; x_wconf 83' lang='lat' dir='ltr'><strong>tianqu</strong></span> <span class='ocrx_word' id='word_1_825' title='bbox 802 5808 1069 5869; x_wconf 77' lang='lat' dir='ltr'><strong>Capellam</strong></span> <span class='ocrx_word' id='word_1_826' title='bbox 1101 5818 1366 5861; x_wconf 79' lang='lat' dir='ltr'><strong>auctorem</strong></span> <span class='ocrx_word' id='word_1_827' title='bbox 1399 5806 1661 5861; x_wconf 76' lang='lat' dir='ltr'><strong>cclcbt&#39;cm</strong></span> <span class='ocrx_word' id='word_1_828' title='bbox 1686 5846 1700 5868; x_wconf 91' lang='lat'><strong>,</strong></span> <span class='ocrx_word' id='word_1_829' title='bbox 1730 5804 1966 5869; x_wconf 54' lang='lat' dir='ltr'><strong>quamvis</strong></span> <span class='ocrx_word' id='word_1_830' title='bbox 2000 5811 2123 5856; x_wconf 75' lang='lat' dir='ltr'><strong>acta-</strong></span> 
     </span>
    </p>
   </div>
   <div class='ocr_carea' id='block_1_109' title="bbox 2237 4611 2656 4677">
    <p class='ocr_par' dir='ltr' id='par_1_109' title="bbox 2237 4611 2656 4677">
     <span class='ocr_line' id='line_1_109' title="bbox 2237 4611 2656 4677; baseline -0.002 -13"><span class='ocrx_word' id='word_1_831' title='bbox 2237 4611 2360 4664; x_wconf 90' lang='lat' dir='ltr'><strong>tinis</strong></span> <span class='ocrx_word' id='word_1_832' title='bbox 2377 4651 2390 4665; x_wconf 89' lang='lat'><strong>.</strong></span> <span class='ocrx_word' id='word_1_833' title='bbox 2422 4618 2567 4677; x_wconf 88' lang='lat' dir='ltr'><strong>parte</strong></span> <span class='ocrx_word' id='word_1_834' title='bbox 2600 4625 2656 4663; x_wconf 90' lang='lat' dir='ltr'><strong>tt.</strong></span> 
     </span>
    </p>
   </div>
   <div class='ocr_carea' id='block_1_110' title="bbox 2306 4676 3807 4747">
    <p class='ocr_par' dir='ltr' id='par_1_110' title="bbox 2306 4676 3807 4747">
     <span class='ocr_line' id='line_1_110' title="bbox 2306 4676 3807 4747; baseline 0.003 -14"><span class='ocrx_word' id='word_1_835' title='bbox 2306 4678 2332 4716; x_wconf 70' lang='grc' dir='ltr'><strong>ιι</strong></span> <span class='ocrx_word' id='word_1_836' title='bbox 2364 4676 2508 4742; x_wconf 84' lang='lat' dir='ltr'><strong>Bcc.,</strong></span> <span class='ocrx_word' id='word_1_837' title='bbox 2536 4681 2909 4733; x_wconf 84' lang='lat' dir='ltr'><strong>chronicorum.</strong></span> <span class='ocrx_word' id='word_1_838' title='bbox 2933 4676 3135 4742; x_wconf 85' lang='lat' dir='ltr'><strong>Casin.,</strong></span> <span class='ocrx_word' id='word_1_839' title='bbox 3158 4689 3453 4732; x_wconf 81' lang='lat' dir='ltr'><strong>annutanm</strong></span> <span class='ocrx_word' id='word_1_840' title='bbox 3474 4698 3661 4744; x_wconf 79' lang='lat' dir='ltr'><strong>annos,</strong></span> <span class='ocrx_word' id='word_1_841' title='bbox 3687 4701 3807 4747; x_wconf 77' lang='lat' dir='ltr'><strong>quo-</strong></span> 
     </span>
    </p>
   </div>
   <div class='ocr_carea' id='block_1_111' title="bbox 2233 4748 3803 4819">
    <p class='ocr_par' dir='ltr' id='par_1_111' title="bbox 2233 4748 3803 4819">
     <span class='ocr_line' id='line_1_111' title="bbox 2233 4748 3803 4819; baseline 0.003 -17"><span class='ocrx_word' id='word_1_842' title='bbox 2233 4765 2349 4803; x_wconf 84' lang='lat' dir='ltr'><strong>rum</strong></span> <span class='ocrx_word' id='word_1_843' title='bbox 2391 4767 2491 4802; x_wconf 84' lang='lat' dir='ltr'><strong>non</strong></span> <span class='ocrx_word' id='word_1_844' title='bbox 2530 4761 2695 4802; x_wconf 79' lang='lat' dir='ltr'><strong>tamen</strong></span> <span class='ocrx_word' id='word_1_845' title='bbox 2743 4751 2971 4819; x_wconf 70' lang='lat' dir='ltr'><strong>sequitur</strong></span> <span class='ocrx_word' id='word_1_846' title='bbox 3025 4748 3130 4802; x_wconf 70' lang='lat' dir='ltr'><strong>lucc</strong></span> <span class='ocrx_word' id='word_1_847' title='bbox 3186 4753 3483 4819; x_wconf 78' lang='lat' dir='ltr'><strong>supputatio</strong></span> <span class='ocrx_word' id='word_1_848' title='bbox 3534 4769 3803 4807; x_wconf 83' lang='lat' dir='ltr'><strong>numerum</strong></span> 
     </span>
    </p>
   </div>
   <div class='ocr_carea' id='block_1_112' title="bbox 2236 4822 2597 4872">
    <p class='ocr_par' dir='ltr' id='par_1_112' title="bbox 2236 4822 2597 4872">
     <span class='ocr_line' id='line_1_112' title="bbox 2236 4822 2597 4872; baseline -0.003 -1"><span class='ocrx_word' id='word_1_849' title='bbox 2236 4822 2597 4872; x_wconf 78' lang='lat' dir='ltr'><strong>cltronicafcm.</strong></span> 
     </span>
    </p>
   </div>
   <div class='ocr_carea' id='block_1_113' title="bbox 2310 4889 3803 4957">
    <p class='ocr_par' dir='ltr' id='par_1_113' title="bbox 2310 4889 3803 4957">
     <span class='ocr_line' id='line_1_113' title="bbox 2310 4889 3803 4957; baseline 0.002 -13"><span class='ocrx_word' id='word_1_850' title='bbox 2310 4890 2326 4928; x_wconf 82' lang='grc' dir='ltr'><strong>ί</strong></span> <span class='ocrx_word' id='word_1_851' title='bbox 2369 4892 2457 4945; x_wconf 90' lang='lat' dir='ltr'><strong>Sic</strong></span> <span class='ocrx_word' id='word_1_852' title='bbox 2511 4890 2636 4951; x_wconf 75' lang='lat' dir='ltr'><strong>Reg.</strong></span> <span class='ocrx_word' id='word_1_853' title='bbox 2684 4901 2736 4943; x_wconf 92' lang='lat' dir='ltr'><strong>ct</strong></span> <span class='ocrx_word' id='word_1_854' title='bbox 2781 4891 3015 4951; x_wconf 72' lang='lat' dir='ltr'><strong>tllresn.,</strong></span> <span class='ocrx_word' id='word_1_855' title='bbox 3058 4890 3155 4957; x_wconf 79' lang='lat' dir='ltr'><strong>qui</strong></span> <span class='ocrx_word' id='word_1_856' title='bbox 3188 4891 3258 4942; x_wconf 91' lang='lat' dir='ltr'><strong>al.</strong></span> <span class='ocrx_word' id='word_1_857' title='bbox 3311 4889 3495 4955; x_wconf 65' lang='lat' dir='ltr'><strong>habet,</strong></span> <span class='ocrx_word' id='word_1_858' title='bbox 3538 4907 3803 4948; x_wconf 78' lang='lat' dir='ltr'><strong>cum&quot;.</strong></span> 
     </span>
    </p>
   </div>
   <div class='ocr_carea' id='block_1_114' title="bbox 2238 4960 3803 5034">
    <p class='ocr_par' dir='ltr' id='par_1_114' title="bbox 2238 4960 3803 5034">
     <span class='ocr_line' id='line_1_114' title="bbox 2238 4960 3803 5034; baseline 0.004 -21"><span class='ocrx_word' id='word_1_859' title='bbox 2238 4961 2375 5013; x_wconf 78' lang='lat' dir='ltr'><strong>Editi</strong></span> <span class='ocrx_word' id='word_1_860' title='bbox 2404 4961 2523 5022; x_wconf 90' lang='lat' dir='ltr'><strong>alii,</strong></span> <span class='ocrx_word' id='word_1_861' title='bbox 2552 4975 2765 5034; x_wconf 76' lang='lat' dir='ltr'><strong>ccxvtrr.</strong></span> <span class='ocrx_word' id='word_1_862' title='bbox 2796 4962 2941 5034; x_wconf 71' lang='lat' dir='ltr'><strong>llec.,</strong></span> <span class='ocrx_word' id='word_1_863' title='bbox 2965 4975 3132 5012; x_wconf 79' lang='lat' dir='ltr'><strong>cxvnt</strong></span> <span class='ocrx_word' id='word_1_864' title='bbox 3150 5000 3164 5023; x_wconf 92' lang='lat'><strong>,</strong></span> <span class='ocrx_word' id='word_1_865' title='bbox 3190 4960 3323 5034; x_wconf 88' lang='lat' dir='ltr'><strong>forte</strong></span> <span class='ocrx_word' id='word_1_866' title='bbox 3347 4976 3439 5026; x_wconf 91' lang='lat' dir='ltr'><strong>pro</strong></span> <span class='ocrx_word' id='word_1_867' title='bbox 3455 4976 3651 5016; x_wconf 80' lang='lat' dir='ltr'><strong>cxcvrtt</strong></span> <span class='ocrx_word' id='word_1_868' title='bbox 3672 5004 3689 5029; x_wconf 93' lang='lat'><strong>,</strong></span> <span class='ocrx_word' id='word_1_869' title='bbox 3714 4966 3803 5034; x_wconf 82' lang='lat' dir='ltr'><strong>qui</strong></span> 
     </span>
    </p>
   </div>
   <div class='ocr_carea' id='block_1_115' title="bbox 2236 5030 3402 5085">
    <p class='ocr_par' dir='ltr' id='par_1_115' title="bbox 2236 5030 3402 5085">
     <span class='ocr_line' id='line_1_115' title="bbox 2236 5030 3402 5085; baseline -0.003 0"><span class='ocrx_word' id='word_1_870' title='bbox 2236 5046 2489 5085; x_wconf 85' lang='lat' dir='ltr'><strong>numerus</strong></span> <span class='ocrx_word' id='word_1_871' title='bbox 2518 5047 2633 5082; x_wconf 84' lang='lat' dir='ltr'><strong>t&#39;lllll</strong></span> <span class='ocrx_word' id='word_1_872' title='bbox 2668 5032 2769 5083; x_wconf 88' lang='lat' dir='ltr'><strong>line</strong></span> <span class='ocrx_word' id='word_1_873' title='bbox 2802 5030 2921 5083; x_wconf 81' lang='lat' dir='ltr'><strong>libri</strong></span> <span class='ocrx_word' id='word_1_874' title='bbox 2955 5045 3004 5084; x_wconf 89' lang='lat' dir='ltr'><strong>tv</strong></span> <span class='ocrx_word' id='word_1_875' title='bbox 3035 5033 3402 5084; x_wconf 78' lang='lat' dir='ltr'><strong>concorilaret.</strong></span> 
     </span>
    </p>
   </div>
   <div class='ocr_carea' id='block_1_116' title="bbox 2310 5100 3799 5168">
    <p class='ocr_par' dir='ltr' id='par_1_116' title="bbox 2310 5100 3799 5168">
     <span class='ocr_line' id='line_1_116' title="bbox 2310 5100 3799 5168; baseline 0.005 -19"><span class='ocrx_word' id='word_1_876' title='bbox 2310 5102 2323 5149; x_wconf 89' lang='lat' dir='ltr'><strong>l</strong></span> <span class='ocrx_word' id='word_1_877' title='bbox 2373 5100 2459 5153; x_wconf 71' lang='lat' dir='ltr'><strong>Sic</strong></span> <span class='ocrx_word' id='word_1_878' title='bbox 2498 5102 2654 5153; x_wconf 85' lang='lat' dir='ltr'><strong>iidem</strong></span> <span class='ocrx_word' id='word_1_879' title='bbox 2698 5102 2828 5168; x_wconf 79' lang='lat' dir='ltr'><strong>lleg.</strong></span> <span class='ocrx_word' id='word_1_880' title='bbox 2857 5112 2910 5152; x_wconf 84' lang='lat' dir='ltr'><strong>et</strong></span> <span class='ocrx_word' id='word_1_881' title='bbox 2936 5100 3038 5151; x_wconf 88' lang='lat' dir='ltr'><strong>Glr.</strong></span> <span class='ocrx_word' id='word_1_882' title='bbox 3082 5104 3147 5151; x_wconf 82' lang='lat' dir='ltr'><strong>At</strong></span> <span class='ocrx_word' id='word_1_883' title='bbox 3198 5101 3285 5152; x_wconf 88' lang='lat' dir='ltr'><strong>alii</strong></span> <span class='ocrx_word' id='word_1_884' title='bbox 3318 5101 3479 5160; x_wconf 85' lang='lat' dir='ltr'><strong>editi.</strong></span> <span class='ocrx_word' id='word_1_885' title='bbox 3524 5116 3799 5157; x_wconf 66' lang='lat' dir='ltr'><strong>DCCCLXIV.</strong></span> 
     </span>
    </p>
   </div>
   <div class='ocr_carea' id='block_1_117' title="bbox 2236 5170 3801 5236">
    <p class='ocr_par' dir='ltr' id='par_1_117' title="bbox 2236 5170 3801 5236">
     <span class='ocr_line' id='line_1_117' title="bbox 2236 5170 3801 5236; baseline 0 -11"><span class='ocrx_word' id='word_1_886' title='bbox 2236 5170 2431 5225; x_wconf 81' lang='lat' dir='ltr'><strong>Neuter</strong></span> <span class='ocrx_word' id='word_1_887' title='bbox 2457 5186 2705 5223; x_wconf 87' lang='lat' dir='ltr'><strong>numerus</strong></span> <span class='ocrx_word' id='word_1_888' title='bbox 2734 5187 2851 5223; x_wconf 88' lang='lat' dir='ltr'><strong>curn</strong></span> <span class='ocrx_word' id='word_1_889' title='bbox 2883 5170 3110 5236; x_wconf 88' lang='lat' dir='ltr'><strong>singulis</strong></span> <span class='ocrx_word' id='word_1_890' title='bbox 3142 5173 3375 5236; x_wconf 89' lang='lat' dir='ltr'><strong>partibus</strong></span> <span class='ocrx_word' id='word_1_891' title='bbox 3401 5172 3644 5225; x_wconf 85' lang='lat' dir='ltr'><strong>collectis</strong></span> <span class='ocrx_word' id='word_1_892' title='bbox 3669 5189 3801 5227; x_wconf 85' lang='lat' dir='ltr'><strong>con-</strong></span> 
     </span>
    </p>
   </div>
   <div class='ocr_carea' id='block_1_118' title="bbox 2236 5240 3801 5299">
    <p class='ocr_par' dir='ltr' id='par_1_118' title="bbox 2236 5240 3801 5299">
     <span class='ocr_line' id='line_1_118' title="bbox 2236 5240 3801 5299; baseline 0.001 -5"><span class='ocrx_word' id='word_1_893' title='bbox 2236 5244 2440 5295; x_wconf 91' lang='lat' dir='ltr'><strong>cordat.</strong></span> <span class='ocrx_word' id='word_1_894' title='bbox 2470 5241 2573 5293; x_wconf 88' lang='lat' dir='ltr'><strong>Sed</strong></span> <span class='ocrx_word' id='word_1_895' title='bbox 2599 5250 2838 5293; x_wconf 80' lang='lat' dir='ltr'><strong>nostrum</strong></span> <span class='ocrx_word' id='word_1_896' title='bbox 2864 5249 2943 5292; x_wconf 76' lang='lat' dir='ltr'><strong>i-st</strong></span> <span class='ocrx_word' id='word_1_897' title='bbox 2969 5240 3205 5293; x_wconf 83' lang='lat' dir='ltr'><strong>sinceras</strong></span> <span class='ocrx_word' id='word_1_898' title='bbox 3232 5254 3363 5293; x_wconf 83' lang='lat' dir='ltr'><strong>mss.</strong></span> <span class='ocrx_word' id='word_1_899' title='bbox 3389 5243 3511 5294; x_wconf 90' lang='lat' dir='ltr'><strong>cod.</strong></span> <span class='ocrx_word' id='word_1_900' title='bbox 3542 5242 3801 5299; x_wconf 78' lang='lat' dir='ltr'><strong>lectiones</strong></span> 
     </span>
    </p>
   </div>
   <div class='ocr_carea' id='block_1_119' title="bbox 2240 5310 3798 5378">
    <p class='ocr_par' dir='ltr' id='par_1_119' title="bbox 2240 5310 3798 5378">
     <span class='ocr_line' id='line_1_119' title="bbox 2240 5310 3798 5378; baseline -0.001 -14"><span class='ocrx_word' id='word_1_901' title='bbox 2240 5322 2659 5377; x_wconf 75' lang='lat' dir='ltr'><strong>reprmscntare:</strong></span> <span class='ocrx_word' id='word_1_902' title='bbox 2704 5326 2932 5378; x_wconf 88' lang='lat' dir='ltr'><strong>quonam</strong></span> <span class='ocrx_word' id='word_1_903' title='bbox 2972 5320 3148 5361; x_wconf 90' lang='lat' dir='ltr'><strong>autem</strong></span> <span class='ocrx_word' id='word_1_904' title='bbox 3188 5310 3345 5362; x_wconf 91' lang='lat' dir='ltr'><strong>modo</strong></span> <span class='ocrx_word' id='word_1_905' title='bbox 3388 5310 3502 5364; x_wconf 69' lang='lat' dir='ltr'><strong>haec</strong></span> <span class='ocrx_word' id='word_1_906' title='bbox 3541 5327 3798 5366; x_wconf 90' lang='lat' dir='ltr'><strong>annorum</strong></span> 
     </span>
    </p>
   </div>
   <div class='ocr_carea' id='block_1_120' title="bbox 2240 5379 3802 5449">
    <p class='ocr_par' dir='ltr' id='par_1_120' title="bbox 2240 5379 3802 5449">
     <span class='ocr_line' id='line_1_120' title="bbox 2240 5379 3802 5449; baseline 0.001 -16"><span class='ocrx_word' id='word_1_907' title='bbox 2240 5382 2404 5435; x_wconf 76' lang='lat' dir='ltr'><strong>serius</strong></span> <span class='ocrx_word' id='word_1_908' title='bbox 2429 5396 2547 5433; x_wconf 83' lang='lat' dir='ltr'><strong>Cllttl</strong></span> <span class='ocrx_word' id='word_1_909' title='bbox 2579 5382 2807 5446; x_wconf 86' lang='lat' dir='ltr'><strong>antiquis</strong></span> <span class='ocrx_word' id='word_1_910' title='bbox 2837 5379 3139 5431; x_wconf 77' lang='lat' dir='ltr'><strong>aucroribus</strong></span> <span class='ocrx_word' id='word_1_911' title='bbox 3166 5390 3255 5431; x_wconf 90' lang='lat' dir='ltr'><strong>aut</strong></span> <span class='ocrx_word' id='word_1_912' title='bbox 3293 5381 3451 5432; x_wconf 86' lang='lat' dir='ltr'><strong>etiam</strong></span> <span class='ocrx_word' id='word_1_913' title='bbox 3495 5396 3617 5434; x_wconf 91' lang='lat' dir='ltr'><strong>cum</strong></span> <span class='ocrx_word' id='word_1_914' title='bbox 3661 5383 3802 5449; x_wconf 83' lang='lat' dir='ltr'><strong>ipso—</strong></span> 
     </span>
    </p>
   </div>
   <div class='ocr_carea' id='block_1_121' title="bbox 2200 5449 3798 5519">
    <p class='ocr_par' dir='ltr' id='par_1_121' title="bbox 2200 5449 3798 5519">
     <span class='ocr_line' id='line_1_121' title="bbox 2200 5449 3798 5519; baseline -0.001 -18"><span class='ocrx_word' id='word_1_915' title='bbox 2200 5498 2201 5501; x_wconf 45' lang='grc' dir='ltr'><strong>η</strong></span> <span class='ocrx_word' id='word_1_916' title='bbox 2240 5462 2348 5504; x_wconf 83' lang='lat' dir='ltr'><strong>inet</strong></span> <span class='ocrx_word' id='word_1_917' title='bbox 2376 5451 2635 5519; x_wconf 81' lang='lat' dir='ltr'><strong>Gregorio</strong></span> <span class='ocrx_word' id='word_1_918' title='bbox 2658 5449 3021 5516; x_wconf 85' lang='lat' dir='ltr'><strong>componenda</strong></span> <span class='ocrx_word' id='word_1_919' title='bbox 3046 5449 3119 5519; x_wconf 72' lang='lat' dir='ltr'><strong>sit</strong></span> <span class='ocrx_word' id='word_1_920' title='bbox 3138 5490 3152 5507; x_wconf 83' lang='lat'><strong>,</strong></span> <span class='ocrx_word' id='word_1_921' title='bbox 3181 5450 3346 5502; x_wconf 90' lang='lat' dir='ltr'><strong>fusius</strong></span> <span class='ocrx_word' id='word_1_922' title='bbox 3388 5451 3676 5519; x_wconf 87' lang='lat' dir='ltr'><strong>inquisierc</strong></span> <span class='ocrx_word' id='word_1_923' title='bbox 3704 5455 3798 5505; x_wconf 82' lang='lat' dir='ltr'><strong>vrri</strong></span> 
     </span>
    </p>
   </div>
   <div class='ocr_carea' id='block_1_122' title="bbox 2232 5518 3767 5590">
    <p class='ocr_par' dir='ltr' id='par_1_122' title="bbox 2232 5518 3767 5590">
     <span class='ocr_line' id='line_1_122' title="bbox 2232 5518 3767 5590; baseline 0.002 -19"><span class='ocrx_word' id='word_1_924' title='bbox 2232 5522 2372 5574; x_wconf 85' lang='lat' dir='ltr'><strong>docti</strong></span> <span class='ocrx_word' id='word_1_925' title='bbox 2400 5564 2412 5584; x_wconf 92' lang='lat'><strong>,</strong></span> <span class='ocrx_word' id='word_1_926' title='bbox 2445 5518 2700 5590; x_wconf 80' lang='lat' dir='ltr'><strong>Scaliger,</strong></span> <span class='ocrx_word' id='word_1_927' title='bbox 2732 5520 3005 5578; x_wconf 73' lang='lat' dir='ltr'><strong>Petavius,</strong></span> <span class='ocrx_word' id='word_1_928' title='bbox 3041 5518 3348 5590; x_wconf 78' lang='lat' dir='ltr'><strong>Menander,</strong></span> <span class='ocrx_word' id='word_1_929' title='bbox 3388 5521 3603 5573; x_wconf 81' lang='lat' dir='ltr'><strong>Maanus</strong></span> <span class='ocrx_word' id='word_1_930' title='bbox 3629 5562 3643 5579; x_wconf 89' lang='lat'><strong>.</strong></span> <span class='ocrx_word' id='word_1_931' title='bbox 3691 5521 3767 5574; x_wconf 76' lang='lat' dir='ltr'><strong>Va</strong></span> 
     </span>
    </p>
   </div>
   <div class='ocr_carea' id='block_1_123' title="bbox 2231 5589 3795 5657">
    <p class='ocr_par' dir='ltr' id='par_1_123' title="bbox 2231 5589 3795 5657">
     <span class='ocr_line' id='line_1_123' title="bbox 2231 5589 3795 5657; baseline 0.002 -13"><span class='ocrx_word' id='word_1_932' title='bbox 2231 5590 2419 5650; x_wconf 87' lang='lat' dir='ltr'><strong>lesius,</strong></span> <span class='ocrx_word' id='word_1_933' title='bbox 2453 5600 2558 5644; x_wconf 89' lang='lat' dir='ltr'><strong>etc.</strong></span> <span class='ocrx_word' id='word_1_934' title='bbox 2584 5589 2606 5653; x_wconf 44' lang='grc'><strong>;“</strong></span> <span class='ocrx_word' id='word_1_935' title='bbox 2629 5590 2721 5643; x_wconf 90' lang='lat' dir='ltr'><strong>sed</strong></span> <span class='ocrx_word' id='word_1_936' title='bbox 2765 5604 2884 5641; x_wconf 90' lang='lat' dir='ltr'><strong>cum</strong></span> <span class='ocrx_word' id='word_1_937' title='bbox 2929 5603 3031 5640; x_wconf 92' lang='lat' dir='ltr'><strong>non</strong></span> <span class='ocrx_word' id='word_1_938' title='bbox 3074 5589 3314 5642; x_wconf 86' lang='lat' dir='ltr'><strong>eamdem</strong></span> <span class='ocrx_word' id='word_1_939' title='bbox 3358 5594 3495 5642; x_wconf 77' lang='lat' dir='ltr'><strong>viam</strong></span> <span class='ocrx_word' id='word_1_940' title='bbox 3541 5593 3795 5657; x_wconf 82' lang='lat' dir='ltr'><strong>inierint.</strong></span> 
     </span>
    </p>
   </div>
   <div class='ocr_carea' id='block_1_124' title="bbox 2232 5657 3793 5730">
    <p class='ocr_par' dir='ltr' id='par_1_124' title="bbox 2232 5657 3793 5730">
     <span class='ocr_line' id='line_1_124' title="bbox 2232 5657 3793 5730; baseline -0.001 -16"><span class='ocrx_word' id='word_1_941' title='bbox 2232 5661 2282 5714; x_wconf 91' lang='lat' dir='ltr'><strong>in</strong></span> <span class='ocrx_word' id='word_1_942' title='bbox 2314 5662 2486 5713; x_wconf 76' lang='lat' dir='ltr'><strong>Varias</strong></span> <span class='ocrx_word' id='word_1_943' title='bbox 2516 5661 2697 5713; x_wconf 88' lang='lat' dir='ltr'><strong>abiere</strong></span> <span class='ocrx_word' id='word_1_944' title='bbox 2725 5661 3034 5712; x_wconf 90' lang='lat' dir='ltr'><strong>sententias.</strong></span> <span class='ocrx_word' id='word_1_945' title='bbox 3068 5657 3316 5730; x_wconf 23' lang='lat' dir='ltr'><strong>.Coiutius</strong></span> <span class='ocrx_word' id='word_1_946' title='bbox 3357 5675 3481 5730; x_wconf 63' lang='grc' dir='ltr'>ιρι-ιι</span> <span class='ocrx_word' id='word_1_947' title='bbox 3526 5661 3623 5714; x_wconf 85' lang='lat' dir='ltr'><strong>bas</strong></span> <span class='ocrx_word' id='word_1_948' title='bbox 3665 5677 3793 5730; x_wconf 83' lang='lat' dir='ltr'><strong>sup-</strong></span> 
     </span>
    </p>
   </div>
   <div class='ocr_carea' id='block_1_125' title="bbox 2229 5728 3797 5799">
    <p class='ocr_par' dir='ltr' id='par_1_125' title="bbox 2229 5728 3797 5799">
     <span class='ocr_line' id='line_1_125' title="bbox 2229 5728 3797 5799; baseline -0.001 -20"><span class='ocrx_word' id='word_1_949' title='bbox 2229 5731 2557 5799; x_wconf 64' lang='lat' dir='ltr'><strong>ptrtaiioue.,</strong></span> <span class='ocrx_word' id='word_1_950' title='bbox 2592 5731 2726 5782; x_wconf 87' lang='lat' dir='ltr'><strong>sicut</strong></span> <span class='ocrx_word' id='word_1_951' title='bbox 2752 5743 2802 5781; x_wconf 86' lang='lat' dir='ltr'><strong>et</strong></span> <span class='ocrx_word' id='word_1_952' title='bbox 2833 5744 2924 5781; x_wconf 87' lang='lat' dir='ltr'><strong>eas</strong></span> <span class='ocrx_word' id='word_1_953' title='bbox 2954 5741 3071 5795; x_wconf 58' lang='lat' dir='ltr'><strong>quia</strong></span> <span class='ocrx_word' id='word_1_954' title='bbox 3097 5743 3252 5796; x_wconf 80' lang='lat' dir='ltr'><strong>supra</strong></span> <span class='ocrx_word' id='word_1_955' title='bbox 3283 5728 3562 5795; x_wconf 88' lang='lat' dir='ltr'><strong>habentur,</strong></span> <span class='ocrx_word' id='word_1_956' title='bbox 3599 5728 3797 5799; x_wconf 68' lang='lat' dir='ltr'><strong>suprm.</strong></span> 
     </span>
    </p>
   </div>
   <div class='ocr_carea' id='block_1_126' title="bbox 2229 5800 2882 5855">
    <p class='ocr_par' dir='ltr' id='par_1_126' title="bbox 2229 5800 2882 5855">
     <span class='ocr_line' id='line_1_126' title="bbox 2229 5800 2882 5855; baseline -0.003 -2"><span class='ocrx_word' id='word_1_957' title='bbox 2229 5801 2417 5854; x_wconf 75' lang='lat' dir='ltr'><strong>sitiias</strong></span> <span class='ocrx_word' id='word_1_958' title='bbox 2446 5817 2562 5854; x_wconf 75' lang='lat' dir='ltr'><strong>esse</strong></span> <span class='ocrx_word' id='word_1_959' title='bbox 2594 5800 2882 5855; x_wconf 80' lang='lat' dir='ltr'><strong>Contendit.</strong></span> 
     </span>
    </p>
   </div>
  </div>
