4020 6194
145 303 237 358 577

1159 298 1472 354 HISTORIA
1520 297 1934 352 FRANCORUSI
1979 295 2222 351 EPITO.“
2235 297 2363 352 ᾹΤΑ
2376 338 2389 351 .

3298 308 3397 356 5⁵78

151 419 386 484 protinus
435 413 507 468 ad
561 414 823 468 civitatem
869 427 1020 467 suam
1057 412 1250 481 rediit,
1284 412 1576 481 praedicens
1606 411 1720 478 ejus
1751 414 1798 470 Α
1833 411 1971 463 veris
2014 410 2272 477 perlatmn
2321 409 2544 474 fuisset,
2594 411 2868 466 Nanninus
2911 412 3017 484 [ΑΙ.
3057 411 3312 484 Nannius]
3345 426 3398 470 et

149 509 367 573 obitum,
402 517 462 559 ut
494 507 600 560 hoc
630 507 822 558 malum
861 520 964 557 non
993 504 1220 558 videret.
1246 504 1483 557 Aiecium
1507 510 1532 537 τι
1556 503 1723 570 patri-

153 602 279 654 cium
317 598 484 665 hujus
532 595 788 649 Chronici
832 607 979 664 gesta
1024 596 1260 650 laudant.
1318 595 1494 649 Virilis
1543 594 1724 647 habitu

155 697 440 754 tormatus,
495 687 680 740 animo
719 688 930 747 alacer,
983 686 1238 740 membris
1281 694 1531 754 vegetus,
1578 683 1729 751 equis

158 780 614 847 promptissimus,
671 786 980 847 sagittarum
1029 777 1260 845 peritus,
1309 779 1448 830 conti
1485 777 1726 842 impiger,

159 869 296 926 bellis
333 871 697 938 aptissimus,
754 871 898 936 pacis
949 877 1188 935 captator
1231 866 1487 929 celebris,
1536 866 1731 918 nullius

161 965 380 1017 avaritia:
415 970 680 1024 sectator,
707 961 859 1014 bonis
883 961 1074 1013 aninne
1106 958 1385 1027 prtcditus,
1420 957 1729 1027 injuriarum

161 1056 600 1123 patientissimus,
629 1054 824 1106 laboris
853 1062 1129 1121 appetens,
1154 1052 1450 1120 impavidus
1474 1051 1732 1118 periculo-

163 1146 490 1208 rurn;famis,
513 1144 653 1208 sitis,
675 1145 966 1211 vigiliarum
988 1143 1452 1204 tolerantissimus;
1469 1141 1631 1212 δάε
1647 1142 1730 1194 cui

165 1238 363 1290 ineunte
426 1244 598 1288 zelate
655 1236 966 1302 przedictum
1014 1234 1176 1301 liquet
1218 1243 1435 1302 quanta:
1487 1233 1734 1300 potentia:

165 1326 272 1379 fatis
300 1327 403 1396 [ΑΙ.
440 1324 626 1395 factis]
655 1324 1041 1389 destinaretur,
1083 1323 1412 1391 temporibus
1448 1325 1556 1376 suis
1590 1322 1732 1376 futu-

166 1419 325 1487 risque
352 1416 717 1472 celebrandas
745 1413 898 1486 (Cap.
931 1415 1007 1483 6).
1056 1415 1178 1468 Haec
1206 1414 1542 1481 supradictus
1571 1413 1733 1467 histo-

165 1508 464 1580 riographus
477 1509 551 1563 de
564 1507 746 1562 Aiecio
763 1515 960 1560 narrat.
975 1507 1107 1559 Cum
1123 1506 1306 1559 inisset
1329 1513 1595 1559 certamen
1613 1519 1732 1557 cum

167 1600 374 1664 Cbunis,
391 1616 518 1670 qua;
535 1599 766 1670 gesserit
788 1599 991 1653 ldacius
1019 1613 1130 1651 suae
1153 1596 1389 1651 historia:
1409 1596 1567 1666 hujus
1586 1598 1729 1650 volu-

168 1691 296 1745 mine
325 1701 508 1745 narrat
536 1689 565 1728 δ
597 1690 748 1760 (Cap.
779 1691 856 1759 7).
886 1689 1014 1743 Nam
1041 1689 1122 1742 his
1143 1689 1328 1744 diebus
1349 1690 1588 1742 oratione
1606 1701 1736 1740 uxo-

171 1781 236 1833 ris
264 1795 370 1834 suaa
399 1781 468 1834 ad
503 1779 692 1834 limina
723 1778 1153 1837 beatissimorum
1189 1777 1550 1845 apostolorum
1592 1777 1732 1831 Petri
1765 1775 1812 1833 Β

169 1880 214 1924 et
239 1871 379 1926 Pauli
407 1872 636 1940 jejuniis
670 1881 726 1926 et
764 1869 955 1941 vigiliis
992 1870 1358 1936 discurrente,
1401 1870 1735 1925 interceden-

172 1962 299 2017 tibus
329 1963 620 2032 apostolis,
649 1965 864 2018 Aiecius
889 1977 920 2016 a
949 1960 1194 2030 periculis
1230 1962 1504 2016 liberatur.
1559 1961 1735 2016 Reve-

171 2053 315 2107 lalum
361 2064 444 2109 est
469 2056 686 2110 cuidam
731 2056 982 2126 pauperi,
1035 2055 1296 2110 nuntianti
1336 2057 1513 2109 uxoris
1569 2055 1733 2110 Aiecii

174 2145 483 2201 orationibus
530 2147 698 2202 fuisse
747 2148 1032 2201 salvatum.
1090 2146 1242 2212 Quod
1294 2161 1411 2200 cum
1443 2161 1469 2198 a
1502 2162 1734 2215 paupere

175 2238 418 2304 proditum
445 2239 666 2304 fuisset,
699 2255 900 2309 pauper
927 2240 1163 2294 caecitate
1193 2238 1502 2308 percutitur.

237 2329 294 2384 II.
323 2332 395 2386 De
410 2333 747 2388 Francorum
763 2347 889 2386 vero
913 2331 1124 2401 regibus
1155 2333 1338 2385 beatus
1360 2330 1730 2401 Hieronymus,

178 2422 254 2488 qui
274 2424 379 2490 jam
401 2425 534 2480 olim
567 2429 809 2491 fuerant,
837 2427 1050 2492 scripsit
1081 2435 1128 2477 ε.
1160 2424 1307 2490 Quod
1356 2425 1498 2493 prius
1527 2423 1734 2494 Virgilii

181 2521 331 2578 poetae
358 2525 545 2570 narrat
597 2514 830 2569 Historia
856 2555 872 2580 ,
907 2514 1176 2568 Priamum
1219 2514 1443 2582 primum
1485 2513 1736 2568 habuisse

182 2615 338 2671 regem
360 2648 374 2670 ,
411 2621 534 2661 cum
567 2606 728 2676 Troja
755 2603 942 2660 fraude
989 2604 1154 2660 Ulixis
1185 2615 1481 2673 caperetur,
1514 2603 1735 2658 exinde-

184 2705 268 2760 que
288 2693 447 2752 fuisse
464 2706 742 2769 egressos.
765 2696 953 2751 Postea
972 2696 1180 2765 Frigam
1197 2695 1446 2749 habuisse
1470 2693 1630 2765 549
1661 2708 1739 2750 re-

183 2785 530 2848 gem,bifaria
584 2787 852 2842 divisione
898 2796 1100 2855 partem
1149 2800 1333 2840 eorum
1378 2785 1736 2839 Macedoniam

187 2873 330 2930 luisse
353 2891 696 2947 aggressam;
735 2879 868 2931 alios
917 2891 1036 2930 cum
1071 2876 1222 2944 Friga
1254 2886 1471 2929 vocatus
1509 2874 1736 2946 Frigios,

187 2964 341 3019 Asiam
391 2982 781 3041 pervagantes,
830 2970 884 3023 in
930 2971 1105 3025 littore
1157 2970 1373 3022 Danuvii
1421 2968 1656 3022 tluminis
1685 2978 1739 3024 et

187 3058 325 3111 maris
369 3062 566 3117 Oceani
615 3062 946 3116 consedisse.
1013 3063 1196 3114 Denuo
1245 3059 1428 3113 bifaria
1477 3058 1738 3114 divisione

1829 502 2107 567 Quintinus
2139 502 2390 568 Magister
2423 511 2445 538 θ
2479 503 2702 556 militum
2726 503 2948 557 collecto
2971 503 3205 557 exercitu
3231 505 3396 557 Fran-

1829 609 1920 646 cos
1963 594 2030 646 de
2077 591 2359 646 Germania
2391 595 2680 661 ejecernnt.
2729 595 2884 661 Apud
2926 595 3300 650 Carbouariam
3330 596 3397 650 de

1833 684 2052 738 Francis
2081 692 2289 749 strages
2317 685 2453 736 titur.
2487 685 2612 737 Post
2634 683 2878 738 Heraclio
2899 692 2953 737 et
2981 683 3201 740 Joviano
3229 683 3248 722 τ
3275 701 3394 738 curn

1830 777 2068 830 exercitu
2117 776 2253 827 ultra
2304 775 2548 829 Rhenum
2580 777 2975 831 transeuntibus
3003 819 3016 843 ,
3058 778 3400 844 disponentes

1835 864 2070 916 Francos
2103 864 2168 915 ad
2201 865 2618 920 internecionem
2653 868 2970 932 perducere,
3009 876 3165 919 tantm
3200 879 3404 935 strages

1832 967 1897 1006 ex
1925 952 2182 1005 militibus
2222 967 2250 1003 a
2298 953 2513 1005 Francis
2545 952 2696 1006 facta;
2740 963 2897 1017 sunt,
2953 966 3008 1006 ut
3037 955 3314 1008 lleraclius
3348 967 3403 1010 et

1832 1042 2086 1097 Jovianus
2139 1043 2222 1095 vix
2259 1042 2324 1095 de
2369 1043 2559 1097 eodem
2599 1045 2782 1112 praelia
2825 1046 3122 1112 potuissent
3153 1047 3401 1101 evadere.

1835 1133 1940 1186 Nec
1970 1133 2195 1186 ulterius
2232 1133 2493 1184 adversus
2523 1132 2758 1187 Francos
2784 1148 3230 1201 prtesumpserunt
3259 1150 3404 1189 arma

1836 1227 2090 1292 arripere.
2123 1223 2251 1276 Post
2275 1238 2500 1292 paucum
2533 1225 2785 1288 temporis
2815 1227 3134 1294 Arhugastes
3160 1227 3406 1292 supi-rbta

1835 1315 2007 1367 elatus
2055 1315 2308 1368 adversus
2342 1313 2578 1368 Francos
2611 1331 2760 1369 arma
2797 1319 3085 1371 commovit
3108 1357 3123 1382 ,
3156 1332 3274 1372 cum
3305 1321 3407 1373 eis-

1839 1406 1960 1460 dem
1991 1405 2250 1458 dimicans
2277 1406 2450 1458 victns
2481 1405 2683 1474 ell‘ugit.

1905 1536 1991 1589 IV.
2038 1536 2226 1590 Franci
2275 1536 2521 1590 Treveris
2570 1536 2856 1589 hiemando
2915 1538 3149 1592 residere
3208 1554 3408 1606 praesu-

1835 1638 1985 1682 munt
2023 1629 2233 1699 (lbid.).
2287 1629 2658 1682 Valentiniano
2692 1630 3015 1698 imperatore
3053 1634 3184 1684 infra
3218 1635 3407 1700 privati

1839 1720 2052 1772 modum
2091 1719 2308 1774 redacto
2332 1761 2346 1785 ,
2387 1721 2627 1774 militaris
2657 1723 2733 1775 rei
2764 1737 2889 1776 cura
2924 1723 3141 1777 Francis
3165 1726 3410 1779 satelliti-

1840 1816 1937 1869 bus
1956 1815 2167 1869 tradita.
2191 1816 2375 1869 Civilia
2390 1831 2598 1884 quoque
2611 1815 2780 1868 ofﬁcia
2817 1821 3153 1884 transgressi,
3174 1821 3336 1891 550
3361 1825 3409 1872 in

1840 1908 2265 1978 conjuratinnem
2299 1909 2608 1976 Arbogastis
2629 1913 2975 1963 sacramentis
3001 1912 3236 1966 obstricti
3267 1924 3410 1966 sunt.

1839 2001 2161 2068 Arhogastes
2208 2000 2586 2054 Marcornercm
2628 2009 2680 2053 et
2722 1999 3025 2054 Sonnonem
3074 2002 3234 2055 duces
3276 2001 3409 2055 odiis

1838 2091 2132 2155 insectans,
2165 2093 2435 2144 exercitus
2468 2090 2648 2145 fraude
2681 2091 2916 2144 Francos
2946 2090 3196 2158 deceptos
3216 2134 3228 2154 ,
3256 2107 3412 2145 uren-

1839 2182 2044 2250 dosque
2071 2197 2190 2235 cum
2221 2182 2463 2236 decussis
2496 2183 2663 2247 foliis,
2696 2182 2851 2235 nuda:
2891 2192 3049 2250 atque
3087 2191 3298 2235 arentes
3321 2182 3413 2234 sil-

1841 2287 1921 2327 va:
1954 2273 2267 2327 insidiantes
2290 2273 2581 2342 aggredere
2602 2315 2615 2338 ,
2649 2283 2978 2341 transgreSso
3013 2271 3197 2326 Rheno
3222 2287 3413 2342 pagum

1841 2377 1994 2432 quem
2024 2361 2275 2415 Chamavi
2303 2371 2326 2408 8
2352 2362 2608 2426 ineolunt,
2639 2361 2985 2428 depopulatus
3012 2373 3111 2414 est.

1915 2490 1980 2545 V.
2024 2491 2222 2545 Dehinc
2270 2491 2548 2545 exstinctis
2593 2490 2817 2543 ducibus
2870 2489 2924 2543 in
2974 2490 3193 2544 Francis
3239 2491 3414 2547 denuo

1844 2595 2002 2650 reges
2051 2592 2298 2636 creantur
2345 2597 2414 2636 ex
2463 2581 2646 2636 eadem
2689 2582 2854 2651 stirpe
2899 2597 3002 2650 qua
3035 2582 3179 2650 prius
3211 2581 3416 2639 fuerant

1845 2669 2054 2741 (Ibid.).

1919 2801 2002 2861 Vl.
2032 2801 2231 2856 Eodem
2276 2810 2516 2869 tempore
2565 2799 2816 2854 Iovianus
2859 2811 3078 2856 ornatus
3123 2803 3298 2872 regios
3326 2819 3414 2858 as-

1845 2893 2093 2960 sumpsit.
2133 2892 2517 2946 Constantinus
2567 2892 2742 2959 fugam
2789 2901 3001 2947 vertens
3046 2893 3247 2947 Italiam
3290 2895 3416 2950 diri-

1844 2983 1941 3052 git,
1972 2982 2150 3035 missis
2173 2996 2201 3035 a
2217 2981 2440 3036 Joviano
2457 2979 2483 3017 ιι
2504 2981 2736 3051 principe
2757 2981 2966 3037 obviam
2993 2985 3414 3051 percussoribus,

1845 3088 2005 3140 super
2035 3070 2232 3127 Mentio
2270 3070 2284 3108 ί
2321 3072 2536 3126 ﬂumine
2560 3074 2731 3143 capite
2762 3083 3055 3128 truncatur.
3094 3075 3236 3128 lllulti
3270 3077 3417 3130 nubi-

191 3142 429 3217 Enrupam
462 3154 640 3207 media
678 3166 741 3205 ex
774 3151 901 3219 ipsis
925 3166 1046 3219 pars
1071 3165 1188 3204 cum
1234 3151 1530 3203 Francione
1556 3164 1740 3203 eorum
1772 3148 1815 3209 C
1846 3164 1972 3218 lium
2001 3163 2153 3233 jussu
2181 3162 2386 3218 Joviani
2417 3164 2556 3232 apud
2587 3142 2840 3218 Αί-νρι-ηίε
2870 3165 3029 3233 eam},
3063 3175 3114 3219 ει
3141 3181 3168 3219 3
3197 3166 3418 3224 ducibus

191 3246 294 3303 rege
322 3241 554 3309 ingressa
589 3245 705 3298 fuit.
765 3243 865 3308 Qui
911 3243 1176 3309 Europam
1209 3251 1589 3310 pervagantes,
1619 3256 1740 3294 cum

193 3332 418 3388 uxoribus
464 3346 518 3390 et
561 3335 751 3390 liberis
790 3335 960 3388 Rheni
1005 3333 1171 3402 ripam
1219 3341 1588 3399 occuparunt,
1645 3347 1743 3389 nec

194 3423 350 3483 Procul
386 3438 415 3477 a
460 3426 656 3481 Rheno
698 3426 965 3480 civitatem
1011 3426 1077 3478 ad
1109 3426 1277 3478 in~tar
1304 3422 1480 3492 Troiae
1511 3425 1743 3478 nominis

197 3508 430 3569 aediﬁcare
449 3517 634 3570 conati
673 3523 810 3570 sunt.
873 3515 1114 3584 Captum
1141 3515 1353 3584 quidem
1384 3524 1487 3578 est,
1519 3514 1614 3569 sed
1646 3520 1744 3569 im-

197 3604 456 3666 Perfectum
487 3624 626 3680 opus
655 3609 929 3662 remansit.
975 3608 1203 3663 Residua
1227 3623 1412 3662 eorum
1444 3621 1588 3675 pars,
1617 3623 1688 3677 qu
1709 3625 1736 3660 e

198 3706 332 3760 super
359 3697 532 3755 littore
559 3700 792 3754 Danuvii
825 3707 1184 3763 remanserat,
1217 3699 1442 3752 electum
1470 3714 1499 3751 a
1529 3713 1586 3752 se
1607 3699 1744 3752 Tur-

198 3783 299 3839 thot
326 3787 349 3824 ά
383 3793 600 3848 nomine
631 3807 806 3861 regem
828 3831 843 3856 ,
877 3807 971 3861 per
997 3806 1154 3860 quem
1185 3791 1353 3844 vocati
1377 3799 1500 3844 sunt
1527 3789 1743 3854 Turchi,

201 3883 241 3927 ει
279 3893 363 3944 per
407 3882 757 3941 Francionem
789 3883 880 3936 alii
919 3885 1088 3938 vocati
1137 3891 1260 3936 sunt
1291 3882 1518 3945 Franci,
1568 3882 1746 3935 multis

202 3979 301 4031 Ροει
341 3977 674 4044 temporibus
711 3991 831 4030 cum
883 3973 1108 4030 ducibus
1156 3986 1402 4029 externas
1430 3974 1748 4028 dominatio-

203 4069 282 4112 nes
307 4075 508 4134 semper
537 4077 801 4138 negantes
829 4065 972 4138 [Ch.,
1001 4064 1285 4136 regentes].

261 4151 335 4206 Ill.
375 4154 610 4215 Francos
669 4160 992 4228 transegisse
1049 4158 1411 4226 comperimus
1467 4172 1638 4227 usque
1681 4157 1744 4209 ad

203 4236 574 4315 Marcomerem,
603 4249 913 4304 Sonnonem
934 4258 986 4302 et
1012 4249 1392 4302 Genebaudum
1421 4247 1583 4301 duces
1610 4249 1747 4315 (cap.

205 4329 414 4399 9l-Cum
455 4343 647 4408 quibus
700 4339 1028 4410 temporibus
1081 4338 1419 4408 imperatoris
1459 4339 1748 4392 Theudosii

206 4421 248 4472 ἱιι
273 4425 595 4490 Germaniam
648 4442 1078 4505 prorumpentes,
1128 4445 1293 4500 pagos
1339 4431 1745 4498 depopulantes,

1845 3253 2064 3308 Honorii
2091 3253 2380 3308 crudeliter
2410 3255 2718 3322 interempti
2747 3262 2870 3307 sunt
2897 3253 3112 3325 (lbid.).

1917 3387 2033 3441 VII.
2055 3387 2410 3442 Treverorum
2443 3386 2634 3442 civitas
2665 3387 2894 3443 factione
2925 3391 3079 3444 unius
3107 3406 3169 3446 ex
3209 3402 3421 3446 senato-

1846 3479 2015 3544 ribus,
2056 3479 2140 3533 cui
2167 3494 2360 3534 nomen
2391 3479 2580 3534 Lucius
2601 3521 2616 3544 ,
2646 3496 2674 3534 a
2704 3481 2922 3536 Francis
2945 3493 3094 3550 capta
3127 3492 3181 3537 et
3202 3484 3420 3541 incensa

1846 3580 1947 3626 est.
1977 3579 2108 3624 Lum
2152 3571 2340 3624 Avitus
2370 3570 2662 3638 imperator
2688 3583 2828 3626 esset
2858 3573 3080 3626 luxuriae
3111 3574 3341 3638 deditus,
3371 3587 3423 3630 et

1848 3665 1948 3718 iste
1988 3664 2180 3718 Lucius
2206 3663 2424 3718 haberet
2456 3664 2732 3718 mulierem
2767 3664 3180 3732 pulcherrimam
3210 3676 3422 3720 cuncta-

1848 3773 1995 3819 rum,
2032 3756 2237 3824 fingens
2277 3756 2465 3808 Avitus
2511 3755 2580 3808 ob
2626 3755 2988 3807 Illlll'milulc‘lll
3017 3757 3257 3822 Clllp'II‘IS
3284 3757 3423 3810 lecto

1847 3863 1906 3902 se
1946 3847 2265 3916 depromere
2290 3889 2304 3912 ,
2344 3845 2502 3910 jussit
2542 3844 2607 3897 ad
2655 3857 2842 3898 omnes
2871 3849 3183 3906 senatrices,
3227 3857 3422 3900 uteum

1847 3941 2186 4007 requirerent
2217 3935 2265 3990 i.
2306 3935 2545 4000 Cumque
2565 3950 2696 3988 uxor
2724 3935 2956 3989 venisset
2976 3934 3146 3998 Lucii,
3177 3938 3332 4004 vique
3355 3943 3422 3992 ab

1849 4029 2005 4082 Avito
2035 4041 2292 4095 Oppressa
2318 4027 2524 4086 fuisset,
2555 4026 2604 4078 in
2627 4029 2860 4080 crastino
2890 4041 3113 4095 surgens
3154 4027 3220 4081 de
3252 4037 3424 4084 srratu

1848 4120 2033 4171 Avitus
2073 4116 2212 4170 dixit
2261 4114 2324 4168 ad
2371 4113 2627 4169 Lucium:
2661 4115 2914 4170 Pu‘chras
2955 4119 3194 4173 thermas
3239 4119 3425 4187 habes,

1848 4219 1902 4264 et
1933 4207 2119 4279 frigida
2153 4208 2295 4261 lavas
2319 4204 2365 4260 κ.
2401 4207 2526 4261 llaec
2549 4207 2849 4276 indignante
2879 4209 3073 4274 Lucio,
3115 4226 3208 4265 sua
3237 4209 3425 4266 factio-

1849 4316 1914 4354 ne
1942 4299 2144 4368 direpta
2169 4309 2253 4354 est
2279 4297 2490 4363 civitas,
2523 4306 2576 4351 et
2604 4298 2820 4353 incensa
2852 4315 2881 4352 a
2907 4300 3141 4355 Francis.

1925 4433 2055 4486 Vill.
2081 4431 2327 4486 Castinus
2354 4433 2772 4487 domesticorum
2812 4448 2995 4488 comes
3023 4435 3418 4504 expeditionem

207 4512 338 4570 etiam
368 4522 599 4581 Coloniae
640 4534 840 4581 metum
871 4527 1228 4579 incusserunt.
1272 4522 1421 4591 Quod
1451 4538 1570 4577 cum
1612 4523 1747 4577 Tre-
1780 4513 1832 4572 D
1856 4525 2061 4593 accepit
2105 4539 2291 4578 conlra
2343 4523 2576 4578 Francos
2602 4564 2616 4590 ,
2647 4538 2845 4592 eosque
2887 4527 3140 4595 proterit,
3178 4526 3423 4588 [tirenum

265 4680 286 4708 '
320 4676 400 4754 Sic
426 4681 737 4746 Clar.,Roh.
768 4692 819 4736 et
844 4682 1062 4737 Frehcr.
1082 4681 1277 4737 Chesn.
1310 4697 1462 4750 vero,
1494 4683 1742 4754 Agetium.

211 4737 587 4822 CathLAetium,
610 4756 748 4822 quod
781 4766 862 4808 est
892 4760 1041 4821 vulga
1073 4770 1158 4806 um
1192 4769 1406 4807 nornen.

270 4811 660 4892 {Fredegar'iu's
687 4867 700 4890 ,
733 4835 789 4877 ut
837 4826 886 4878 in
919 4811 1232 4892 prazl‘atmne
1261 4826 1455 4878 dictum
1487 4834 1588 4884 est,
1619 4823 1745 4876 Col-

214 4875 456 4963 [fictionem
486 4875 882 4948 ‘Chronicorurn
919 4875 979 4947 rin
1029 4895 1262 4963 quin-inc
1308 4907 1396 4946 aut
1441 4910 1530 4946 sex
1579 4875 1747 4946 libros

214 4949 398 5030 ihvi~am
428 4963 606 5018 edidit.
667 4967 1025 5018 Liberteitms
1048 4949 1133 5018 est
1156 4949 1218 5018 ex
1251 4965 1413 5017 ldatiu
1435 4975 1744 5030 excerptas,

217 5025 286 5102 ενιῑ
324 5025 403 5081 hic
448 5034 708 5099 laudatur,
754 5038 928 5095 ilnque
974 5034 1150 5088 {Elius
1183 5036 1378 5088 dicitur
1407 5037 1577 5102 primo
1604 5025 1744 5088 Atti;

217 5085 953 5174 ii'ﬁ'hﬂjlltV'I‘huristnundum,
988 5121 1203 5173 accepta
1232 5109 1299 5158 ab
1330 5085 1554 5174 utr'oqne
1586 5119 1742 5173 pecu-

218 5169 300 5221 nia,
327 5167 576 5229 fefellisse.

278 5242 293 5263 ε
333 5235 661 5316 Hieronymus
690 5246 741 5298 in
776 5248 878 5299 vita
913 5257 1079 5298 sant-tt
1113 5239 1432 5299 Hilarionis:
1475 5245 1619 5299 Inter
1641 5245 1743 5301 Sa-

218 5309 345 5386 ffiffrf
370 5309 540 5383 quippe
560 5328 603 5369 et
620 5319 924 5370 Alamannos
950 5335 1070 5386 gens
1095 5327 1190 5382 est,
1215 5334 1314 5370 non
1336 5326 1440 5368 tam
1463 5319 1566 5386 lata
1588 5333 1742 5385 quam

219 5373 386 5454 ξίξίίάα,
412 5373 539 5454 apud
565 5387 616 5441 Η
623 5388 852 5440 istoricos
877 5373 1335 5454 Germania,'nunc
1364 5402 1480 5441 vero
1513 5373 1741 5440 Francia

221 5446 408 5529 iocatur.
428 5446 716 5529 Procopius
738 5456 894 5510 etiam
919 5446 1307 5512 Germanorum
1329 5459 1543 5514 nomine
1574 5458 1740 5514 Fran-

221 5519 295 5599 l‘u:
321 5521 491 5599 passim
518 5519 777 5599 design“

228 5578 796 5689 Tua”f31latio;:li—liivﬁi,
832 5597 1036 5689 cnap:
1064 5613 1182 5653 cum
1214 5599 1347 5655 Bob.
1374 5637 1391 5667 ,
1421 5597 1732 5658 Torclrot....

261 5657 394 5732 “ltiti.
425 5664 627 5732 Norico,
661 5667 753 5721 lib.
783 5684 818 5732 1,
851 5657 1055 5722 Tantal-

285 5726 301 5751 '
338 5727 450 5782 Uull.
475 5747 521 5789 ct
547 5726 700 5803 Cain,
731 5726 956 5804 magistri
982 5740 1221 5794 militum.

1934 4679 1953 4718 ί
2001 4681 2161 4756 Editi,
2181 4680 2502 4756 _._Iorvini_an_o;
2530 4681 2730 4756 etinfra
2761 4682 2926 4756 Clar_.,
2958 4682 3215 4756 inrindice
3236 4687 3424 4756 capit.,

1853 4751 2146 4827 laviniano.
2168 4754 2336 4827 _Boh.,
2366 4753 2527 4827 infra,
2554 4753 2760 4827 Eraclio
2786 4764 2832 4808 et
2855 4752 3131 4808 Juviniauo
3153 4772 3264 4809 cum
3293 4751 3424 4827 pa";

1850 4825 1942 4875 cis.
1977 4823 2024 4875 ls
2053 4833 2133 4896 est
2158 4822 2494 4896 Jovinus,rut
2517 4825 2676 4878 habet
2702 4824 2800 4878 Ch.
2829 4829 2926 4889 al.,
2962 4842 3096 4879 unus
3123 4842 3190 4880 ex
3221 4822 3303 4880 his
3329 4830 3422 4896 qui

1852 4893 2176 4961 temporibus
2209 4893 2427 4964 llonorri
2469 4896 2800 4963 tyrannidem
2838 4906 3255 4964 assurnpserunt.
3303 4893 3420 4950 Fal-

1849 4978 1966 5016 sum
1995 4973 2077 5016 est
2099 4975 2272 5017 autem
2297 4981 2325 5016 a
2355 4963 2527 5017 Jovini
2557 4970 2733 5019 miSSIS
2761 4963 3165 5020 Constantinum
3188 4967 3418 5022 occisum

1852 5034 2036 5105 fuisse.
2070 5034 2142 5087 De
2169 5036 2493 5105 Arhogaste,
2524 5036 2610 5104 qui
2633 5052 2827 5105 genere
2855 5047 2968 5090 erat
2992 5037 3231 5090 Francus
3255 5077 3270 5101 ,
3302 5041 3423 5094 vide

1858 5103 2026 5157 Vitam
2043 5106 2212 5157 sancti
2245 5104 2532 5158 Ambrosii.

1922 5184 1946 5243 β
1986 5176 2151 5237 Clar.,
2183 5174 2380 5243 Amavi.
2412 5173 2567 5238 Boh.,
2594 5174 2796 5243 Amogi.

1922 5241 1948 5318 ξι
1989 5245 2212 5318 Incaute
2232 5242 2576 5318 Fredegaiins
2601 5247 2690 5318 hic
2724 5241 2841 5313 qua:
2878 5245 2944 5299 de
2973 5243 3210 5301 Honorio
3233 5246 3419 5318 Frige-

1850 5315 1998 5370 ridus
2027 5316 2263 5384 scripsit,
2293 5313 2474 5366 tribuit
2498 5314 2708 5368 Jovino.

1931 5385 1946 5423 ί
1984 5383 2145 5460 Rom,
2173 5383 2385 5460 Aternia.
2413 5387 2720 5460 Appellat!"
2741 5385 2985 5460 Mincius,
3013 5386 3170 5458 vulgo
3195 5387 3422 5460 Mancia,

1850 5471 1946 5510 seu
1974 5455 2176 5519 Menzo,
2207 5455 2370 5508 ltalue
2414 5454 2603 5525 ﬂuvius
2626 5496 2639 5518 ,
2667 5457 2755 5525 qui
2804 5459 3070 5512 Mantuam
3107 5454 3306 5516 'urbem
3343 5454 3419 5516 all

1849 5527 1968 5590 luit,
1993 5537 2048 5580 et
2077 5542 2126 5579 in
2160 5527 2357 5578 Padum
2392 5524 2603 5579 labitur.

1923 5603 1935 5647 ι
1984 5597 2082 5650 Ch.
2116 5611 2306 5678 rnarg.,
2328 5601 2478 5665 jussu
2503 5597 2571 5650 ad
2596 5613 2766 5652 omnes
2792 5601 3060 5654 amatrices
3084 5607 3138 5654 ut
3169 5617 3282 5656 eum
3302 5601 3419 5657 uisi-

1847 5679 2033 5732 tarent,
2063 5678 2218 5721 mrsu.

1924 5738 1948 5776 κ
1988 5741 2129 5795 Clar.
2161 5751 2214 5794 ct
2245 5739 2398 5808 Roh.,
2426 5736 2562 5792 Nam
2590 5739 2780 5810 frigido
2803 5744 2959 5798 lavas.
2991 5741 3179 5812 Freh.,
3211 5743 3414 5815 frigide.
