4020 6194
586 281 687 339 ὄτῐ)

1573 277 1632 333 8.
1671 275 1995 331 GREGORII
2038 271 2341 328 EPISCOPI
2380 270 2807 327 TURONENSIS

3757 278 3855 333 530

588 402 798 462 tramit,
828 397 1027 453 Gallias
1053 406 1388 465 pervagatur,
1414 409 1579 463 usque
1602 394 1666 446 ad
1696 393 1977 464 Pyrenaeos
2009 406 2156 445 mon-
2186 395 2234 450 Α
2266 386 2595 457 pariterque]
2616 389 2916 457 conjunctte
2946 405 3105 444 unum
3130 390 3400 445 effecerint
3421 392 3698 459 solidum,
3736 404 3853 449 tunc

590 504 668 546 tes
690 491 926 559 pervenit
950 497 999 541 ι.

660 581 749 637 IX.
784 580 972 635 Franci
1022 578 1248 637 electum
1298 594 1327 631 a
1373 592 1432 632 se
1476 592 1676 647 regem,
1707 577 1847 630 sicut
1871 578 2017 643 prius
2042 574 2155 627 fue-

590 684 703 737 rat,
736 674 986 726 crinitum
1038 671 1365 739 inquirentcs
1389 669 1672 738 diligenter
1693 683 1754 722 ex
1780 680 1977 735 genere
2007 665 2156 721 Pria-

592 765 685 831 tni,
712 764 851 832 Frigi
879 803 893 827 ,
935 771 988 816 et
1018 760 1327 816 Franeionis
1348 802 1362 826 ,
1414 774 1577 827 super
1598 774 1656 815 se
1677 766 1901 822 creant,
1943 756 2159 811 nomine

591 856 1009 910 Ttieudemerem
1061 848 1647 925 [Al.'l‘lteodomirum]
1697 850 1859 904 lilium
1890 846 2161 902 Ricbetne-

592 947 684 1010 ris,
716 950 800 1013 qui
835 947 884 999 in
910 944 1011 999 hoc
1036 943 1219 1013 prtelio
1239 984 1254 1008 ,
1283 944 1425 1013 quod
1448 957 1607 1012 supra
1641 941 1887 1003 memini,
1912 955 1941 993 a
1967 940 2160 993 Roma-

592 1039 676 1090 nis
720 1036 1030 1089 interfectus
1073 1045 1153 1089 est
1201 1033 1393 1104 (Ibid.,
1442 1041 1488 1086 cl
1512 1049 1628 1102 cap.
1660 1034 1771 1099 1υ).
1812 1031 2162 1087 Substituitur

598 1128 737 1181 filius
766 1129 881 1196 ejus
909 1127 1147 1180 Clilodeo
1189 1126 1217 1163 ι)
1246 1124 1302 1179 in
1350 1139 1572 1191 regnum
1599 1166 1614 1191 ,
1646 1123 1805 1195 551
1848 1121 2162 1176 utilissimus

591 1220 672 1270 vir
711 1218 762 1272 in
795 1229 951 1286 gente
977 1234 1091 1279 sua,
1126 1218 1215 1287 qui
1245 1217 1382 1286 apud
1405 1215 1695 1286 Esbargem
1720 1227 1954 1271 castrum
1992 1227 2014 1255 ο
2038 1216 2166 1270 resi-

592 1308 770 1369 debat,
799 1308 937 1378 quod
979 1318 1061 1363 est
1103 1310 1154 1361 in
1201 1308 1429 1361 termino
1457 1307 1871 1375 Thoringorum.
1924 1306 2163 1374 Burgun-

593 1398 782 1453 (lienes
812 1415 1022 1468 quoque
1054 1399 1367 1453 Arianorum
1396 1407 1541 1452 secta
1573 1397 1880 1459 utebantur,
1918 1399 2166 1452 sedentes

594 1488 647 1540 in
680 1488 983 1556 Cisalpinis.
1033 1487 1267 1542 Cblodeo
1306 1487 1481 1541 missis
1506 1487 1935 1556 exploratoribus
1983 1487 2047 1539 ad
2080 1502 2167 1540 ur-

595 1578 714 1631 bem
743 1577 1089 1631 Camaracum
1114 1620 1128 1644 ,
1159 1578 1486 1648 perlustrans
1521 1578 1697 1632 omnia
1716 1617 1731 1643 ,
1760 1580 1875 1646 ipse
1905 1579 2161 1646 sequitur,

598 1670 863 1724 ltomanos
905 1682 1154 1738 proterit,
1202 1672 1468 1726 civitatem
1517 1672 1689 1741 capit;
1732 1680 1788 1725 et
1835 1670 1958 1724 inde
2001 1683 2167 1738 usque

2270 491 2492 532 securus
2521 479 2740 545 patriam
2773 481 2930 551 553
2965 481 3263 549 repedabis.
3306 480 3666 538 Cbildericus
3711 485 3855 536 habi-

2262 576 2383 621 tans
2411 566 2783 638 in‘Thoringia
2824 570 2961 636 apud
2995 586 3172 641 regem
3204 572 3435 626 Bisinum
3456 611 3475 637 ,
3518 588 3853 643 uxoremque

2258 658 2375 729 ejus
2407 659 2655 712 Basinam
2677 668 2701 705 ι
2728 660 2897 713 latuit.
2926 661 3114 715 Franci
3136 672 3260 716 tunc
3291 663 3571 733 Algidium
3604 660 3638 701 ιι
3670 666 3857 719 uuani.

2259 751 2419 805 miter
2444 766 2623 820 regem
2651 752 2972 807 adsciscunt.
3015 750 3335 811 Wiomadus
3378 758 3599 811 amicus
3641 755 3850 813 Cbilde—

2263 842 2360 895 rici
2416 842 2734 911 subregulus
2779 844 2848 897 ab
2902 843 3114 914 Aigidio
3169 846 3392 903 Francis
3441 849 3759 902 instituitur
3808 849 3845 914 ί,

2262 937 2481 1005 ejusque
2505 938 2729 991 consilio
2768 953 2956 993 omnes
3004 939 3238 993 Francos
3278 942 3504 1010 singulis
3550 942 3739 996 aureis
3774 944 3847 996 tri-

2270 1029 2493 1084 butavit.
2568 1029 2645 1083 llli
2699 1030 3098 1097 aequieseentes
3160 1032 3540 1100 impleverunt.
3610 1034 3849 1102 Dixitque

2263 1119 2453 1173 iterum
2485 1118 2551 1171 ad
2585 1118 2855 1187 Egidium
2893 1120 3243 1176 Wiomadus:
3274 1120 3416 1176 Gens
3456 1120 3585 1176 [nec
3636 1121 3849 1176 durissi-i

2262 1224 2372 1275 me,
2401 1225 2519 1278 qua:
2548 1209 2675 1263 mihi
2706 1209 2771 1263 ad
2798 1210 3056 1276 agendum
3081 1210 3308 1276 juSsisti,
3337 1227 3525 1279 parum
3555 1213 3845 1266 attributati

2266 1310 2415 1354 sunt.
2441 1300 2697 1368 Superbia
2725 1301 2975 1363 suavium;
3001 1299 3127 1368 jube
3149 1308 3207 1354 ut
3232 1308 3411 1356 ternos
3438 1301 3659 1355 solidos
3692 1301 3847 1355 tribu-

2267 1402 2461 1447 tentur.
2532 1392 2681 1458 Quod
2749 1408 2868 1447 cum
2920 1394 3112 1447 factum
3163 1394 3389 1459 fuisset,
3436 1397 3845 1463 acquiescentes

2264 1482 2455 1537 Franci
2501 1483 2794 1537 dixerunt:
2838 1484 3024 1538 Melius
3067 1484 3219 1538 nobis
3260 1493 3344 1539 est
3399 1494 3596 1539 ternos
3648 1483 3843 1539 solidos

2267 1576 2462 1627 tributa
2484 1574 2693 1629 solvere
2716 1617 2730 1639 ,
2779 1589 2939 1643 quam
2976 1588 3095 1629 cum
3124 1572 3429 1629 Clti'lderico
3469 1574 3839 1642 gravissimam

2266 1665 2427 1719 vitam
2449 1666 2665 1720 ducere.
2710 1665 3022 1720 Wiomadus
3050 1665 3242 1720 iterum
3269 1667 3333 1719 ad
3357 1665 3643 1735 Egidium
3670 1665 3797 1719 dicit
3822 1680 3837 1718 :

594 1762 869 1816 Suminam
901 1762 1113 1816 ﬂuvium
1152 1765 1447 1831 occupavit.
1499 1762 1625 1817 Haec
1652 1762 1928 1831 generatio
1973 1760 2165 1813 fanati-
2193 1749 2240 1809 Β
2268 1756 2518 1812 Rebelles
2547 1758 2782 1811 existunt
2814 1756 2903 1811 tibi
2931 1756 3153 1823 Franci;
3185 1758 3285 1811 nisi
3318 1757 3644 1827 prmeeperis
3682 1772 3743 1812 ex
3764 1757 3835 1811 eis

593 1852 670 1906 cis
694 1849 875 1905 usibus
903 1854 1040 1905 culta
1064 1860 1164 1907 est.
1208 1851 1399 1906 Fertur
1424 1866 1585 1920 super
1614 1851 1792 1905 littore
1815 1850 1977 1904 maris
2003 1858 2162 1903 testa-

593 1944 659 1995 tis
685 1953 922 2011 tempore
950 1942 1257 1997 Chlodeoue
1286 1940 1461 2014 [Balt.,
1493 1931 1806 2011 Cblodevei]
1846 1955 1964 1994 cum
2000 1953 2165 1993 uxore

593 2032 868 2087 reaedente
918 2033 1172 2096 meridie,
1218 2048 1353 2087 uxor
1394 2032 1460 2086 ad
1511 2047 1656 2086 mare
1690 2032 1915 2085 lavatum
1942 2030 2160 2094 vadens,

594 2134 822 2178 terretur
866 2140 894 2177 a
940 2124 1109 2179 besﬁa
1142 2122 1169 2161 ά
1202 2125 1426 2194 Neptuni
1455 2167 1469 2191 ,
1514 2124 1604 2193 qui
1652 2122 1950 2177 Minotauro
1975 2120 2165 2174 similis

595 2231 713 2269 eam
767 2216 1075 2283 appetisset.
1144 2214 1385 2283 Cumque
1424 2214 1477 2266 in
1526 2213 1778 2267 continuo
1823 2220 1912 2264 aut
1942 2225 1970 2263 a
1997 2210 2163 2264 bestia

593 2318 683 2359 aut
706 2322 735 2359 a
768 2309 882 2359 viro
916 2305 1099 2359 fuisset
1132 2316 1177 2373 ελ,
1208 2305 1470 2373 concepit,
1500 2318 1561 2357 ac
1589 2302 1794 2370 peperit
1827 2301 1990 2355 filium
2013 2342 2027 2365 ,
2053 2301 2166 2355 Me-

594 2404 815 2447 ruv‘eum
869 2394 1119 2456 nomine,
1178 2408 1209 2445 a
1256 2408 1362 2462 quo
1408 2408 1562 2462 reges
1611 2391 1936 2448 Francorum
1980 2401 2164 2460 postea

596 2484 899 2549 Merovingii
935 2494 1207 2536 vocantur.

673 2575 739 2628 Χ.
771 2574 958 2629 Avitus
988 2576 1278 2645 imperator
1321 2574 1621 2630 luxuriosus
1657 2576 1794 2643 apud
1842 2575 2162 2631 Placentiam

596 2668 780 2722 urbem
802 2668 1081 2737 epise0pus
1102 2668 1395 2733 ordinatur,
1414 2676 1468 2723 et
1493 2669 1688 2736 postad
1717 2667 2165 2724 ecclesiam'san-

594 2760 663 2814 eti
694 2758 887 2812 Juliani
917 2758 1121 2827 fugiens
1148 2759 1308 2812 vitam
1329 2757 1672 2828 amisit(Cap.
1699 2756 1808 2827 11).

668 2849 754 2903 ΧΙ.
788 2848 1117 2904 Childericus
1149 2864 1280 2903 vero
1312 2849 1450 2903 [ilius
1478 2848 1703 2903 Merovei
1730 2864 1849 2903 cum
1872 2848 2165 2903 surcessis-

595 2946 678 2991 set
723 2937 856 3005 patri
903 2938 953 2991 in
1007 2953 1189 3008 regno,
1238 2938 1398 2992 nimia
1444 2938 1647 2992 luxuria
1678 2938 1999 3006 dissolutus,
2030 2938 2164 2992 filias

595 3027 924 3082 Francorum
966 3037 1149 3097 stupro
1191 3029 1410 3081 tradidit
1444 3025 1609 3097 (Cap.
1660 3026 1778 3096 12).
1832 3026 1910 3082 llli
1942 3042 2066 3082 vero
2094 3027 2165 3083 ob

2266 1848 2526 1918 plurimos
2552 1846 2776 1925 iugulari
2803 1889 2816 1912 ,
2866 1863 3049 1904 eorum
3094 1848 3400 1917 superbiam
3453 1863 3569 1905 non
3610 1846 3830 1918 mitigas.

2264 1939 2477 1993 Eiectos
2500 1953 2529 1991 a
2561 1937 2844 1992 Wiomado
2871 1949 3081 1993 centum
3112 1938 3324 1993 inutiles
3352 1949 3407 1993 et
3448 1940 3503 1992 in
3551 1937 3831 1994 necessita-

2266 2029 2404 2082 tibus
2434 2027 2754 2096 incongruos
2787 2024 2801 2077 i
2857 2028 2922 2082 ad
2969 2026 3241 2097 Egidinm
3272 2028 3502 2092 direxit,
3533 2044 3671 2099 quos
3692 2029 3829 2098 Egi-

2264 2119 2385 2173 dius
2405 2118 2629 2171 consilio
2671 2118 2935 2173 Wiomadi
2972 2133 3101 2173 usus
3147 2118 3449 2174 interficere
3478 2121 3661 2189 jussit.
3688 2119 3823 2173 Wio-

2264 2207 2453 2262 madus
2496 2207 2631 2262 dixit
2669 2208 2928 2263 secretius
2965 2208 3030 2262 ad
3077 2208 3349 2263 Francos:
3400 2208 3519 2264 Non
3562 2209 3823 2264 sufficiunt

2265 2298 2460 2353 tributa
2484 2314 2603 2365 qua:
2644 2300 2887 2353 solvitis?
2932 2300 3175 2368 Quandiu
3205 2302 3306 2355 hoc
3329 2302 3527 2357 malum
3570 2303 3822 2357 sustinere

2266 2388 2426 2443 vultis
2453 2429 2468 2455 ,
2502 2400 2559 2443 ut
2590 2398 2837 2459 parentes
2876 2391 3039 2445 vestri
3085 2392 3227 2448 sicut
3262 2407 3454 2462 pecora
3482 2390 3821 2463 iugulentur?

2268 2479 2419 2534 Tunc
2462 2480 2653 2534 Franci
2698 2481 3016 2536 unanimiter
3052 2481 3343 2538 dixerunt:
3386 2483 3441 2539 Si
3472 2483 3814 2539 Cbildericum

2266 2571 2570 2638 ubicunque
2599 2573 2952 2641 pomissemus
2983 2575 3238 2643 reperire,
3270 2575 3496 2630 libenter
3521 2589 3637 2629 eum
3658 2574 3815 2640 super

2266 2679 2364 2718 nos
2386 2663 2751 2733 reciperemus
2772 2664 2838 2719 ad
2865 2681 3065 2736 regem,
3096 2666 3313 2721 forsitan
3335 2682 3431 2738 per
3456 2670 3620 2735 ipsum
3644 2666 3706 2720 de
3737 2666 3813 2719 bis

2265 2754 2644 2811 afllictionibus
2673 2757 3023 2824 eriperemur.
3079 2758 3231 2813 Tunc
3258 2760 3571 2815 Wiomadus
3594 2760 3815 2827 protinus

2264 2846 2330 2901 ad
2358 2844 2629 2917 Egidium
2665 2847 2900 2913 vadens,
2928 2849 3093 2903 dixit:
3134 2842 3287 2906 Modo
3315 2861 3397 2906 est
3433 2868 3570 2922 gens
3599 2853 3812 2907 Franco.

2265 2951 2380 2990 rum
2432 2947 2534 2990 tua:
2578 2936 2875 3005 disciplina:
2922 2939 3238 3007 perdomita.
3320 2941 3569 3013 Dausque
3604 2940 3811 2997 eidem"

2265 3027 2548 3083 consilium
2600 3029 2805 3098 legatos
2850 3029 2915 3083 ad
2959 3030 3267 3086 Mauricium
3300 3034 3670 3102 imperatorem
3698 3030 3812 3086 diri-

596 3120 701 3173 hoc
723 3119 1060 3189 indignantes
1086 3160 1100 3180 .
1142 3134 1263 3174 eum
1294 3120 1361 3173 de
1386 3134 1548 3188 regno
1578 3116 1818 3187 cjiciunt.
1848 3119 2162 3174 Wiomadus
2190 3119 2235 3182 C
2265 3136 2414 3191 gere,
2444 3132 2739 3192 gentesque
2765 3122 2994 3188 vicinas,
3021 3124 3065 3177 si
3098 3134 3312 3193 posset,
3343 3128 3639 3188 attrahere,
3669 3134 3720 3178 ut
3739 3122 3810 3180 vel

596 3209 831 3265 Francus
875 3210 1215 3265 fidelissimus
1253 3212 1463 3265 caeteris
1503 3210 1824 3274 Cbilderico,
1876 3212 1964 3279 qui
2012 3225 2155 3274 eum,

599 3317 718 3355 cum
748 3316 776 3355 a
806 3300 1010 3356 Cbunis
1040 3317 1157 3354 cum
1200 3310 1368 3356 matre
1396 3302 1639 3370 captivus
1678 3300 1985 3365 duceretur,
2010 3300 2159 3371 fuga-

595 3394 726 3447 citcr
754 3392 1095 3447 liberaverat.
1151 3391 1246 3447 ilic
1292 3394 1560 3447 inventum
1608 3409 1768 3448 unum
1798 3407 2014 3448 aureum
2039 3409 2157 3448 cum

595 3484 895 3538 Cltilderico
922 3484 1186 3549 dzvidens,
1210 3485 1333 3539 dum
1366 3495 1612 3540 cerneret
1641 3485 1784 3555 quod
1814 3501 1933 3540 eum
1972 3484 2157 3542 Franci

596 3575 895 3630 interficere
930 3587 1284 3640 conarentur,
1330 3576 1467 3629 dixit
1512 3577 1598 3630 ei:
1647 3573 1789 3644 Fuge
1828 3576 1878 3629 in
1928 3576 2159 3630 Tliorin-

598 3666 761 3736 giam,
796 3668 939 3721 Iatita
965 3668 1343 3736 aliquantulum
1371 3669 1461 3722 ibi.
1489 3668 1543 3723 Si
1570 3669 1659 3723 tibi
1684 3678 1902 3737 potuero
1928 3669 2161 3723 Francos

597 3759 831 3826 placare.
863 3759 1018 3811 istum
1049 3774 1266 3813 aureum
1307 3759 1538 3813 medium
1584 3760 1677 3814 tibi
1704 3760 1768 3813 ad
1799 3761 2005 3828 signum
2037 3760 2166 3815 diri-

597 3865 747 3920 gam;
780 3861 832 3904 et
861 3851 906 3904 si
934 3866 1040 3904 non
1065 3860 1308 3919 potuero,
1347 3851 1648 3919 ubicunque
1677 3866 1958 3922 aggressus
1979 3852 2159 3919 fueris,

600 3942 729 3995 milii
770 3949 947 3996 notam
988 3938 1152 3996 facias
1195 3942 1333 3996 viam
1378 3955 1542 3999 tuam.
1588 3942 1811 4008 Quando
1839 3942 2165 4013 quidempo-

599 4044 771 4101 tnero,
804 4040 856 4087 et
882 4033 1036 4088 istam
1064 4041 1269 4103 partem
1301 4033 1394 4088 tibi
1423 4032 1702 4099 direxere,
1737 4042 2017 4103 partesque
2044 4032 2164 4106 [Clu

670 4195 694 4225 α
737 4187 860 4242 Haec
903 4186 970 4241 de
1016 4186 1273 4242 Stilicone
1302 4186 1590 4255 Gregorius
1619 4186 1710 4240 lib.
1744 4202 1827 4253 rx,
1862 4200 1982 4253 cap.
2013 4186 2069 4248 2,
2099 4202 2165 4242 ex

597 4258 785 4313 Orosio
814 4267 1218 4321 commemorat,
1251 4272 1369 4325 qua)
1402 4259 1611 4310 incaute
1639 4256 1877 4320 Castino,
1905 4257 2028 4322 (ἐπι,
2060 4256 2167 4310 Ga-

598 4331 750 4393 stino,
775 4328 842 4382 de
872 4342 976 4395 quo
1009 4329 1165 4395 paulo
1192 4330 1439 4397 superius
1468 4328 1677 4381 dixerat
1703 4325 2015 4396 Gregorius,
2048 4327 2164 4382 Fre-

598 4399 842 4465 degarins
870 4398 1128 4451 attribuit.

2265 3212 2643 3282 quinquaginta
2681 3212 2842 3266 millia
2876 3213 3164 3267 solidorum
3193 3215 3260 3269 ab
3302 3216 3625 3285 imperatore
3655 3214 3671 3251 ι
3702 3213 3811 3268 diri-

2259 3314 2528 3373 gerentur,
2561 3319 2666 3373 quo
2690 3306 2862 3372 potius
2886 3314 3071 3374 gentes
3092 3315 3310 3374 accepto
3337 3309 3386 3360 in
3412 3299 3635 3362 munere
3659 3321 3711 3359 se
3736 3305 3797 3356 im

2267 3392 2417 3463 perio
2458 3392 2805 3462 subiicerent.
2858 3393 3180 3462 Addensque
3226 3396 3363 3450 dixit
3401 3398 3469 3451 ad
3497 3397 3649 3469 553
3668 3408 3808 3449 eum:

2262 3483 2634 3553 Aliquantulos
2666 3483 2868 3538 solidos
2910 3493 3011 3538 tua:
3050 3485 3313 3540 instantiae
3363 3486 3541 3542 locum
3571 3485 3809 3552 accipiens

2264 3574 2510 3638 militavi,
2534 3588 2718 3643 parum
2760 3588 2948 3629 servus
2966 3582 3086 3630 tuus
3113 3587 3390 3645 argentum
3422 3579 3613 3633 habeo.
3664 3574 3810 3628 Vo'e—

2270 3667 2388 3720 batn
2418 3681 2541 3720 cum
2593 3667 2694 3719 tuis
2748 3667 2934 3734 legatis
2980 3682 3197 3735 puerum
3224 3668 3457 3739 dirigere
3486 3711 3501 3735 ,
3554 3678 3607 3722 ut
3644 3664 3810 3719 melius

2266 3757 2731 3826 Constantinopoli
2760 3759 2885 3811 mihi
2918 3773 3196 3831 argentum
3228 3773 3511 3815 tnercaret.
3568 3762 3710 3816 Tunc
3730 3768 3808 3806 Ic-

2271 3851 2445 3916 ccptis
2466 3852 2533 3904 ab
2563 3850 2776 3919 IEgidio
2801 3851 3100 3920 quingentis
3131 3853 3183 3907 in
3215 3870 3433 3910 munere
3470 3855 3674 3917 aureis,
3695 3860 3808 3920 quos

2266 3941 2331 3995 ad
2355 3942 2455 3996 ltoc
2481 3956 2612 4010 opus
2644 3943 2927 3996 emendum
2978 3945 3398 4011 transmitteret,
3438 3947 3585 4001 misit
3614 3953 3806 4014 puerum

2270 4031 2608 4088 creditarium
2655 4032 2753 4087 sibi
2799 4047 2917 4086 cum
2956 4035 3125 4087 media
3159 4046 3308 4103 parte
3332 4038 3481 4091 aurei
3529 4048 3676 4104 quem
3703 4041 3805 4083 cum

2269 4189 2587 4243 haberentur
2613 4188 2749 4257 apud
2778 4188 2996 4257 populos
3023 4190 3212 4254 pretio.
3245 4188 3313 4242 At
3341 4189 3532 4243 falsam
3557 4182 3805 4257 essehanc

2270 4260 2365 4313 viri
2398 4259 2587 4313 eruditi
2615 4254 2972 4327 cunjecturam
3012 4275 3074 4311 ex
3106 4274 3171 4312 eo
3198 4269 3370 4326 patet,
3403 4259 3545 4327 quod
3574 4259 3652 4309 hic
3677 4254 3802 4328 locus

2271 4332 2475 4396 integer
2506 4330 2758 4382 habeatur
2784 4330 2835 4381 iu
2868 4330 2985 4382 end.
3011 4330 3444 4392 Claromnntano,
3468 4345 3555 4398 qui
3583 4332 3645 4378 ab
3671 4330 3803 4398 annis

2272 4394 2416 4454 mille
2445 4402 2545 4453 sub
2579 4399 2749 4468 prima
2781 4414 2964 4469 regum
3002 4410 3302 4453 nostrorum
3347 4394 3514 4467 stirpe
3541 4394 3803 4459 descriptus

666 4467 693 4506 ιι
734 4471 823 4544 Sic
848 4467 1281 4544 Cla_r.,_alian_t'tm
1304 4482 1349 4519 ~n
1380 4480 1560 4544 manu,
1596 4473 1650 4518 et
1676 4465 2158 4544 quidemftttiqtta,
2189 4484 2243 4544 Ῑ)
2272 4481 2375 4544 est.

599 4539 789 4607 aliquis
844 4537 1056 4607 scripsit
1125 4536 1423 4590 Clodoveus.
1468 4536 1557 4607 §ic
1598 4545 1652 4607 et
1697 4534 1855 4607 habet
1901 4534 2159 4607 (lam—At.

599 4604 731 4662 lloli.
763 4616 807 4661 et
849 4604 987 4674 ﬁlius
1009 4605 1277 4660 Chloreus.
1309 4606 1437 4670 Alii,
1462 4604 2015 4676 Chlogio.Gregorius,
2041 4621 2159 4676 cap.

596 4681 651 4742 9,
682 4678 747 4731 de
773 4676 1140 4747 Theodemere
1173 4686 1225 4729 et
1266 4677 1558 4747 Cltlodione
1586 4678 1733 4744 agit,
1778 4677 1871 4730 sed
1902 4691 2161 4747 nusquam

596 4747 812 4810 scripsit
836 4746 1183 4802 Chlodionem
1217 4747 1378 4800 fuisse
1421 4745 1801 4799 Theodemeris
1832 4745 2030 4800 filium.
2066 4748 2160 4800 Ai-

598 4821 809 4873 tnoinus
832 4828 888 4873 et
918 4817 1115 4869 ltorico
1161 4815 1536 4869 Marcomerem
1579 4816 1774 4869 Priami
1806 4818 1965 4871 filium
1999 4817 2164 4872 fuisse

596 4901 781 4955 attint,
840 4899 892 4943 et
940 4901 1003 4941 ex
1052 4886 1380 4939 Marcomere
1411 4886 1840 4940 Pharamundum
1877 4888 2161 4955 prodiisse,

596 4962 681 5015 t-ni
729 4962 779 5014 in
829 4973 1007 5028 regem
1051 4958 1264 5020 electo,
1311 4971 1363 5009 et
1409 4965 1587 5025 postea
1638 4956 1908 5025 defuncto,
1940 4958 2165 5013 L‘btodto

598 5028 1234 5106 ipsiuslilius-successit.
1559 5097 1571 5106 _
1878 5097 1915 5106 _
1991 5099 2001 5106 _
2064 5036 2067 5037 '

674 5113 696 5140 ο
742 5102 863 5165 Ed.,
899 5098 1226 5168 Hespergem.
1266 5096 1363 5150 Alii
1393 5110 1511 5168 cum
1545 5097 1847 5166 Anonytno,
1878 5097 2162 5162 Ruricone,

606 5182 651 5224 et
680 5164 924 5227 Aimoiuo
955 5164 1362 5240 Dispargum....
1399 5164 1596 5220 Omnes
1627 5164 1819 5223 habent
1858 5169 1995 5222 infra
2026 5168 2165 5221 Tho-

596 5258 899 5372 ηηίῖοέτέιῗί,
935 5309 1230 5362 Lavandum
1276 5309 1461 5363 vadens
1499 5308 1659 5363 bestia
1704 5307 1935 5376 Neptuni
1982 5308 2162 5378 quino-

602 5386 730 5435 !auri
762 5382 959 5433 similis.

670 5460 695 5489 ⁸
738 5450 894 5513 Bolt.,
917 5460 1176 5517 concepta,
1199 5450 1414 5520 peperit.
1438 5448 1658 5506 Chesn..
1689 5451 1926 5502 continuo
1950 5466 1981 5501 a
2007 5450 2165 5502 bestia

599 5532 733 5576 tacta
760 5520 955 5587 fuisset.
988 5519 1135 5571 lianc
1169 5536 1326 5587 porro
1367 5521 1721 5572 narrationem
1774 5521 1840 5573 ab
1880 5525 2164 5586 ttltcrpola-

602 5603 716 5646 tore
746 5588 978 5643 additam
1011 5591 1173 5642 luisse
1201 5600 1384 5642 censet
1421 5589 1659 5641 Cuintius
1696 5588 1764 5640 ad
1807 5604 2003 5641 annum
2035 5590 2161 5656 426,

603 5665 760 5733 idque
787 5659 886 5733 sub
915 5657 1174 5733 Carminis
1200 5657 1547 5733 principibus,
1573 5665 1630 5709 ttt
1659 5658 1999 5733 Merovingici
2023 5658 2167 5733 prim-

601 5725 766 5804 cip'es,
802 5726 968 5783 innuit
1009 5728 1095 5780 ille
1119 5769 1132 5794 ,
1167 5730 1253 5796 qui
1298 5742 1328 5783 e
1375 5742 1538 5795 regno
1559 5725 1882 5792 exciderant,
1913 5728 1962 5780 in
1989 5729 2161 5781 viliori

2345 4538 2363 4578 ί
2409 4539 2566 4604 ΒοΙι.,
2597 4537 2907 4601 Basilicam,
2935 4547 2987 4591 ct
3015 4539 3091 4591 sic
3117 4554 3232 4593 eam
3264 4539 3482 4593 inferius
3510 4533 3739 4606 appellat.

2337 4619 2362 4658 8
2399 4600 2567 4679 αξη-,ζ
2610 4600 2902 4679 Bysjnum,
2924 4620 2977 4663 et
3009 4611 3140 4662 infra
3187 4616 3352 4664 semel
3380 4600 3636 4679 Bysiriain.
3664 4600 3797 4656 ΒοΙΙοο

2265 4680 2413 4734 latuit
2436 4677 2670 4731 Francis.
2705 4677 2863 4732 Tunc.

2336 4748 2361 4820 λέ
2403 4750 2569 4820 (δέη-η
2606 4748 2827 4820 Ejeiunt,
2859 4755 2913 4801 et
2951 4747 3084 4801 infra
3128 4763 3340 4820 semper
3381 4747 3588 4820 Ejegiu;
3613 4739 3795 4796 dicitur.

2265 4819 2397 4873 Aliis
2421 4818 2653 4888 Egidtus.
2687 4818 2853 4888 Boll.,_
2875 4829 2931 4871 ut
2958 4821 3262 4888 plurimum,
3295 4818 3495 4873 Eicius.
3570 4884 3611 4888 ,Α
3745 4876 3755 4887 ,
3784 4872 3794 4881 .

2344 4890 2359 4926 ί
2404 4880 2494 4945 Sic
2519 4889 2684 4952 Ciam,
2713 4900 2768 4941 at
2795 4886 2921 4941 editi
2942 4880 2971 4953 ,’
2992 4880 3294 4942 Viomaduiu
3319 4892 3530 4942 amicum
3555 4880 3793 4940 Cliilden'ci

2266 4960 2589 5029 subrcgttlum
2637 4959 2699 5029 ab
2746 4956 2963 5027 ngidio
3018 4961 3201 5011 iterum
3256 4959 3450 5012 Franci
3489 4954 3775 5029 ἰηιιὶιυςίξιηι

2272 5018 2627 5083 υρθεῖὶιενιιιη
2659 5028 2709 5081 in
2734 5018 2885 5091 (2am,
2916 5042 2967 5081 at
2997 5030 3193 5082 Litesn.
3226 5030 3292 5081 al.
3326 5018 3791 5096 etAinnnn..iW’f?‘

2266 5104 2505 5171 (tradam.
2531 5100 2687 5171 Bolt.,
2717 5087 3170 5152 Widontadmn....
3202 5104 3292 5150 sub
3317 5102 3502 5171 regulis
3524 5100 3583 5149 ab
3606 5087 3788 5159 Αῖθὶάίυ

2268 5169 2461 5222 Franci
2491 5170 2881 5239 instituerunt...
2909 5173 3136 5239 singulos
3158 5186 3358 5223 aureus.

2342 5240 2355 5289 i
2404 5241 2491 5293 Sic
2513 5238 2660 5293 Clar.
2691 5247 2745 5291 et
2770 5239 2911 5291 Bob.
2947 5237 3084 5292 eum
3118 5252 3274 5303 vero,
3305 5240 3516 5293 utiles...
3552 5237 3784 5297 congruos-

2339 5309 2362 5346 ¹ί
2403 5308 2545 5364 Clar.
2588 5320 2642 5362 et
2688 5308 2873 5371 Freh.,
2920 5309 3049 5362 dans
3087 5310 3337 5377 idemque.
3387 5304 3789 5377 Clies.,datuqttl

2268 5382 2471 5433 eisdem.
2497 5378 2694 5434 Canisii
2720 5378 3003 5433 lectionem
3050 5380 3339 5445 sequimur.
3366 5380 3639 5433 Marcianus
3659 5376 3780 5445 tum}.

2268 5462 2359 5504 aut
2389 5462 2535 5504 certe
2569 5450 2675 5502 Leo
2701 5451 2815 5518 ejus
2847 5440 3255 5502 successor'CP.
3288 5450 3564 5518 regnabat;
3590 5448 3633 5495 in
3650 5440 3777 5518 .096}:

2267 5522 2424 5575 dente
2452 5533 2578 5574 vero
2622 5515 2984 5587 Majorianus,
3012 5515 3473 5573 Alterutrum'hic
3520 5515 3781 5587 MauricItlfl

2267 5590 2498 5657 appellat
2526 5577 2893 5657 Fredegarius.
2945 5586 3076 5643 Nam
3127 5587 3408 5644 Mauricius
3444 5590 3563 5655 imp.
3597 5577 3682 5636 sub
3704 5583 3782 5626 82-

2267 5659 2370 5713 euli
2394 5672 2544 5725 seqq.
2571 5657 2723 5709 finem
2756 5658 2906 5713 vixit.

2346 5727 2360 5764 ί
2408 5729 2652 5795 Meneta,
2684 5728 2750 5779 ad
2780 5731 3149 5797 imperatorem.
