4020 6194
132 300 219 354 sat
1132 289 1449 346 tttstoma
1497 286 1921 340 FltANCORUM
1962 282 2377 338 murmurs.
3294 291 3398 337 τω

129 410 438 467 tltiilderico
487 412 744 464 diviserat
766 450 779 469 ,
827 407 1116 463 saccellum
1170 409 1387 475 plenum
1434 404 1717 473 plumbeis,
1749 403 1798 461 Α
1823 397 1892 452 de
1917 406 2086 451 stratu
2114 397 2255 451 dixit
2287 396 2474 450 Basina
2505 395 2570 450 ad
2604 395 2957 451 Childericum
2984 413 2998 449 :
3026 398 3155 463 Quae
3182 396 3397 451 visibili-

130 520 259 570 quns
287 519 430 567 puer
462 518 567 569 pro
597 501 781 553 solidis
803 514 983 553 secum
1012 504 1271 567 portaret.
1303 496 1590 563 cumperto
1612 493 1723 562 jam
1830 496 1910 541 ter
1936 487 2135 551 vidisti,
2162 486 2385 540 veritate
2406 485 2720 541 subsistunt.
2753 486 2877 539 llaec
2907 486 3394 554 interpretationem

131 590 498 643 Childericum
530 587 993 656 Constantinopoli
1032 600 1185 650 esse,
1215 599 1335 637 cum
1366 576 1555 652 legatis
1578 580 1727 649 [Egi-
1829 578 2321 632 babent.Nascetur
2344 576 2495 632 nobis
2513 576 2650 631 filius
2673 576 2977 631 fortitudine
2999 578 3163 631 leonis
3186 577 3395 645 signum

134 683 202 735 dii
232 698 365 749 puer
397 682 721 753 aggreditur
750 682 831 733 bis
862 679 1040 734 verbis
1084 679 1406 741 instructus,
1435 685 1493 728 ut
1525 676 1728 740 legatos
1830 680 1886 725 et
1913 671 2078 723 instar
2107 679 2329 733 tenens;
2364 667 2456 722 lilii
2485 684 2614 723 vero
2644 666 2760 737 ejus
2790 667 3019 735 leopardi
3048 674 3103 722 et
3127 667 3398 722 unicornis

134 774 473 841 pnecederet
494 812 511 836 ,
547 782 605 825 et
634 772 935 826 Cbilderico
958 769 1199 838 protinus
1226 768 1525 830 nuntiaret,
1558 767 1729 833 prius—
1832 762 2147 816 fortitudine
2180 762 2385 831 signum
2418 771 2613 817 tenent.
2638 761 2838 815 Deinde
2864 771 3183 830 generantur
3204 777 3269 815 ex
3294 762 3401 817 illis

136 880 284 933 quam
332 866 501 933 legati
552 867 603 918 in
657 871 1005 931 conspectum
1066 862 1408 932 imperatoris
1459 860 1726 929 venirent,
1830 856 1922 924 qui
1955 856 2095 910 ursis
2125 863 2181 909 et
2210 855 2348 922 lupis
2375 853 2737 909 fortitudinem
2770 863 2823 908 et
2850 849 3187 908 v'oracitatem
3214 869 3398 908 eorum

140 957 271 1024 mind
322 958 581 1025 Aigidins
631 958 721 1025 qui
769 958 964 1009 tribnta
1012 956 1239 1025 publicis
1267 954 1474 1010 agrariis
1518 954 1731 1008 solvere
1831 945 2162 999 similabunt.
2196 944 2261 998 Et
2299 944 2455 998 tertio
2496 959 2614 1013 qua:
2645 943 2817 997 vidisti
2860 946 2924 997 ad
2966 943 3281 997 discessum.
3313 960 3403 996 co-

140 1050 617 1109 debebat,lributa
648 1049 956 1118 imperatori
986 1048 1240 1103 solvenda
1258 1055 1546 1118 quaereret.
1572 1044 1733 1113 Quod
1833 1036 2031 1091 lumnae
2076 1035 2225 1106 regni
2268 1034 2423 1104 huius
2463 1044 2636 1099 erunt.
2667 1035 2756 1104 qui
2798 1036 3090 1103 regnabant
3124 1036 3191 1088 ad
3242 1038 3404 1089 instar

139 1158 255 1196 cum
303 1143 655 1196 Childericus
716 1142 971 1196 Mauricio
1044 1142 1351 1207 imperaturi
1402 1140 1729 1203 nuutiasst-t,
1833 1142 2048 1190 callum.
2080 1136 2134 1180 el
2180 1126 2477 1181 minoribus
2522 1126 2705 1180 bes'iis
2745 1141 2929 1179 Θυτυιιι
2972 1126 3263 1179 οοοδίιηίιίε
3303 1130 3401 1181 θΓίΙ

142 1235 375 1301 repletur
427 1234 615 1289 furore
645 1243 700 1288 et
742 1234 1139 1302 indignatione,
1194 1249 1315 1286 cum
1348 1232 1501 1301 legati
1533 1230 1730 1299 Egidii

1848 1218 2111 1272 'ortitudo.
2146 1218 2374 1271 Pluritas
2423 1227 2597 1272 autem
2641 1218 2901 1272 minorum
2950 1219 3260 1284 bestiarum,
3288 1234 3399 1285 qut!

140 1324 183 1376 ei
212 1327 528 1393 praesentati
570 1326 831 1391 fuissent,
875 1326 956 1378 bis
986 1326 1162 1379 verbis
1185 1332 1553 1395 suggerentes,
1582 1325 1735 1392 jubet

1848 1306 1903 1360 Ib
1933 1307 2162 1361 invicem
2193 1306 2539 1361 detrahentes
2568 1307 2907 1373 volutabant,
2943 1309 3162 1373 p0pulns
3190 1310 3305 1361 sine
3339 1308 3407 1361 ti-

143 1431 228 1468 eos
278 1417 489 1469 rctrudi
552 1418 938 1471 incarcerem.
991 1417 1239 1487 Dixitque
1294 1417 1626 1471 Childericus
1667 1416 1731 1468 ad

1848 1414 1985 1453 :nore
2038 1398 2331 1467 principum
2390 1398 2460 1452 ab
2522 1399 2746 1453 invicem
2796 1398 3077 1452 vastandos
3119 1400 3407 1469 significat.

146 1505 453 1559 ilauricium
490 1507 872 1575 imperatorem
905 1524 918 1561 :
956 1507 1092 1561 Iube
1116 1524 1201 1561 me
1228 1523 1440 1562 servum
1468 1516 1613 1561 tuum
1656 1507 1737 1560 ire

1848 1488 2091 1557 Concepit
2135 1487 2357 1553 Basina,
2385 1497 2439 1542 et
2470 1487 2673 1557 peperit
2702 1488 2863 1542 filium
2885 1530 2899 1553 ,
2929 1489 3143 1543 nomine
3181 1488 3408 1542 Chlnde-

148 1598 193 1647 in
234 1596 462 1650 Gallias.
523 1597 638 1667 Ego
702 1598 940 1652 furorem
992 1598 1372 1667 indignationis
1431 1607 1534 1650 tuac
1578 1612 1738 1664 super

1848 1594 2014 1633 veum.
2038 1578 2132 1632 llic
2152 1578 2251 1633 fuit
2272 1591 2496 1647 magnus
2520 1585 2574 1632 et
2598 1587 2858 1648 pugnator
2877 1579 3217 1649 egregius,ad
3244 1582 3409 1634 instar

149 1684 355 1756 £gidio
390 1689 651 1741 ulciscar.
688 1688 867 1742 Multis
902 1689 1209 1742 muneribus
1237 1703 1267 1741 a
1301 1689 1555 1743 Mauricio
1588 1687 1738 1742 Chil-

1848 1671 2010 1724 Ieonis
2040 1669 2363 1724 fortissimus
2403 1670 2611 1723 czeteris
2653 1671 2885 1739 regibus.
2914 1670 3249 1726 Childericus
3288 1688 3409 1727 cum

150 1778 353 1831 dericus
383 1779 597 1831 ditatus
618 1818 633 1842 ,
677 1788 877 1833 evectu'
899 1780 1073 1833 navali
1104 1779 1392 1835 revertitur
1422 1782 1473 1833 in
1515 1779 1733 1835 Gallias.

1848 1761 2123 1815 Udouacro
2154 1776 2279 1830 rege
2311 1761 2644 1814 Saxonorum
2678 1761 2977 1815 Aurelianis
3009 1777 3273 1829 pugnans,
3304 1766 3409 1816 An-

150 1870 307 1935 Quem
337 1884 467 1925 cum
506 1864 819 1924 Winmadus
853 1872 1129 1926 nuntiante
1160 1886 1324 1942 puero
1359 1872 1728 1939 comperisset,

149 1970 315 2013 castro
344 1962 525 2015 Burro
553 1972 577 1998 ιι
610 1962 675 2015 ad
718 1961 891 2031 ipsum
924 1961 1088 2029 venit,
1126 1974 1181 2017 et
1218 1979 1245 2015 a
1271 1962 1620 2017 Barrensihus
1651 1978 1734 2015 re-

148 2060 322 2118 ceptus
341 2062 448 2110 est.
505 2053 710 2107 Eorum
747 2070 933 2109 omnes
962 2056 1165 2110 reditus
1192 2055 1431 2125 publicos
1462 2069 1556 2124 pro
1582 2054 1734 2110 initio

152 2143 473 2211 receptionis
498 2144 733 2198 consilio
759 2142 1032 2200 Wiomadi
1064 2146 1289 2215 benigne
1312 2145 1599 2201 concessit.
1633 2144 1737 2200 De-

156 2238 266 2292 inde
314 2240 383 2293 ab
432 2240 692 2293 omnibus
750 2239 971 2294 Francis
1022 2240 1398 2295 resublimatur
1456 2241 1506 2293 in
1548 2253 1731 2309 regno,

158 2338 415 2408 multaque
465 2337 657 2406 praelia
703 2352 823 2391 cum
864 2336 1080 2407 Egidio
1124 2337 1250 2407 egit.
1317 2337 1504 2392 Plures
1530 2345 1735 2406 strages

158 2429 215 2481 ab
242 2430 355 2498 ipso
378 2430 543 2483 facta:
569 2437 694 2483 sunt
720 2430 771 2482 in
802 2428 1077 2483 Romanis.

220 2523 328 2578 XII.
379 2524 581 2577 Basina
628 2537 748 2592 qua:
806 2522 1038 2576 Bisinum
1096 2535 1276 2591 regem
1335 2520 1387 2575 in
1438 2520 1734 2588 Tboringia

162 2614 375 2682 jugaleni
402 2615 662 2681 habebat,
685 2629 804 2669 cum
826 2614 1064 2668 audisset
1085 2613 1441 2668 Childericum
1466 2626 1495 2666 a
1521 2611 1740 2668 Francis

165 2706 211 2757 in
230 2721 389 2776 regno
412 2706 786 2769 sublimatum,
805 2719 965 2759 cursu
988 2704 1152 2758 veloci
1177 2702 1482 2772 relinquens
1506 2702 1739 2756 Bisinum

166 2798 219 2850 ad
262 2799 631 2854 tlbildericum
683 2798 891 2852 transiit
941 2796 1100 2869 (Cap.
1145 2797 1263 2865 12).
1304 2794 1402 2862 Qui
1454 2810 1573 2848 cum
1622 2807 1741 2848 eam

172 2889 385 2945 sollicite
416 2891 813 2957 interrogasset
850 2902 953 2956 qua
986 2886 1053 2940 de
1103 2900 1259 2939 causa
1293 2885 1357 2937 ad
1388 2899 1507 2938 eum
1537 2882 1604 2937 de
1636 2891 1739 2936 tam

170 2979 307 3047 longe
336 2982 603 3043 venisset,
631 2976 972 3045 reSpondisse
999 2976 1165 3030 fertur
1194 2992 1208 3027 :
1238 2974 1391 3039 Novi,
1417 2973 1609 3040 inquit,
1639 2969 1741 3025 uti-

171 3069 354 3125 litatem
379 3082 556 3134 tuam,
579 3069 718 3137 quod
748 3068 820 3122 sis
848 3067 1002 3121 valde
1026 3074 1304 3130 strenuus;
1331 3062 1493 3137 554
1518 3062 1743 3131 ideoque

1835 1853 2096 1923 degabnm
2147 1854 2317 1907 victor
2367 1853 2620 1920 perrexit.
2671 1853 2876 1907 Mortuo
2924 1854 3168 1924 Aigidio,
3201 1854 3409 1924 reliquit

1836 1947 2027 2010 filium,
2058 1945 2340 2016 Syagrium
2371 1945 2583 2000 nomine
2615 1945 2761 2013 (Cap.
2798 1946 2910 2014 18).
2942 1945 3142 2001 Eodem
3177 1958 3411 2017 tempore

1836 2038 2099 2093 Brittones
2139 2039 2208 2092 de
2251 2037 2487 2091 Betorica
2532 2037 2639 2108 (At.
2672 2037 2922 2109 Biturica]
2952 2053 2979 2089 a
3009 2039 3169 2109 555
3201 2038 3409 2095 Gottbis

1836 2130 2067 2199 expulsi,
2096 2129 2249 2183 multi
2277 2130 2415 2197 apud
2446 2129 2727 2183 Dolensem
2759 2140 2781 2167 ε
2813 2133 3069 2199 perempti
3099 2141 3241 2186 sunt.
3269 2130 3408 2186 Pau-

1839 2220 1921 2275 lus
1948 2234 2132 2274 comes
2171 2234 2291 2273 cum
2338 2219 2591 2273 Romanis
2620 2230 2674 2273 et
2706 2219 2924 2275 Francis
2954 2220 3152 2295 bellum
3195 2222 3407 2277 Guttbis

1836 2310 2031 2370 intulit.
2052 2320 2108 2365 et
2130 2312 2336 2381 prmdas
2361 2311 2484 2379 egit.
2505 2307 2833 2365 Childericus
2857 2312 3134 2366 Odouacro
3161 2322 3411 2382 superato

1842 2402 2063 2456 Paulum
2084 2402 2332 2457 comitem
2364 2401 2658 2466 interfecit,
2679 2403 2976 2471 Andegavis
3001 2405 3229 2457 obtinuit
3257 2403 3406 2474 (Cap.

1840 2492 1952 2562 I9).
1983 2492 2075 2546 llis
2105 2490 2260 2559 actis,
2286 2491 2418 2546 inter
2452 2492 2691 2546 Saxones
2720 2501 2773 2545 et
2800 2491 3065 2548 Romanos
3095 2494 3290 2548 bellum
3319 2511 3413 2565 ge-

1840 2592 1986 2637 stum
2015 2590 2119 2638 est.
2152 2582 2390 2637 Saxones
2420 2593 2563 2653 terga
2597 2591 2887 2645 vertentes,
2912 2584 3089 2639 multis
3114 2602 3179 2640 ex
3209 2588 3287 2641 eis
3313 2602 3413 2642 ex-

1841 2676 2070 2739 stinctis,
2095 2674 2284 2728 insulae
2304 2671 2331 2709 ά
2361 2688 2569 2739 eorum,
2592 2688 2712 2728 cum
2745 2673 2909 2728 multo
2939 2675 3133 2743 populo
3158 2676 3414 2733 interem-

1842 2776 1954 2837 pto,
1978 2781 2008 2819 a
2036 2764 2256 2820 Francis
2284 2774 2453 2833 capta:
2482 2774 2640 2833 atque
2666 2763 2932 2820 subversa:
2962 2769 3124 2821 sunt.’

1914 2866 2053 2921 XIII.
2084 2867 2204 2936 Ipso
2228 2881 2370 2921 anno
2403 2875 2739 2921 terrmmotus
2790 2867 2905 2921 fuit.
2940 2869 3157 2924 Eorictts
3187 2871 3410 2929 Gottho-

1842 2975 1959 3015 rum
2006 2974 2101 3014 rex
2146 2960 2358 3015 decimo
2402 2970 2593 3028 quarto
2636 2960 2780 3029 regni
2824 2964 2902 3015 sui
2951 2976 3090 3017 anno
3134 2966 3413 3023 ecclesiam

1844 3052 2014 3106 sancti
2059 3052 2254 3107 Iuliani
2308 3051 2517 3106 Brivate
2565 3051 2827 3107 columnis
2888 3066 3126 3108 ornatam
3191 3058 3416 3113 mirifice

173 3162 277 3215 veni
300 3161 614 3215 utbabitem
639 3157 901 3212 tecum.Si
922 3157 1186 3210 utiliorem
1208 3156 1305 3209 sub
1321 3158 1459 3209 (εωεο
1481 3156 1697 3208 scissem
1717 3193 1733 3220 ,
1762 3141 1812 3204 ϐ
1842 3143 2140 3198 construxit
2170 3153 2216 3197 ο.
2258 3142 2507 3213 Regnans
2549 3143 2766 3198 Eoricus
2823 3160 2992 3201 annos
3025 3146 3210 3218 viginti
3244 3148 3415 3220 (Cap.

173 3254 226 3304 ad
246 3255 490 3308 eumdem
518 3251 863 3321 expetissem.
879 3251 1045 3316 Quam
1069 3248 1402 3303 Childericus
1422 3248 1746 3317 gaudens,et

177 3342 379 3411 diligens
404 3344 654 3413 ejusdem
690 3340 1155 3411 pulchritudinem,
1178 3341 1229 3395 in
1259 3341 1506 3411 conjugin
1533 3341 1746 3410 copula-

182 3436 261 3488 vit.
285 3435 416 3491 Cum
452 3438 631 3507 prima
663 3446 818 3489 nocte
846 3434 1038 3504 iugiter
1067 3443 1236 3487 stratu
1261 3433 1591 3501 iunxissent,
1616 3432 1745 3486 dicit

182 3523 231 3576 ad
254 3540 367 3580 eum
390 3526 595 3580 mulier
621 3544 633 3577 :
659 3524 768 3579 Ilac
788 3532 942 3578 nocte
964 3538 989 3575 a
1016 3523 1156 3577 coitu
1178 3522 1312 3576 virili
1340 3522 1743 3578 abstinebimus.

182 3612 333 3685 Surge
373 3616 676 3681 secretius,
706 3622 763 3670 et
800 3614 940 3684 quod
968 3614 1164 3668 videris
1201 3624 1325 3667 ante
1355 3615 1502 3666 aulas
1534 3613 1741 3682 palatii,

184 3706 310 3762 dices
335 3711 552 3765 ancillas
578 3719 701 3761 tuae.
720 3707 972 3776 Cumque’
987 3705 1325 3769 surrexisset,
1348 3706 1477 3758 vidit
1502 3706 1747 3759 similitu-

184 3795 340 3851 dinem
380 3800 679 3855 bestiarum
710 3795 738 3834 ι’
772 3794 968 3861 leonis,
998 3795 1270 3848 unicornis
1302 3803 1356 3848 et
1384 3795 1617 3864 leoprtrdi
1648 3796 1743 3850 de-

189 3889 585 3945 ambulantium.
603 3888 973 3958 Reversusque
995 3886 1132 3940 dixit
1154 3886 1362 3942 mulieri
1384 3902 1501 3957 qua:
1524 3887 1745 3944 viderat.

188 3974 308 4033 Dicit
339 3980 404 4035 ad
444 3995 575 4035 eum
619 3980 807 4033 mulier
852 3995 867 4033 :
914 3976 1136 4033 Domine
1181 3977 1273 4044 mi,
1307 3979 1443 4033 vade
1472 3979 1663 4042 denuo,
1696 3990 1751 4034 et

190 4072 312 4137 quod
341 4074 545 4129 videris
575 4087 727 4125 narra
758 4070 966 4124 ancillae
1010 4080 1133 4123 tute.
1166 4069 1257 4125 Ille
1295 4085 1422 4125 vero
1460 4085 1579 4124 cum
1621 4069 1750 4126 foris

191 4160 371 4219 abisset
390 4208 404 4230 ,
427 4164 568 4219 vidit
598 4163 795 4217 bestias
823 4164 1172 4217 similitudine
1205 4164 1313 4218 ursi
1343 4172 1397 4217 et
1432 4165 1535 4233 lupi
1566 4166 1743 4219 deam-

192 4250 434 4311 bulantes.
454 4257 691 4312 Narrans
726 4267 776 4309 et
815 4256 927 4309 hare
958 4254 1473 4323 mulieri,compellit
1496 4272 1616 4310 eum
1644 4266 1751 4311 ter-

194 4345 257 4397 tio
282 4357 333 4400 ut
359 4348 484 4414 iret,
518 4357 574 4400 et
599 4347 735 4415 quod
768 4346 979 4400 videbat
1009 4347 1294 4400 nuntiaret.
1325 4344 1565 4414 Cumque
1593 4349 1750 4402 tertio

195 4434 399 4505 exisset,
432 4439 576 4491 vidit
612 4437 807 4491 bestias
850 4438 1081 4490 minores
1124 4436 1466 4491 similitudine
1506 4439 1653 4492 canis
1698 4448 1751 4492 ct

1847 3234 1961 3303 ευ).

1920 3334 2055 3390 XIV.
2086 3335 2142 3389 In
2176 3334 2477 3404 Burgundia
2508 3336 2666 3390 nimia
2698 3338 2847 3392 famis
2876 3340 3153 3407 oppressio
3198 3341 3415 3398 advenit

1851 3428 2003 3501 (Cap.
2031 3427 2146 3499 24).
2170 3429 2412 3498 Cumque
2443 3431 2665 3498 populus
2694 3446 2721 3483 a
2755 3427 2894 3486 fame
2924 3432 3150 3488 diversis
3177 3436 3416 3504 regioni-

1850 3519 1948 3574 bus
1975 3521 2387 3591 dispergeretur,
2405 3535 2503 3575 nec
2523 3531 2662 3576 esset
2685 3523 2771 3589 qui
2800 3523 3101 3578 alimoniam
3126 3528 3415 3595 praeberet;

1850 3611 2090 3667 Edicius
2118 3612 2134 3649 ί
2166 3612 2378 3680 quidam
2410 3628 2476 3666 ex
2506 3613 2841 3667 senatoribus
2871 3631 3111 3684 magnam
3145 3626 3269 3673 tunc
3301 3607 3413 3675 rem

1850 3701 1902 3754 in
1946 3699 2055 3755 Deo
2108 3701 2296 3756 fecisse
2342 3702 2666 3769 perhibetur.
2703 3703 2843 3756 Misit
2887 3719 3079 3772 pueros
3122 3720 3249 3762 suos
3295 3723 3417 3765 cum

1850 3788 2115 3858 equitibus
2154 3791 2244 3861 [id
2273 3799 2347 3844 est
2374 3789 2555 3862 cquis]
2598 3801 2651 3845 et
2685 3792 2929 3852 plaustris
2960 3810 3053 3859 per
3081 3795 3277 3853 vicinas
3320 3800 3418 3858 sibi

1850 3880 2128 3946 civitates;
2164 3890 2221 3934 ut
2249 3896 2342 3935 eos
2368 3885 2455 3949 qui
2488 3882 2660 3949 inopia
2690 3888 3015 3938 vexabantur
3041 3886 3141 3940 sibi
3182 3889 3419 3946 adduce-

1852 3984 1989 4027 rent.
2018 3972 2252 4027 Cunctos
2279 3986 2539 4042 pauperes
2566 3986 2699 4041 quos
2728 3975 2965 4030 invenire
2995 3986 3294 4046 potuerunt,
3322 3982 3418 4037 ad-

1854 4068 2118 4120 duxerunt
2146 4063 2211 4119 ad
2239 4065 2456 4119 domum
2488 4067 2639 4133 ejus,
2670 4066 2846 4134 ibique
2875 4082 2967 4122 eos
3000 4079 3237 4139 tempore
3264 4075 3419 4128 steri.

1854 4161 2017 4214 litatis
2038 4174 2260 4229 pascens
2283 4175 2311 4212 a
2341 4160 2477 4213 fame
2506 4158 2768 4213 liberavit.
2788 4160 3122 4230 Fueruntque
3144 4164 3416 4235 plusquam

1854 4260 2083 4321 quatuor
2123 4251 2284 4305 millia
2306 4293 2320 4316 ,
2352 4264 2486 4320 quos
2517 4250 2650 4303 aluit
2680 4265 2845 4320 usque
2877 4260 3114 4320 tempore
3143 4254 3416 4314 ubertatis.

1856 4353 1977 4413 post
2004 4358 2228 4412 quorum
2260 4343 2548 4398 discessum
2579 4358 2681 4397 vox
2712 4359 2743 4397 e
2772 4345 2924 4399 cretis
2966 4347 3108 4414 lapsa
3151 4352 3419 4419 pervenit,

1856 4435 2037 4489 dicens
2065 4433 2277 4487 Edicio
2302 4451 2314 4487 :
2344 4433 2473 4500 Quia
2502 4431 2675 4487 fecisti
2708 4433 2844 4491 hanc
2872 4451 3007 4504 rem,
3030 4437 3119 4492 tibi
3151 4450 3202 4493 et
3232 4444 3422 4498 st-mini

196 4526 437 4585 minorum
472 4529 767 4584 bestiarum
799 4528 866 4581 ab
893 4528 1119 4583 invicem
1153 4530 1541 4583 detrahentium
1574 4539 1627 4584 et
1653 4544 1745 4582 vo-
1777 4519 1833 4579 D
1857 4536 1946 4580 tuo
1996 4526 2147 4594 panis
2192 4540 2294 4579 non
2342 4524 2598 4595 indigebit
2644 4525 2698 4579 in
2746 4529 3148 4596 sempiternum.
3183 4531 3423 4589 Aidicius

200 4612 483 4675 lutantium.
513 4620 751 4689 Cumque
784 4621 990 4673 Basintc
1023 4622 1135 4673 htec
1164 4620 1415 4674 universa
1458 4632 1745 4685 narrasset,

199 4704 505 4768 abstinentes
549 4726 608 4765 se
648 4721 795 4765 caste
838 4726 1007 4779 usque
1036 4710 1085 4763 itt
1117 4709 1439 4778 crastinum,
1471 4724 1749 4780 surgentes

262 4890 285 4917 ι
312 4883 417 4937 Non
442 4901 609 4939 unum
639 4896 719 4938 est
741 4884 896 4953 hujus
925 4886 1153 4937 nominis
1174 4886 1600 4955 castrum,vulgo
1623 4886 1745 4952 Bar,

204 4946 257 5022 de
280 4968 375 5019 quo
405 4956 493 5009 hic
532 4958 679 5008 locus
711 4946 929 5019 intelligi
957 4956 1288 5022 possit.Tam
1318 4946 1457 5009 enim
1488 4946 1653 5010 uarro
1678 4946 1743 5011 ad

208 5019 385 5094 ῥιδίιιιι,
410 5042 568 5094 quam
604 5026 764 5078 [latro
793 5027 856 5077 ad
887 5019 1182 5092 Seqttanam
1213 5038 1515 5094 competere
1550 5035 1741 5091 potest.

210 5085 400 5146 narrum
428 5085 609 5157 Ducis,
638 5096 775 5163 quod
810 5110 946 5147 nunc
972 5085 1179 5149 videtur
1206 5085 1416 5150 Cat-teris
1444 5085 1710 5151 celebrius
1728 5140 1743 5163 ,

208 5165 311 5214 tunc
352 5168 605 5235 temporis
645 5166 876 5218 nondum
917 5177 1277 5219 constructum
1310 5167 1472 5222 fuisse
1508 5168 1745 5221 Valesius

209 5240 352 5308 putat.
372 5240 432 5289 At
454 5254 576 5289 cum
608 5238 723 5303 pagi
758 5236 1029 5308 Barrensis
1056 5237 1340 5308 mentiosit
1370 5238 1436 5290 ab
1464 5240 1615 5292 annis
1636 5242 1746 5293 tere

219 5302 344 5355 inille
385 5311 432 5358 in
476 5302 794 5361 testamento
836 5303 1101 5359 Wolfaudi
1143 5306 1352 5359 comitis
1397 5322 1491 5374 pro
1532 5309 1744 5362 conditu

212 5379 486 5447 titanasterii
517 5376 686 5430 sancti
716 5376 985 5447 Michaelis
1016 5376 1068 5447 in
1098 5390 1225 5447 agro
1252 5377 1589 5447 Virdttnensi,
1613 5387 1667 5433 et
1694 5381 1746 5433 in

216 5438 312 5515 aliis
341 5445 445 5513 ejus
477 5447 576 5500 aevi
609 5446 983 5511 monumentis,
1014 5438 1184 5499 locum
1216 5446 1355 5501 hunc
1375 5445 1482 5515 jam
1514 5438 1636 5502 tunc
1666 5464 1755 5503 ce-

219 5504 389 5585 lebrem
418 5518 582 5571 fuisse
611 5516 939 5584 oportuit,ut
970 5504 1102 5583 pago
1127 5504 1428 5585 cognomini
1456 5533 1650 5573 nomen
1673 5521 1756 5572 in-

217 5573 397 5656 t'ljderit,
418 5589 503 5651 qui
532 5573 755 5655 proinde
778 5573 866 5656 hic
884 5573 1113 5653 potuerit
1134 5573 1421 5656 designari,
1440 5588 1562 5641 licet
1584 5591 1755 5643 serius

223 5641 411 5725 Burrum
434 5641 599 5710 lineis
628 5641 1049 5725 cognominatus.

280 5714 301 5753 δ
346 5723 466 5781 Istas
518 5714 754 5781 visionZ-s
809 5726 875 5781 ab
925 5726 1307 5793 interpolatore
1352 5726 1555 5781 additas
1608 5736 1756 5794 putat

1856 4622 2006 4675 mira:
2037 4620 2333 4675 velocitatis
2365 4620 2495 4683 fuit,
2527 4618 2765 4687 pluribus
2794 4620 2998 4676 victbus
3027 4624 3417 4683 multitudinem

1858 4710 2173 4767 GotLhorum
2204 4727 2323 4765 cum
2353 4710 2534 4781 paucis
2563 4711 2614 4763 in
2640 4709 2817 4779 fugam
2845 4714 3127 4770 convertit.
3160 4716 3369 4773 Evatrix
3393 4728 3419 4765 ε

1856 4885 2117 4959 Cointius.
2147 4886 2428 4959 At,_prout
2464 4884 2568 4954 jam
2613 4885 3013 4944 observavimus
3052 4888 3120 4943 ad
3166 4902 3321 4959 caput
3351 4892 3413 4958 9,

1858 4958 2149 5021 refragatur
2173 4957 2294 5009 cod.
2321 4956 2715 5010 Claromontani
2743 4962 3053 5013 auctoritas.

1930 5038 1951 5064 ο
1988 5026 2124 5081 Editi
2156 5026 2372 5093 aliquot,
2399 5026 2470 5077 al.
2508 5023 2763 5092 Tolosam,
2796 5030 2946 5083 falso.
2983 5029 3075 5082 Est
3100 5027 3239 5083 enim
3267 5034 3418 5087 vicus

1855 5098 2170 5167 Biturigum.
2196 5096 2332 5167 Eidc
2364 5106 2515 5149 notas
2543 5097 2608 5149 ad
2639 5097 2874 5167 Gregorii
2906 5099 2999 5151 lib.
3029 5114 3087 5163 tt,
3111 5112 3227 5166 cap.
3256 5101 3343 5157 18.

1924 5164 1949 5243 ξ¹
1990 5169 2162 5243 Editio
2192 5165 2373 5232 Freh.,
2408 5168 2460 5219 in
2488 5167 2617 5219 solo.
2648 5164 2805 5233 Bob},
2828 5168 2883 5221 in
2909 5170 3086 5221 solo...
3116 5164 3250 5236 capti
3274 5182 3423 5243 atque

1851 5238 2093 5291 subversi.

1928 5318 1952 5345 ο
1982 5308 2197 5380 Fallitur
2221 5304 2599 5380 Fredegarius;
2621 5320 2763 5380 nam,
2779 5314 2841 5380 ut
2863 5306 2971 5380 jam
2994 5306 3415 5380 observavimus,

1857 5393 1965 5451 non;
1990 5379 2233 5451 Euricus‘,
2262 5377 2353 5428 sed
2389 5375 2743 5451 Victoriusab
2763 5377 2971 5451 _Eurico
2997 5380 3248 5451 Arvernis
3279 5375 3417 5451 pne;

1858 5446 2357 5522 positusbasilicam
2383 5446 2549 5522 sancti
2578 5444 2795 5511 Juliaui,
2817 5462 2920 5522 non
2942 5449 3156 5522 quidem
3183 5444 3415 5522 Brivate,

1856 5518 1947 5573 sed
1979 5520 2030 5571 in
2063 5518 2171 5585 ipsa
2202 5515 2337 5569 urbe
2367 5516 2634 5579 Arverna,
2664 5531 2822 5584 quam
2856 5515 3014 5573 hodie
3044 5515 3433 5578 Claruutmoué

1858 5598 1960 5657 tein
1990 5587 2345 5657 appellamus,
2375 5586 2640 5657 columgis
2668 5587 2977 5657 adornavit,
3000 5604 3105 5645 non
3136 5595 3418 5649 exstruxit.

1932 5656 1951 5695 τ
1984 5659 2093 5725 AL,
2121 5656 2367 5721 Ecditins,
2390 5671 2483 5709 seu
2515 5654 2783 5711 xEdecs'us.

1930 5739 1955 5777 Β
1990 5729 2115 5795 ΕιΙ.,
2145 5727 2350 5782 Evarix.
2378 5726 2506 5782 Bob.
2533 5736 2586 5781 et
2615 5728 2714 5783 Cll.
2743 5729 2836 5799 al.,
2870 5727 3106 5803 Euagrus.
