4020 6194
593 289 698 345 585

1589 286 1648 341 S.
1687 280 2008 340 GRECORII
2050 279 2353 336 EPISCOPI
2381 276 2801 333 TURONENSIS

3733 278 3827 333 581

591 417 681 458 rex
704 401 1020 457 Gotthorum
1045 398 1307 454 excedens
1335 396 1568 466 Spanum
1598 397 1838 461 limitem,
1857 408 2071 466 gravem
2101 393 2154 447 in
2185 394 2234 452 Α
2261 389 2420 457 ligato
2449 388 2514 440 ad
2547 387 2742 440 collum
2792 385 2967 454 lapide
3013 387 3165 455 aquis
3206 388 3459 441 immersit
3479 407 3491 418 ο
3528 388 3670 443 duos
3699 388 3829 447 filios

588 491 776 547 Galliis
804 491 980 545 intulit
1006 489 1427 559 persecutionem
1457 485 1611 557 (Cap.
1633 486 1747 555 25).

660 583 774 638 XV.
794 582 1053 638 Defuncto
1073 578 1736 645 Cbilderico,Cblodoveus
1757 577 1993 647 ejusdem
2015 576 2153 631 filius

588 675 832 745 regnavit
858 689 955 743 pro
988 687 1053 726 eo
1082 673 1231 740 (Cap.
1262 670 1378 740 27).
1407 672 1562 722 Anno
1590 679 1764 723 autem
1794 670 1978 736 quinto
2004 667 2152 737 regni

586 765 705 836 ejus
731 764 984 835 Syagrius
1018 763 1371 816 Romanorum
1413 760 1662 837 patricius
1702 761 1839 826 apud
1882 760 2152 813 civitatem

588 859 829 913 Sexonas
854 866 877 893 α
899 898 913 921 ,
943 869 1097 925 quam
1128 853 1392 923 quondam
1424 860 1573 919 pater
1597 865 1723 903 suus
1755 860 1995 905 tenuerat
2014 888 2029 913 ,
2057 866 2154 904 se-

589 947 710 1003 dem
758 946 988 1001 habebat
1019 962 1032 999 :
1064 960 1225 1014 super
1250 958 1405 1012 quem
1434 941 1768 995 Chlodoveus
1793 956 1912 993 cum
1944 939 2152 1008 Ragna-

587 1037 771 1093 cbario
802 1039 1025 1097 irruens,
1054 1036 1304 1106 Syagrius
1332 1034 1525 1088 illisum
1556 1046 1783 1086 cernens
1814 1031 1974 1101 556
1999 1046 2154 1085 exer-

585 1132 749 1186 citum
775 1141 921 1200 terga
952 1130 1136 1193 vertit,
1166 1136 1221 1184 et
1247 1126 1313 1182 ad
1343 1126 1608 1180 Alaricum
1657 1139 1835 1193 regem
1866 1124 2150 1177 Tholosam

585 1238 741 1278 cursu
762 1223 925 1279 veloci
952 1222 1201 1291 perrexit.
1217 1220 1551 1275 Cblodoveus
1576 1219 1775 1285 legatos
1797 1216 1861 1270 ad
1886 1216 2150 1270 Alaricum

587 1316 780 1381 mittit,
807 1325 865 1370 ut
892 1331 1011 1370 eum
1042 1314 1309 1379 redderet,
1334 1312 1564 1378 alioquin
1596 1310 1796 1365 noverit
1828 1309 1925 1363 sibi
1956 1309 2149 1363 bellum

588 1406 800 1461 inferri.
832 1408 901 1459 At
929 1406 1020 1459 ille
1049 1413 1289 1457 metuens
1310 1446 1324 1468 ,
1354 1412 1410 1456 ut
1438 1401 1756 1456 Gotthorum
1798 1413 1993 1467 pavere
2036 1414 2152 1453 mus

583 1498 980 1569 est,Syagrium
998 1498 1227 1551 vim-tum
1248 1495 1434 1565 legatis
1467 1494 1699 1548 tradidit.
1734 1493 1899 1560 Quem
1920 1492 2151 1547 Chlodo-

585 1604 709 1642 veus
723 1588 980 1644 custodite
998 1586 1335 1655 mancipavit,
1354 1599 1624 1655 regnoque
1637 1585 1754 1652 ejus
1770 1593 2013 1650 accepto,
2029 1598 2149 1637 eum

583 1679 757 1749 gladio
772 1678 1036 1732 trucidare
1049 1675 1494 1749 [Boh.,truncare]
1512 1672 2147 1744 praecepitﬁhlodoveus,

2256 496 2439 534 eorum
2468 480 2646 550 gladio
2690 480 2998 544 trucidavit;
3032 480 3165 534 duas
3196 481 3330 535 tilias
3356 482 3549 535 exsilio
3579 484 3827 538 condem-

2258 572 2433 635 navit,
2462 587 2687 640 quarum
2730 572 2908 623 senior
2952 574 3167 624 nomine
3204 572 3531 626 Saedeleuba
3558 571 3611 638 ἀ,
3640 585 3827 629 mutata

2259 666 2430 721 veste,
2451 674 2511 712 se
2538 659 2643 711 Deo
2665 658 2897 721 devovit,
2911 659 3091 727 junior
3113 660 3502 715 Cbrotechildis
3528 665 3826 720 vocabatur.

2328 749 2509 802 XVIII.
2549 749 2710 802 Porro
2753 749 3085 804 Cltlodoveus
3124 753 3435 821 legationem
3488 753 3545 806 in
3603 754 3828 824 Burgmx-

2254 838 2397 891 diam
2424 839 2613 906 saepius
2638 844 2851 894 mittens
2869 841 3137 895 ambiebat
3157 844 3598 897 Cbrotechildem
3629 844 3767 912 (Ibid
3792 848 3826 911 l.

2256 931 2323 985 Et
2362 947 2483 985 cum
2526 947 2631 984 non
2670 942 2815 986 esset
2846 933 3041 986 licitum
3089 950 3203 987 eam
3251 935 3451 998 videre,
3492 934 3829 990 Chlodoveus

2254 1023 2645 1078 Aureliamth
2693 1026 2974 1093 quemdam
3021 1042 3085 1079 ex
3135 1027 3419 1091 Romanis,
3468 1030 3695 1097 ingenio
3736 1046 3825 1095 quo

2256 1124 2484 1181 poterat,
2510 1115 2575 1166 ad
2605 1113 3030 1170 Clu-otcchildem
3074 1120 3460 1187 praeiidendam
3506 1122 3728 1175 direxit.
3770 1127 3827 1173 At

2254 1204 2347 1258 ille
2378 1206 2476 1258 nisi
2502 1204 2757 1273 singu'us,
2788 1205 2853 1258 ad
2879 1207 3286 1261 instartncndici
3321 1224 3501 1275 peram
3530 1211 3596 1262 ad
3622 1211 3823 1263 dorsum

2255 1296 2429 1350 ferens
2456 1307 2601 1350 νωιθ
2624 1296 2869 1360 deformi,
2898 1298 3001 1351 illis
3023 1300 3253 1362 perrexit
3286 1303 3548 1365 partibus,
3581 1302 3824 1355 annulum

2254 1386 2562 1451 Chlodovei,
2590 1403 2695 1456 quo
2720 1389 2765 1439 ei
2799 1391 2970 1456 potius
3000 1390 3334 1456 crederetur,
3367 1406 3552 1445 secum
3598 1404 3821 1460 portans.

2252 1476 2488 1545 Cumque
2517 1477 2580 1530 ad
2611 1478 2830 1532 Januam
2849 1478 3115 1531 civitatem
3145 1477 3161 1515 ῐ
3191 1481 3275 1531 ubi
3300 1481 3698 1535 (Ihrotechildis
3716 1498 3821 1534 cmn

2252 1582 2501 1637 germana
2533 1568 2863 1623 Saedelenba
2889 1570 3131 1634 sedebat,
3158 1572 3419 1635 venisset,
3451 1583 3505 1625 et
3530 1573 3637 1627 illae
3663 1574 3822 1639 h05pi-

2258 1659 2458 1713 talitate
2476 1661 2781 1728 peregrinos
2819 1670 3081 1714 sectantes
3106 1676 3224 1715 eum
3255 1677 3412 1715 causa
3437 1666 3705 1716 mercedis
3726 1679 3824 1717 sus-

584 1786 649 1825 eo
665 1770 802 1840 quod
822 1779 961 1825 esset
981 1765 1535 1839 fanaticus,;ecclesias
1567 1764 1861 1834 depraedari
1891 1763 2151 1833 permisit.
2182 1764 2231 1823 Β
2258 1752 2543 1818 cepissem.
2576 1762 2629 1807 ει
2655 1752 2813 1821 [mdes
2842 1752 2957 1821 (³5118
2984 1752 3371 1808 Cbrolechildis
3401 1756 3629 1819 lavaret.
3665 1759 3816 1809 Aure-

658 1860 795 1915 XVI.
830 1862 986 1929 Igitur
1011 1860 1077 1913 de
1120 1859 1345 1913 ecclesia
1386 1857 1709 1911 Remicianae
1746 1855 1895 1909 urbis
1938 1869 2152 1908 urceum

584 1967 831 2021 magnum
878 1950 1045 2004 bustis
1084 1949 1373 2003 abstuli-rat
1418 1963 1537 2002 cum
1587 1947 1804 2014 reliquis
1843 1944 2155 1999 ministeriis

584 2041 790 2113 (Ibid.).
823 2042 1053 2095 Sanctus
1098 2054 1161 2092 ac
1210 2037 1529 2106 apostolicus
1587 2034 1869 2089 Remedius
1916 2032 2155 2103 pontifex

587 2133 827 2203 ejusdem
860 2132 1008 2187 urbis
1036 2131 1101 2184 ad
1134 2129 1494 2185 Cblodoveum
1528 2127 1746 2181 veniens
1776 2125 2046 2195 postulans
2066 2164 2082 2189 ,
2108 2122 2155 2177 si

591 2222 734 2278 aliud
765 2222 833 2277 de
863 2220 1029 2275 sacris
1055 2219 1195 2273 vasis
1222 2219 1456 2286 recipere
1486 2232 1591 2271 non
1624 2227 1936 2277 mereretur,
1964 2214 2155 2269 saltem

588 2313 671 2367 vel
700 2327 915 2366 urceum
946 2311 1095 2365 illum
1124 2310 1405 2377 reciperet.
1424 2309 1658 2361 Audiens
1680 2323 1773 2361 rex
1802 2306 1933 2360 dixit
1961 2324 1975 2360 :
2006 2306 2155 2361 Mitte

586 2404 826 2457 nuntium
875 2415 1045 2469 usque
1091 2398 1423 2458 Sucssionas,
1455 2397 1527 2452 ibi
1569 2412 1688 2466 quae
1732 2396 1985 2464 acquisita
2033 2403 2157 2450 sunt

588 2492 881 2547 dividenda
912 2498 1099 2545 erunt.
1126 2488 1181 2545 Si
1215 2488 1343 2541 mihi
1377 2488 1503 2541 illttd
1537 2502 1654 2542 sors
1679 2487 1915 2547 dederit.
1945 2488 2157 2555 petitio-

589 2600 711 2640 nem
744 2593 883 2637 tuam
914 2581 1166 2649 implebo.
1195 2578 1328 2635 Cum
1362 2579 1538 2645 praeda
1581 2578 1633 2631 in
1666 2577 1840 2631 medio
1869 2576 2154 2631 dividenda

590 2682 898 2745 poneretur,
929 2671 1003 2726 ait
1048 2685 1140 2726 rex
1186 2686 1202 2724 :
1250 2669 1397 2738 Rogo
1426 2676 1482 2721 ut
1509 2667 1697 2721 saltem
1739 2666 1863 2721 mihi
1894 2680 1987 2719 vas
2016 2666 2156 2720 istud

588 2776 738 2822 extra
767 2774 970 2835 partem
998 2762 1325 2819 concedatis.
1356 2762 1477 2816 llaec
1505 2775 1628 2832 rege
1658 2760 1900 2825 dicente,
1928 2774 2154 2829 respon-

589 2860 717 2913 dent
747 2854 942 2912 Franci
971 2871 986 2909 :
1019 2854 1264 2911 Gloriose
1290 2868 1407 2918 rex,
1436 2868 1554 2923 qua:
1584 2851 1852 2907 cernimus
1882 2860 1967 2907 tua
1998 2861 2149 2920 sunt;

589 2952 680 3006 sed
705 2959 761 3007 et
786 2964 884 3005 nos
911 2948 987 3004 tui
1014 2962 1229 3015 sumus,
1256 2946 1497 3010 domine,
1528 2945 1667 3013 quod
1700 2942 1792 2999 tibi
1824 2944 2022 3013 placet,
2052 2945 2152 2999 lac.

592 3046 741 3101 Tunc
772 3058 910 3099 unus
936 3042 1106 3106 levis,
1137 3040 1348 3094 invidus
1376 3049 1429 3093 et
1458 3038 1657 3103 facilis,
1684 3051 1813 3092 voce
1842 3051 2030 3105 magna
2061 3052 2152 3091 ur-

2258 1845 2428 1899 lianus
2469 1846 2632 1900 verbo
2660 1856 2865 1899 secreto
2899 1846 3158 1901 inclinans
3198 1845 3265 1899 ad
3312 1862 3452 1914 eam,
3507 1848 3643 1901 dixit
3678 1867 3692 1902 :
3725 1848 3821 1900 Do-

2258 1920 2397 1991 mina
2430 1938 2524 1998 mi,
2563 1938 2761 2007 grande
2814 1940 3027 1992 verbum
3076 1938 3169 1991 tibi
3226 1944 3570 1994 nuntiaturus
3622 1956 3753 1999 sum.
3780 1940 3819 1994 si

2256 2026 2433 2081 locum
2514 2028 2642 2082 dare
2701 2028 2937 2097 dignaris
2973 2068 2989 2092 ,
3057 2028 3146 2081 ubi
3217 2030 3475 2083 secretius
3532 2046 3814 2100 suggeram.

2256 2118 2347 2172 Illa
2392 2133 2652 2181 annuens,
2713 2118 2882 2187 inquit
2928 2135 2942 2172 :
3008 2118 3244 2184 Loquere
3271 2128 3321 2172 Β.
3370 2119 3620 2186 Dixitque
3656 2126 3810 2173 Aure-

2258 2209 2432 2263 lianus
2458 2227 2472 2262 :
2496 2210 2833 2265 Cblodoveus
2859 2225 2951 2264 rex
2979 2209 3301 2264 Francorum
3337 2226 3419 2265 me
3447 2211 3640 2264 αἰτιιιιι
3665 2212 3725 2264 ad
3744 2221 3811 2273 te;

2254 2298 2299 2351 si
2328 2299 2572 2352 Voluntas
2600 2298 2692 2352 Dei
2725 2298 2903 2363 fuerit,
2932 2310 2983 2353 te
3013 2300 3124 2353 vult
3147 2301 3211 2352 ad
3241 2300 3492 2355 culminis
3523 2303 3601 2353 sui
3625 2302 3812 2356 sociare

2254 2392 2577 2462 coniugium.
2612 2391 2674 2447 Ut
2708 2407 2851 2445 certa
2884 2391 2997 2457 tias,
3030 2390 3169 2443 hunc
3194 2392 3450 2447 annulum
3484 2394 3573 2447 tibi
3613 2394 3810 2446 direxit.

2254 2479 2421 2547 Quem
2454 2483 2541 2534 illa
2572 2482 2857 2551 accipiens,
2892 2484 3070 2551 gavisa
3102 2492 3183 2538 est
3212 2484 3404 2552 gaudio
3428 2498 3631 2551 magno.
3658 2483 3813 2536 Dixit-

2253 2588 2357 2643 que
2385 2575 2449 2626 ad
2478 2588 2626 2629 eum.
2681 2575 2878 2639 Accipe
2906 2584 3117 2629 centum
3159 2575 3361 2629 solidos
3391 2591 3485 2644 pro
3517 2574 3696 2628 labaris
3735 2573 3802 2627 tui

2254 2678 2495 2728 munere,
2520 2673 2573 2717 rt
2599 2671 2848 2718 annulum
2872 2665 3014 2719 hunc
3035 2682 3228 2720 meum.
3251 2668 3530 2721 Festinans
3550 2674 3807 2721 revertere

2254 2754 2320 2809 ad
2346 2756 2618 2810 dominum
2652 2767 2819 2823 tuum,
2847 2768 2899 2813 et
2942 2758 3027 2813 die
3054 2759 3103 2813 ei
3147 2775 3161 2813 :
3189 2758 3243 2814 Si
3282 2774 3366 2814 me
3396 2762 3510 2814 volt
3538 2760 3796 2811 matrimo-

2253 2844 2343 2899 nio
2371 2845 2596 2910 sociare,
2626 2849 2870 2915 protinus
2902 2862 2993 2917 per
3022 2849 3221 2917 legatos
3247 2865 3275 2903 a
3310 2858 3505 2917 patruo
3533 2866 3645 2904 meo
3678 2847 3806 2900 Gun-

2254 2936 2462 2993 dobado
2481 2938 2803 3008 postuletur.
2838 2940 3013 3007 Legati
3043 2938 3203 3011 558
3230 2940 3320 3008 qui
3361 2942 3592 3004 venient,
3615 2940 3804 2992 obtenta

2254 3030 2318 3082 ad
2352 3044 2587 3098 praesens
2615 3031 2862 3086 ﬁrmitate
2878 3028 2928 3095 ιι,
2960 3033 3204 3098 placitum
3231 3034 3330 3087 sub
3366 3034 3637 3087 celeritate
3672 3029 3805 3083 insti-

590 3154 744 3193 ceum
775 3136 1001 3204 impulit,
1030 3134 1212 3188 dicens
1240 3150 1253 3186 :
1285 3132 1423 3187 Nihil
1452 3131 1573 3186 hinc
1601 3130 1852 3200 accipies,
1884 3130 1984 3184 nisi
2012 3130 2153 3200 quod
2181 3122 2231 3188 C
2258 3128 2427 3175 tuant.
2459 3121 2566 3175 Nisi
2594 3121 2661 3175 ad
2693 3122 3067 3191 perliciendum
3116 3122 3383 3190 festinent,
3414 3125 3583 3179 Aridii
3613 3122 3629 3161 ί
3656 3120 3809 3191 cujus-

592 3230 684 3282 Iihi
715 3242 832 3282 sors
858 3242 980 3280 vera
1015 3225 1255 3294 largitur.
1284 3224 1395 3278 Rex
1441 3223 1691 3291 injuriam
1735 3223 1870 3278 hanc
1897 3224 2153 3292 patientia

592 3318 796 3375 lenivit.
826 3317 983 3373 Sorte
1012 3316 1202 3385 posita,
1228 3323 1502 3383 acceptum
1531 3329 1748 3369 urceum
1779 3314 1936 3369 beato
1969 3314 2159 3369 Reme-

591 3411 679 3465 dio
711 3407 1022 3471 transmisit,
1057 3420 1277 3461 servans
1304 3405 1539 3460 abditum
1571 3404 1673 3463 sub
1702 3415 1919 3473 pectore
1944 3406 2154 3459 vulnus.

592 3500 862 3556 Kalendas
889 3496 1103 3552 Martias
1127 3494 1289 3566 jussit
1317 3509 1503 3551 omnes
1527 3502 1849 3550 armatorum
1874 3495 2159 3566 phalanges

593 3611 652 3651 se
687 3604 1000 3649 ostensnros
1028 3591 1230 3645 venire.
1264 3589 1362 3645 Ubi
1388 3597 1610 3645 cunctos
1639 3588 1894 3644 circuibat
1924 3588 2067 3643 venit
2089 3588 2159 3644 ad

592 3686 739 3741 urcei
774 3696 1138 3754 percussorem
1160 3722 1176 3747 ,
1206 3681 1389 3737 dicens
1418 3681 1485 3735 ad
1512 3696 1635 3737 eum
1671 3698 1684 3734 :
1718 3680 1920 3735 Inculta
1950 3688 2037 3735 est
2065 3695 2157 3735 ar-

593 3784 797 3831 matura
830 3782 917 3828 tua
936 3812 951 3838 ,
983 3786 1156 3842 neque
1195 3773 1394 3827 securis
1422 3780 1507 3828 est
1532 3772 1692 3826 utilis.
1723 3770 2158 3842 Apprebensam-

589 3879 693 3935 que
714 3879 956 3920 securem
982 3862 1098 3933 ejus
1126 3872 1281 3918 terra:
1309 3863 1520 3932 dejecit.
1546 3864 1609 3916 Et
1630 3862 1720 3917 ille
1743 3878 1863 3917 cum
1892 3864 2157 3932 paululum

598 3955 885 4011 inclinatus
914 3955 1128 4021 fuisset,
1157 3970 1248 4009 rex
1277 3954 1497 4011 elevatis
1521 3955 1764 4009 manibus
1790 3970 1979 4011 secure
2003 3964 2161 4023 caput

591 4044 709 4115 ejus
728 4045 946 4101 defixit:
970 4045 1082 4111 Sic,
1100 4045 1290 4115 inquit,
1306 4055 1360 4098 et
1382 4053 1435 4098 tu
1460 4044 1759 4100 Suessionis
1785 4060 1945 4100 urceo
1966 4045 2156 4114 fecisti,

590 4151 839 4207 magnum
878 4135 979 4191 sibi
1021 4151 1115 4206 per
1153 4136 1287 4190 hanc
1323 4151 1535 4190 causam
1569 4138 1811 4193 timorem
1841 4146 2084 4194 statuens
2106 4137 2157 4193 δ.

663 4226 825 4282 XVII.
856 4226 976 4281 Fuit
1006 4228 1164 4297 igitur
1195 4224 1538 4281 Gundiochus
1586 4243 1680 4283 rex
1726 4228 2155 4298 Burgundionum

591 4332 660 4374 ex
706 4332 903 4386 genere
930 4317 1234 4373 Athanarici
1258 4317 1416 4388 557
1448 4319 1585 4387 regis
1614 4318 1965 4387 persecutoris
1993 4318 2155 4390 (Cap.

588 4408 706 4480 9.8).
734 4409 866 4465 Iluic
895 4410 1104 4465 fuerunt
1128 4422 1352 4479 quatuor
1381 4410 1495 4476 lilii,
1524 4408 1905 4477 Gundobadus,
1934 4421 1957 4450 ε
1981 4411 2157 4468 Gode-

2257 3213 2376 3268 darn
2420 3216 2671 3281 sapientis
2700 3219 2767 3270 de
2795 3215 3250 3286 Constantinopoli
3280 3217 3572 3272 adventum
3618 3228 3803 3277 vereor,

2256 3304 2408 3374 cujus
2438 3306 2682 3371 consilio,
2713 3306 2758 3359 si
2791 3306 2934 3374 prius
2965 3307 3190 3371 venerit,
3226 3306 3342 3361 haec
3370 3309 3553 3361 omnia
3596 3306 3799 3373 dissipa-

2258 3396 2469 3450 buntur.
2504 3397 2819 3452 Aurelianus
2847 3403 3035 3453 eodem
3062 3398 3244 3453 habitu
3268 3414 3373 3466 quo
3400 3407 3642 3463 venerat,
3666 3395 3803 3450 rediit

2239 3488 2323 3541 ‘ad
2357 3488 2594 3556 propria.
2643 3489 2771 3543 Cum
2814 3492 2923 3557 jam
2976 3504 3138 3560 prope
3185 3490 3574 3546 Aurelianense
3618 3485 3803 3541 territa-

2258 3581 2419 3646 rium,
2467 3597 2565 3637 nec
2597 3584 2775 3650 procul
2822 3597 2851 3636 a
2881 3583 3041 3635 domo
3082 3598 3247 3652 prape
3272 3584 3612 3645 accessisset,
3639 3590 3801 3648 quem-

2257 3673 2381 3728 dam
2409 3689 2691 3743 pauperem
2736 3674 3032 3729 mendicum
3064 3675 3112 3727 in
3146 3673 3228 3728 via
3273 3687 3457 3728 secum
3500 3671 3692 3728 itineris
3730 3681 3804 3720 so-

2258 3768 2396 3821 cium
2425 3766 2653 3822 habebat
2676 3766 2723 3832 i,
2752 3781 2869 3820 cum
2896 3765 3005 3835 jam
3034 3780 3257 3820 securus
3287 3764 3608 3818 Aurelianus
3636 3770 3804 3826 sopore

2258 3863 2543 3930 depressus
2564 3868 2736 3925 esset,
2765 3874 2793 3913 a
2817 3861 3016 3929 collega
3043 3873 3141 3912 suo
3173 3871 3298 3927 pera
3323 3872 3446 3911 cum
3484 3856 3661 3911 solidis
3679 3851 3803 3919 ejus-

2258 3955 2378 4008 dem
2410 3950 2634 4006 iuratur.
2664 3951 2949 4019 Cumqnea
2980 3963 3168 4003 somno
3191 3946 3598 4016 expergefactus
3619 3942 3800 4001 fuisset,

2260 4058 2491 4100 maerore
2516 4044 2700 4112 plenus
2728 4055 2885 4095 cursu
2915 4039 3084 4093 veloci
3114 4038 3348 4106 perrexit
3376 4038 3439 4091 ad
3477 4034 3698 4106 propria,
3733 4027 3803 4082 di-

2260 4138 2542 4206 rigensque
2572 4147 2765 4203 pueros
2792 4131 2855 4185 ad
2888 4130 3258 4199 inquirendum
3291 4128 3593 4182 mendicum
3623 4121 3701 4193 qui
3726 4133 3803 4187 pe-

2259 4241 2374 4282 ram
2413 4225 2532 4296 ejus
2578 4224 2838 4292 portabat.
2888 4224 3053 4288 Quem
3097 4217 3491 4288 apprehensum
3546 4212 3802 4272 Aureliano

2261 4326 2606 4391 praesentant.
2653 4329 2880 4384 eumque
2912 4315 3116 4368 fortiter
3146 4312 3323 4365 triduo
3353 4326 3549 4365 caesum
3592 4299 3801 4378 permisit

2264 4412 2342 4466 ire
2370 4407 2689 4463 mendicum.
2725 4403 2969 4456 Protinus
3017 4402 3335 4455 Aurelianus
3366 4400 3669 4454 CItIod0veo
3709 4391 3799 4459 regi

589 4500 806 4571 giselus,
825 4499 1160 4569 Chilpericus
1181 4512 1232 4555 et
1257 4499 1609 4556 Godemarus.
1631 4501 1990 4556 Gundobadus
2008 4504 2157 4559 Chil-
2188 4488 2237 4546 Ῑ)
2265 4517 2359 4571 per
2384 4499 2583 4567 singula
2612 4510 2834 4549 narrans
2858 4496 3276 4559 successionem,
3308 4492 3669 4562 suggestiont-s
3689 4499 3801 4537 mur

592 4591 828 4661 pericum
852 4592 1067 4645 fratrem
1095 4606 1248 4647 suum
1280 4591 1546 4647 interfecit
1569 4592 1775 4661 gladio;
1802 4608 2017 4650 uxorem
2040 4596 2158 4665 ejus

662 4758 687 4785 η
717 4745 921 4806 Canis..
947 4746 1227 4801 Santonus.
1258 4744 1361 4799 Sed
1391 4754 1599 4799 constat
1627 4745 1939 4802 Suessionas
1973 4751 2156 4805 urbem

589 4819 676 4876 hic
724 4817 1011 4887 designari,
1047 4832 1165 4882 qua:
1208 4818 1257 4869 in
1306 4816 1834 4887 veteribusscriptis
1883 4819 2155 4886 Senonas,

590 4884 965 4953 Sexonashut
992 4888 1228 4940 Saxonas
1255 4886 1412 4952 vulgo
1440 4884 1709 4940 scribitur.

661 4961 687 4999 δ
713 4962 909 5016 Chesn.
951 4972 1003 5011 et
1050 4957 1230 5018 Freh.,
1264 4957 1491 5009 timorem
1540 4957 1676 5026 fecit.
1720 4957 1924 5020 Canis.,
1951 4976 2155 5013 causam

593 5033 785 5088 Franci
812 5033 1041 5083 timorem
1070 5036 1369 5080 statuerunt.

666 5115 687 5143 ε
716 5103 836 5167 Alii,
869 5100 1230 5161 Gundebadus,
1249 5096 1659 5169 Gunthegiseius,
1684 5100 2002 5154 Gotemarus.
2028 5100 2151 5154 Mss.

588 5174 730 5229 Clar.
781 5185 831 5228 et
867 5174 996 5226 Bob.
1041 5169 1319 5224 lectionem
1365 5172 1697 5234 retiuuimus,
1744 5182 1798 5225 et
1839 5170 1915 5223 sic
1944 5185 2157 5237 semper

591 5247 739 5301 infra.

655 5313 862 5367 dChes.
913 5314 1007 5377 nl.,
1063 5311 1287 5371 Chrona.
1330 5318 1385 5363 et
1429 5309 1559 5364 infra
1608 5309 1938 5363 Chrothildis.
1986 5311 2144 5373 Βοὴ..

592 5384 976 5439 Cltrotechildis.
1016 5382 1149 5435 Vide
1180 5392 1328 5435 rotas
1358 5384 1407 5433 in
1433 5381 1765 5443 Gregorium.

582 5517 590 5524 ,
669 5454 1035 5524 θνΑιιτρΙιειιιιε
1061 5453 1321 5524 Patricfuis
1351 5466 1672 5524 memoratur
1683 5466 1717 5524 _a
1741 5449 2108 5524 Gregorio‘lih.
2141 5466 2157 5503 ι

594 5524 663 5579 de
690 5523 867 5577 Gloria
898 5534 1055 5576 tnart.
1089 5538 1211 5589 cap.
1242 5522 1330 5574 77.
1369 5523 1470 5575 Sed
1495 5522 1628 5573 hanc
1663 5520 1729 5572 de
1761 5533 1826 5573 eo
1856 5521 2155 5574 ntendicum

594 5598 875 5649 simulante
906 5591 1263 5645 narrationem
1292 5592 1427 5644 inter
1459 5591 1657 5642 fabulas
1685 5600 1995 5653 computant
2033 5605 2155 5645 cum

597 5666 811 5720 Valcsio
861 5663 956 5715 viri
995 5662 1227 5723 eruditi;
1276 5676 1432 5727 quam
1476 5673 1649 5711 tamen
1700 5660 1893 5711 habent
1943 5658 2153 5720 Ilo-.ico,

595 5739 926 5803 Anonyntus,
972 5730 1268 5796 Aimoinus,
1298 5742 1479 5783 auctor
1523 5729 1650 5782 Viue
1677 5738 1875 5781 sant-tte
1898 5728 2156 5782 Chlntlnl-

2260 4596 2357 4649 tiat
2400 4591 2450 4646 κ.
2499 4590 2649 4658 Quod
2700 4601 2821 4640 cum
2861 4584 3165 4639 (lhlodovco
3210 4584 3409 4638 utilitas
3455 4593 3509 4640 et
3555 4578 3798 4635 consilium

2258 4747 2362 4812 dis,
2387 4754 2441 4799 et
2480 4742 2566 4796 alii
2597 4740 2813 4809 passim.
2836 4738 3133 4812 Gregorius
3157 4753 3305 4812 vero.
3340 4738 3432 4792 lib.
3464 4754 3499 4790 ιι
3545 4735 3791 4812 11ίςςι.ι·ειιιζ

2256 4795 2691 4879 §§,,Iegation'ettt
2720 4825 2748 4861 a
2790 4795 3092 4862 (Ihlodiiveo
3120 4795 3338 4862 missam
3387 4815 3635 4860 memorat
3675 4795 3793 4852 :scd

2260 4887 2387 4941 nihil
2412 4889 2478 4939 de
2510 4886 2605 4935 hac
2629 4896 2683 4933 re
2714 4880 2889 4931 habet.

2337 4954 2356 4993 ί
2384 4955 2471 5008 Sic
2494 4954 2659 5012 Clar.,
2678 4964 2779 5001 non
2807 4963 2930 5002 vero
2955 4949 3166 5013 ianuam
3189 4947 3425 5009 civitatis,
3444 4956 3499 4999 ut
3520 4938 3789 5013 Bolt.,l‘.att.

2262 5035 2317 5080 et
2344 5005 2540 5086 Ἑξείης
2571 5005 2658 5074 est
2695 5022 2888 5087 quippe
2917 5005 3139 5078 Genava,
3188 5033 3342 5085 quam
3391 5005 3591 5071 veteres
3613 5005 3790 5063 Jauubd

2264 5097 2585 5150 scribebant.
2610 5092 2769 5144 Ches.
2782 5133 2796 5156 ,
2827 5088 3103 5141 Genavam.
3672 5149 3697 5158 η

2339 5174 2363 5212 s
2379 5165 2522 5217 Clar.
2548 5162 2703 5225 Buh.,
2727 5149 2959 5217 et'Can"
2974 5171 3202 5209 annuens
3222 5158 3367 5211 verbo
3393 5166 3574 5209 secreto
3588 5149 3789 5204 audiens,

2266 5236 2508 5297 dixitque.

2339 5304 2363 5342 δ
2398 5296 2550 5361 ΒοΙι..
2583 5301 2752 5354 οὺιαιιι
2783 5301 2849 5350 ad
2878 5312 3097 5367 praesens
3127 5296 3344 5357 ﬁrment.

2342 5374 2356 5413 ί
2391 5376 2548 5437 Etliti,
2580 5372 2772 5425 Atedii.
2821 5365 2893 5425 Ile
2946 5374 3044 5420 hoc
3089 5366 3207 5419 vide
3252 5369 3473 5435 Gri-ger.
3514 5365 3596 5418 lib.
3630 5374 3661 5412 ll
3687 5365 3786 5418 cap.

2264 5446 2352 5500 ὅδὲ.
2377 5460 2479 5499 e'c.

2522 5555 2537 5575 ,
2566 5512 2758 5564 habuit.
2809 5511 2885 5563 Ch
2921 5526 3028 5571 sn.,
3079 5512 3286 5578 quidam
3336 5521 3525 5581 pauper
3565 5494 3787 5581 ηιςηάξίξξξ

2262 5604 2405 5655 quem
2434 5587 2485 5638 in
2525 5570 2675 5636 ria...
2708 5570 3025 5635 Imbuera'...
3052 5570 3260 5653 collega:
3306 5570 3397 5634 suo
3426 5570 3587 5648 peram
3614 5570 3787 5638 furum

2263 5674 2289 5709 ε
2318 5670 2356 5765 li:
2387 5726 2535 5794 Apud
2566 5723 2723 5778 Fteh.
2775 5722 2924 5776 dccst
2968 5723 3349 5776 successionem.
3398 5718 3551 5775 Clar.,
3597 5710 3783 5762 narrans
