4020 6194
144 258 232 311 585

1136 252 1455 309 HISTORIA
1492 251 1919 308 FRANCOBUM
1962 250 2377 306 EPITOMATA.

3284 256 3392 308 586

145 369 509 426 Chrotechildis
543 368 841 436 placitfsset,
872 369 1075 437 legatos
1104 366 1169 421 ad
1196 366 1585 422 Gundob‘adum
1609 364 1694 420 di-
1721 369 1767 425 Α
1797 364 2073 433 ipsamque
2106 365 2157 417 in
2188 366 2586 417 matrimonium
2616 362 2952 417 Cltlodovens
2977 364 3200 432 accepit,
3226 378 3389 428 quam

145 464 268 532 rigit,
284 469 464 527 petens
487 458 986 514 utChrotecbildem
1009 466 1219 526 neptem
1241 472 1393 512 suam
1422 457 1471 511 ei
1494 457 1546 509 in
1568 471 1698 510 cou-

145 552 317 620 jugium
346 548 651 604 soeiandam
683 548 935 602 traderet.
969 546 1125 613 Quod
1165 546 1256 600 iHe
1285 545 1552 614 denegare
1579 559 1695 599 me-

146 658 294 708 tuens,
332 654 383 698 et
427 658 652 709 sperans
692 642 983 697 amicitiam
1029 656 1151 696 cum
1190 641 1497 696 Chlodoveo
1538 642 1694 704 inire.

144 751 241 790 eam
281 748 337 788 se
361 731 611 787 daturum
655 731 889 801 spondit.
924 732 1105 801 Legati
1135 729 1424 785 oli‘erentes
1462 729 1697 784 solidum

145 835 191 879 et
212 826 504 887 denarium,
539 831 596 877 ut
622 837 737 877 mos
775 830 894 878 erat
921 822 1269 885 Francorum,
1308 835 1426 875 eam
1458 819 1697 889 partibus

145 916 407 971 Chlodovei
428 922 689 984 sponsant
711 922 760 978 ι,
791 914 1039 982 placitum
1066 912 1130 966 ad
1170 925 1408 980 prmsens
1432 919 1695 979 petentes,

148 1019 193 1060 ut
227 1007 386 1076 ipsam
426 1006 494 1059 ad
527 1004 827 1073 conjugium
875 1002 1112 1057 traderet
1156 999 1488 1056 Cblodoveo.
1543 998 1699 1053 Nulla

145 1105 293 1152 Stante
322 1111 495 1163 mura,
527 1095 660 1149 inito
681 1095 873 1163 placito
901 1093 1178 1147 Cabillono
1200 1090 1250 1156 δ,
1278 1091 1472 1159 nuptiae
1499 1104 1700 1158 pra-pa-

147 1198 325 1241 rantur.
352 1185 643 1240 Venientes
670 1199 790 1239 cum
827 1183 1099 1239 celeritate
1128 1181 1318 1237 Franci
1362 1179 1699 1235 Chrotechil-

148 1278 249 1332 dem
275 1294 300 1331 a
320 1278 651 1331 Gundobado
677 1283 950 1343 acceptant
981 1274 1221 1329 levantes
1248 1272 1299 1327 in
1328 1271 1695 1335 basternam',

147 1386 250 1425 cum
277 1370 449 1424 multis
473 1368 746 1423 thesauris
762 1367 827 1421 ad
856 1366 1224 1422 Chlodoveum
1255 1363 1511 1432 dirigunt.
1532 1362 1701 1416 Chro-

150 1462 367 1516 techildis
423 1477 547 1515 cum
598 1459 708 1529 jam
769 1459 1121 1527 comperisset
1187 1458 1473 1511 adventum
1533 1454 1700 1508 Aridii

150 1553 442 1608 revertentis
479 1556 550 1606 ab
573 1550 821 1618 imperio,
852 1550 983 1603 dixit
1012 1550 1077 1603 ad
1100 1549 1340 1603 seniores
1365 1547 1527 1618 559
1545 1544 1703 1599 Fran-

149 1658 223 1696 cos
247 1664 258 1695 ;
282 1644 332 1696 Si
362 1642 526 1695 vultis
572 1656 659 1694 ine
687 1641 900 1695 domino
922 1648 1101 1694 vestro
1123 1646 1446 1706 praesentare
1465 1676 1479 1701 ,
1520 1650 1699 1690 remo-

1798 453 1943 507 cultu
1976 453 2139 520 regali
2188 452 2425 520 perfecto
2454 453 2640 507 dilexit
2671 470 2855 507 amore
2888 452 3078 522 (lout,
3126 472 3241 525 cap.
3273 456 3388 523 29).

1799 546 2038 599 Habebat
2085 545 2197 613 jam
2260 556 2386 600 tunc
2434 545 2775 601 Cblodoveus
2844 546 3010 599 lilium
3070 549 3139 602 de
3187 562 3393 603 concu-

1798 637 1942 703 bina,
1964 637 2179 691 nomine
2192 636 2605 692 Theodericum.
2622 638 3019 692 Chrotecltildis
3035 653 3158 693 cum
3180 640 3391 708 primo-

1797 728 2033 797 genitum
2049 727 2214 781 lilium
2231 726 2522 791 habuisset,
2544 727 2707 797 560
2724 742 2884 796 quem
2912 728 3176 796 baptismo
3192 743 3386 783 conse-

1798 832 1954 874 crare
1982 819 2161 883 vellet,
2201 819 2375 872 virum
2403 818 2620 872 assidue
2667 818 2897 872 suadens
2927 818 3282 873 christianum
3309 819 3389 874 ef-
3452 808 3459 817 ’

1801 910 1961 965 licere
2016 909 2036 947 ί
2090 909 2395 964 nullatenus
2444 909 2509 962 ad
2564 909 2950 964 consiLandum
3004 912 3141 979 regis
3180 910 3392 964 animus

1802 1003 2146 1067 movebatur,
2202 1002 2387 1057 dicens
2442 1018 2454 1053 :
2515 1000 2742 1054 Deorum
2793 1011 3097 1055 nostrorum
3148 1002 3391 1070 jussioue

1800 1104 1990 1147 cuncta
2022 1103 2293 1157 creantur,
2325 1092 2469 1147 Deus
2502 1099 2681 1146 vester
2722 1091 2850 1146 nihil
2880 1107 3039 1161 posse
3082 1093 3393 1146 manifesta-

1803 1196 1907 1237 tur.
1941 1183 2141 1253 Regina
2168 1183 2334 1235 lilium
2365 1183 2434 1236 ad
2463 1180 2784 1249 baptismum
2816 1182 3054 1237 exhibet.
3090 1183 3392 1252 Baptizatus

1800 1286 1979 1330 autem
2014 1291 2165 1344 puer,
2194 1291 2353 1344 quem
2403 1274 2739 1343 lngomerem
2772 1273 2878 1342 [Αι.
2909 1272 3270 1343 lngomerum]
3301 1289 3394 1328 vo-

1800 1368 2055 1431 citabant,
2089 1368 2142 1419 in
2185 1366 2322 1419 albis
2347 1365 2499 1418 obiit.
2528 1364 2642 1430 Qua
2685 1365 2752 1419 de
2783 1378 2941 1418 causa
2970 1375 3242 1433 permotus
3267 1364 3392 1418 felle

1803 1472 1920 1521 rex,
1955 1457 2270 1523 increpabat
2299 1456 2561 1524 reginam,
2590 1456 2777 1510 dicens
2810 1474 2823 1508 :
2855 1456 2908 1510 Si
2943 1457 2997 1510 in
3028 1459 3243 1513 nomine
3266 1458 3395 1512 deo-

1805 1565 1924 1603 rum
1955 1564 2194 1603 meorum
2227 1563 2357 1618 puer
2385 1545 2575 1602 fuisset
2611 1548 2912 1616 baptizatus
2939 1550 2986 1615 i,
3022 1550 3259 1605 vixisset.
3291 1549 3395 1603 Re-

1803 1643 1926 1711 gina
1957 1656 2084 1695 vero
2114 1641 2221 1694 Deo
2248 1641 2602 1707 omnipotenti
2630 1643 2831 1710 gratias
2856 1656 3041 1711 agens,
3078 1651 3137 1696 ut
3156 1646 3224 1697 de
3245 1652 3396 1697 utero

151 1745 246 1789 Vrit:
270 1751 349 1788 tne
374 1734 440 1788 de
468 1733 745 1797 basterna,
768 1743 819 1785 et
843 1745 1002 1795 supra
1023 1745 1214 1798 equum
1248 1729 1440 1790 levate,
1468 1736 1697 1794 etquau-
1739 1726 1784 1784 Β
1809 1744 1907 1783 suo
1932 1730 2342 1798 primogenitum
2377 1731 2429 1782 in
2460 1744 2625 1799 regno
2654 1746 2756 1785 suo
2783 1735 3073 1800 acceperit.
3099 1732 3229 1787 Post
3254 1733 3396 1788 hunc

149 1836 237 1878 tum
267 1825 504 1892 protinus
554 1823 856 1892 potueritis,
888 1822 994 1875 illis
1024 1820 1266 1890 partibus
1295 1818 1618 1873 accelerate.
1650 1817 1705 1871 ln

150 1918 229 1970 hac
257 1917 497 1970 basterna
541 1915 609 1969 ad
656 1929 807 1969 suam
840 1929 947 1968 non
996 1927 1209 1979 possum
1243 1911 1427 1964 venire
1479 1923 1711 1977 praesen-

149 2009 176 2061 ti
196 2025 272 2060 .tn.
306 2008 489 2061 Franci
524 2007 697 2059 levata
718 2001 1093 2058 Chrotecltilde
1121 2014 1280 2071 super
1302 1997 1710 2069 equum,festini

149 2100 202 2153 ad
222 2100 578 2155 Chlodoveum
610 2107 850 2165 pergunt.

205 2190 330 2243 XIX.
357 2190 607 2256 Cumque
637 2185 853 2242 Aridius
873 2198 902 2239 a
931 2183 1163 2239 Massilia
1187 2181 1526 2237 velocissimo
1549 2194 1712 2234 cursu

153 2280 245 2335 haec
281 2279 497 2334 audiens
530 2277 601 2332 ad
648 2275 1033 2333 Gundnbadum
1076 2275 1335 2335 venisset,
1380 2271 1621 2340 dixitque
1660 2272 1711 2326 ei

152 2368 481 2426 Gundobadus
525 2386 544 2423 :
571 2368 778 2423 Audisti
821 2369 962 2438 quod
1006 2367 1295 2420 amicitiam
1325 2379 1447 2419 eum
1488 2362 1711 2417 Francis

152 2462 389 2527 inivitnus,
442 2471 770 2531 neptemque
818 2472 990 2512 meam
1021 2456 1326 2512 Clilodoveo
1357 2453 1548 2509 tradidi
1574 2466 1711 2507 uxo-

154 2557 274 2609 rem?
300 2556 637 2625 respondens
666 2552 882 2610 Aridius
904 2551 1037 2605 dixit
1072 2567 1087 2605 :
1136 2548 1252 2603 Non
1279 2557 1361 2603 est
1399 2547 1501 2601 hoc
1526 2544 1713 2600 amici—

153 2646 220 2701 tiai
245 2648 426 2711 cultus,
477 2645 579 2700 sed
631 2643 838 2696 initium
870 2641 1152 2697 discordi:e
1201 2649 1491 2710 perpetrm.
1529 2635 1715 2692 Rem-

154 2737 333 2792 nisrere
358 2737 656 2799 debueras,
678 2733 895 2787 domine
922 2733 1018 2795 nti,
1044 2732 1186 2802 quod
1220 2731 1513 2800 genitorem
1544 2726 1713 2784 Chro-

154 2829 363 2883 techildte
391 2840 711 2898 germanum
762 2832 909 2878 tuum
939 2819 1297 2893 Chilpericum
1336 2820 1514 2892 gladio
1545 2823 1710 2876 truci-

155 2919 285 2986 dasti,
318 2930 547 2974 matrem
598 2916 715 2986 ejus
746 2915 921 2985 lapide
965 2914 1030 2968 ad
1074 2914 1267 2969 collum
1319 2914 1481 2984 ligato
1519 2927 1712 2969 necare

156 3011 344 3079 iussisti,
374 3013 516 3068 duos
548 3009 786 3079 ejusdem
817 3022 1102 3077 germanos
1132 3007 1306 3075 capite
1351 3015 1626 3059 tittucatos
1657 3004 1709 3057 in

1813 1821 1998 1889 genuit
2029 1821 2213 1886 lilium,
2236 1836 2393 1890 quem
2418 1821 2831 1876 Chlodomercm
2856 1822 3134 1887 vocitavit;
3160 1825 3251 1893 qui
3274 1839 3394 1879 cum

1815 1913 2109 1979 baptizatus
2139 1923 2397 1981 mgrotare
2428 1912 2703 1979 coepisset,
2749 1912 2960 1967 dicebat
2990 1929 3081 1967 rex
3129 1932 3142 1967 :
3179 1918 3243 1968 Et
3274 1917 3393 1979 iste,

1813 2005 1952 2057 sicut
1995 2004 2182 2069 frater,
2215 2006 2459 2058 moritur.
2490 2006 2690 2061 Orante
2740 2017 2931 2071 matre,
2983 2009 3211 2063 Domino
3239 2011 3395 2079 adju-

1816 2106 2007 2161 vante,
2072 2096 2361 2157 convaluit.
2439 2097 2637 2165 Regina
2698 2108 2874 2154 tamen
2937 2101 3152 2155 assidue
3216 2117 3395 2171 regem

1813 2187 1989 2241 verbis
2009 2187 2261 2242 blanditis
2285 2186 2309 2225 ιι
2324 2187 2389 2242 ad
2407 2186 2604 2244 Christi
2627 2191 2826 2248 cultum
2841 2193 3097 2246 suadebat
3111 2193 3264 2259 (Cap.
3282 2192 3395 2261 30).

1887 2275 2022 2332 XXI.
2052 2277 2293 2347 Cumque
2321 2279 2516 2334 bellum
2564 2291 2751 2335 contra
2798 2281 3127 2337 Alamannos
3168 2282 3396 2337 Chlodo-

1816 2382 1946 2423 reus
1977 2384 2069 2424 rex
2107 2378 2367 2436 moveret,
2419 2371 2680 2427 suadente
2709 2373 2914 2441 regina,
2946 2375 3113 2434 vovit.
3158 2377 3200 2427 si
3234 2375 3397 2429 victo-

1813 2462 1947 2517 riam
1978 2461 2266 2527 obtineret,
2287 2459 2608 2545 .efliceretur
2633 2465 2959 2519 christianos
2991 2466 3204 2536 (lbid.).
3237 2464 3398 2521 Cum-

1810 2568 1918 2624 que
1942 2560 2183 2622 utraeque
2211 2552 2498 2622 phalanges
2538 2558 2833 2610 certamina
2856 2557 3162 2625 jumerent,
3180 2565 3236 2611 et
3263 2566 3397 2612 stra-

1811 2660 1906 2714 ges
1935 2645 2176 2715 ingentes
2195 2656 2398 2713 essent,
2421 2645 2555 2700 dixit
2581 2647 2925 2702 Cblodoveus
2951 2666 2962 2699 :
2990 2648 3158 2704 Deum
3182 2647 3399 2713 invoco,

1811 2749 1969 2803 quem
2019 2733 2415 2791 Clirotecbildis
2454 2737 2638 2805 regina
2680 2736 2814 2791 colit
2858 2739 2949 2793 :si
2998 2752 3084 2792 me
3106 2738 3318 2807 juvaret
3346 2740 3398 2792 in

1817 2826 1915 2879 hoc
1945 2826 2147 2894 praelia,
2185 2835 2239 2880 ut
2269 2827 2479 2882 vincam
2511 2827 2605 2882 bos
2634 2827 2971 2882 adversarios
3004 2842 3173 2895 meos,
3204 2843 3300 2882 ero
3324 2830 3400 2884 illi

1816 2915 2003 2970 ﬁdelis.
2039 2917 2318 2971 Alamanni
2350 2932 2494 2987 terga
2518 2927 2787 2973 vertentes
2816 2920 2866 2972 in
2894 2919 3066 2987 fugam
3095 2920 3229 2988 lapsi
3254 2932 3399 2975 sunt.

1815 3006 2056 3077 Cumque
2088 3024 2263 3077 regem
2291 3025 2446 3062 suum
2474 3019 2758 3065 cernerent
2789 3011 3183 3081 interemptum,
3211 3026 3400 3068 novem

157 3118 339 3173 puteum
387 3102 563 3159 fecisti
608 3100 890 3171 projicere.
946 3099 999 3153 Si
1052 3098 1421 3166 prtevaluetit,
1458 3096 1711 3165 ittjttrium
1740 3092 1786 3154 C
1821 3102 1976 3154 annis
2011 3098 2028 3138 ι
2066 3103 2282 3156 exsules
2327 3118 2355 3154 a
2387 3102 2604 3157 sedibus
2632 3117 2837 3169 eorum,
2879 3120 2976 3158 nec
3010 3106 3172 3159 ullam
3215 3115 3401 3175 ροιυθ-

158 3205 404 3263 parentum
437 3192 755 3250 vindicabit.
801 3190 978 3260 Dirige
1006 3190 1249 3259 protinus
1276 3188 1567 3242 exercitum
1600 3196 1717 3252 μηδι

158 3304 275 3352 eam,
316 3298 372 3343 ut
416 3294 745 3341 revertatur.
795 3282 1025 3337 Facilius
1073 3281 1229 3335 unius
1277 3279 1420 3336 feres
1462 3279 1713 3348 iurgium,

160 3399 287 3447 quam
332 3384 475 3438 omni
532 3392 776 3447 tempore
813 3386 867 3431 tu
916 3385 970 3431 et
1023 3375 1098 3430 tui
1147 3364 1581 3430 scandalizeniini
1613 3369 1638 3407 ά
1685 3385 1715 3423 a

161 3472 373 3530 Francis.
421 3474 552 3528 litae
594 3470 817 3524 audiens
844 3466 1227 3533 Gundobadus,
1259 3467 1550 3520 exercitum
1602 3472 1719 3531 post

161 3578 338 3639 tergum
367 3563 768 3624 Chrotechilda:
797 3560 1173 3617 retentandum
1198 3569 1221 3595 ο
1253 3557 1455 3627 dirigit,
1482 3557 1570 3625 qui
1592 3571 1720 3610 eon-

161 3671 415 3730 srquentes
443 3660 735 3715 thesauros
778 3664 833 3709 et
864 3654 1167 3708 basternatn
1200 3660 1389 3706 cuncta
1429 3658 1717 3703 retentent.

162 3752 528 3807 lilirotechildis
561 3764 689 3802 vero
719 3762 840 3801 cum
872 3745 1348 3813 appr0pinquasset
1372 3742 1652 3796 Villariaco
1676 3741 1717 3806 i,

162 3844 203 3897 in
229 3845 680 3915 quaClilodoveus
704 3837 992 3902 residebat,
1020 3837 1073 3890 in
1102 3836 1370 3891 territorio
1382 3833 1717 3896 Trecassino,

164 3924 311 3991 adhuc
339 3943 633 4004 antequam
672 3928 929 3984 terminos
982 3924 1722 3994 BurgundizeﬁChrotecbildis

166 4028 461 4091 praeteriret,
496 4037 694 4091 rogans
721 4034 815 4075 eos
844 4033 873 4071 a
915 4017 1109 4087 quibus
1138 4017 1456 4080 ducebatur,
1499 4031 1556 4070 ut
1587 4016 1722 4069 duo-

167 4117 314 4170 decim
361 4117 561 4171 leuvas
602 4121 628 4158 α
687 4111 743 4164 in
789 4121 1044 4177 utrasque
1085 4116 1264 4176 partes
1309 4108 1377 4161 de
1426 4106 1724 4174 Burgundio

166 4211 444 4276 predarent
501 4218 559 4262 et
614 4206 982 4260 incenderent.
1035 4201 1187 4269 Quod
1235 4215 1355 4256 cum
1389 4199 1729 4268 permittente

165 4300 447 4357 Chlodoveo
498 4299 694 4353 fuisset
760 4296 1056 4363 impletum,
1101 4294 1235 4347 dixit
1277 4289 1666 4346 Chrotechildis
1714 4306 1726 4342 :

167 4389 355 4447 Gratias
385 4393 482 4445 tibi
514 4404 637 4459 ago,
674 4389 813 4441 Deus
833 4386 1192 4453 omnipotens,
1219 4383 1359 4452 quod
1391 4382 1598 4437 initium
1622 4382 1712 4435 vin

167 4486 304 4538 dictm
327 4486 394 4541 de
424 4482 763 4554 genitoribus
793 4479 874 4533 vel
906 4478 1158 4531 fratribus
1183 4477 1313 4531 meis
1340 4476 1514 4530 video.

228 4578 337 4631 XX.
385 4578 542 4633 Tunc
592 4574 657 4627 ad
713 4586 947 4641 praisens
987 4568 1292 4623 Chiodoveo
1326 4566 1350 4604 δ
1385 4568 1730 4636 perducitur,

175 4731 447 4787 Sinnianae
490 4729 713 4783 nuntiat.
761 4726 921 4787 Boh.,
954 4740 1165 4778 narrans
1195 4726 1351 4792 fuisse
1386 4725 1590 4777 bonetas
1623 4726 1640 4793 (
1658 4725 1727 4777 al.

175 4818 259 4865 ιιι,
289 4800 547 4867 honestas)
575 4800 917 4869 suggestione:
944 4795 1161 4847 nuntiat.

237 4862 259 4910 ί
282 4875 434 4937 Boh.,
459 4862 597 4924 (Ian.
629 4862 688 4921 ἕὶ
707 4867 893 4927 Ches.,
921 4870 1240 4937 desponsam.
1284 4862 1391 4937 Hie
1408 4862 1732 4937 Francorum

178 4956 278 4995 nios
298 4931 490 4997 dicitur
527 4940 805 4993 secundum
831 4936 991 5004 legem
1010 4931 1252 5004 Salicum
1287 4935 1337 4986 iit
1366 4931 1592 5004 formula
1613 4949 1733 5004 _ve-

180 5012 265 5065 teri
292 5014 425 5079 apud
456 5009 792 5077 Bignonium,
823 5002 1183 5079 postMarculll
1216 5003 1504 5079 formulas,
1528 5016 1561 5069 p

181 5080 296 5136 \‘ide
328 5071 384 5136 et
412 5071 723 5150 ejusvﬁnotas
754 5079 810 5150 in
840 5076 1010 5150 varias
1037 5074 1323 5150 formulas,
1356 5071 1487 5150 ολδ,
1517 5086 1569 5150 p.
1604 5072 1729 5126 56L

242 5151 268 5189 δ
290 5154 416 5206 Can.
440 5140 508 5204 vet
533 5149 731 5200 Chesn.
765 5146 859 5207 aL,
890 5142 1190 5198 Cavallono.
1227 5144 1381 5204 Bob.,
1402 5140 1704 5195 Cavilonno.

248 5231 267 5259 ε
292 5222 550 5275 Basterna
582 5216 806 5271 vehiculi
836 5228 1003 5281 genus
1030 5223 1146 5268 erat
1176 5213 1431 5266 matronis
1464 5211 1732 5278 proprium

185 5295 306 5347 Quod
349 5300 545 5343 tectum
593 5296 730 5349 erat,
778 5294 834 5337 ut
877 5299 941 5337 ex
987 5283 1312 5351 Hieronymo
1361 5285 1412 5335 itt
1461 5295 1579 5345 cap.
1616 5298 1736 5336 vat

186 5359 316 5413 Isaia
334 5360 537 5426 colligit
561 5357 855 5415 Altascrra,
885 5370 996 5406 cum
1017 5352 1346 5426 umbraculis,
1369 5365 1483 5419 qua
1506 5365 1597 5401 nos
1618 5354 1740 5403 dor-

186 5431 370 5483 mitorio
396 5422 722 5497 interpretari
754 5438 1019 5497 possumus
1045 5424 1121 5497 vel
1151 5422 1430 5497 basternas.

247 5500 270 5536 ἀ
310 5498 450 5553 Clar.
482 5490 719 5559 et'Bolt.,
769 5493 1153 5547 scandalizeris.
1208 5493 1341 5547 Cati.
1389 5501 1444 5546 et
1469 5490 1630 5545 Freb.
1687 5498 1741 5543 et

188 5565 275 5621 Ch.
301 5571 372 5622 al.
390 5609 405 5631 ,
431 5576 692 5620 reantur.

250 5647 274 5677 ο
300 5641 453 5699 llan.,
478 5632 1449 5702 pneseutandamﬁoln,retentanda...
1472 5640 1745 5685 retentant.

302 5708 412 5762 Duo
458 5715 740 5775 supersunt
770 5702 908 5772 apud
945 5702 1284 5760 Tricassinos
1330 5704 1467 5769 loca,
1501 5719 1617 5772 quae
1649 5703 1752 5758 huc

449 5798 721 5859 PATBOL.
770 5792 978 5857 LXX!

1823 3203 1944 3245 runt
1984 3202 2197 3262 gentem
2255 3196 2577 3263 COtttpvrire,
2631 3211 2749 3262 quae
2799 3197 2880 3250 eis
2930 3208 3114 3251 contra
3170 3198 3403 3253 Francos

1821 3285 2123 3352 auxiliaret,
2148 3286 2358 3341 tandem
2391 3302 2449 3341 se
2477 3288 2528 3341 in
2553 3288 2812 3343 ditionem
2836 3288 3141 3346 Chlodoveo
3165 3293 3402 3348 tradunt.

1822 3377 1952 3431 Nam
1983 3394 2103 3433 cum
2142 3379 2207 3432 de
2235 3380 2419 3447 pi'telio
2460 3392 2753 3434 memorato
2782 3385 3030 3451 superius
3069 3384 3404 3441 Chlodoveus

1826 3470 2068 3524 lletnis'n
2100 3469 2288 3524 fuisset
2338 3486 2605 3533 reversus,
2658 3473 2795 3526 clam
2844 3490 2872 3525 a
2919 3486 3105 3529 sancto
3150 3476 3407 3532 Remedio

1826 3563 2142 3618 lihemensis
2173 3564 2321 3617 urbis
2341 3564 2591 3632 episcopo
2612 3562 2767 3633 (Cap.
2786 3564 2897 3634 51),
2927 3569 3224 3623 attrahente
3245 3573 3405 3624 etiam

1824 3655 2202 3711 Clirntecltilde
2231 3660 2435 3723 regina,
2483 3655 2732 3724 baptismi
2760 3659 2928 3726 gratia
2970 3646 3091 3713 cum
3134 3674 3223 3713 sex
3253 3663 3407 3715 milli-

1826 3751 1925 3803 bus
1956 3748 2281 3802 Francorum
2315 3748 2365 3800 in
2394 3748 2592 3802 Pascha
2624 3757 2651 3785 ι’
2685 3748 2894 3803 Domini
2932 3762 3273 3807 consecratus
3301 3767 3404 3809 est.

1824 3842 1959 3896 Cum
2009 3855 2039 3892 a
2089 3847 2275 3892 sancto
2325 3838 2583 3892 Remedio
2630 3840 2681 3891 in
2732 3839 2879 3895 Albis
2931 3841 3200 3910 Evangelii
3250 3843 3409 3898 lectio

1826 3930 2134 3985 Chlodoveo
2163 3930 2602 3995 annuntiaretur,
2654 3930 2885 3996 qualiter
2926 3931 3180 3985 Dominus
3227 3945 3409 3989 noster

1829 4020 1986 4076 Jesus
2014 4019 2261 4073 Christus
2287 4016 2352 4069 ad
2387 4016 2685 4084 passionem
2718 4028 2957 4085 venerat,
3000 4020 3132 4074 dixit
3171 4019 3407 4078 Chlodo-

1835 4129 1964 4170 veus
1995 4132 2010 4169 :
2041 4112 2096 4168 Si
2126 4126 2229 4180 ego
2256 4110 2449 4164 ibidem
2478 4124 2597 4163 cum
2630 4110 2849 4168 Francis
2893 4114 3025 4169 meis
3054 4113 3292 4183 fuissem,
3327 4118 3411 4172 in-

1827 4208 2017 4276 juriam
2050 4206 2207 4276 561
2236 4205 2353 4272 ejus
2380 4204 2757 4259 vindicassem.
2782 4205 2899 4260 Jam
2932 4206 3088 4261 fidem
3119 4208 3197 4263 his
3233 4212 3411 4266 verbis

1832 4297 2146 4357 ostendens,
2178 4293 2525 4349 christianum
2557 4307 2616 4347 se
2642 4309 2827 4348 verum
2855 4310 2975 4350 esse
2999 4298 3249 4354 aflirmat.

1907 4386 2071 4441 XXII.
2102 4386 2451 4455 Godegiselus
2478 4382 2643 4440 frater
2672 4384 2987 4441 Gundobadi
3030 4390 3278 4443 solatium
3312 4407 3408 4459 per

1761 4465 1808 4525 ο
1834 4480 2034 4549 legatos
2083 4478 2392 4532 Chlodoveo
2436 4476 2687 4545 postulat,
2731 4490 2851 4531 cum
2900 4494 3020 4531 eum
3061 4483 3415 4547 comperisset

1836 4570 2181 4626 fortissimum
2204 4569 2256 4622 in
2292 4567 2517 4636 przeliis;
2546 4567 2883 4636 promittens,
2909 4577 2934 4603 ο
2957 4569 3002 4623 si
3032 4570 3247 4639 ejecerit
3268 4570 3414 4627 Gun-

1836 4724 2069 4777 revocari
2107 4730 2348 4788 possunt,
2388 4719 2578 4773 Villers
2601 4720 2809 4775 scilicet
2838 4722 2975 4775 haud
3008 4725 3185 4790 proco]
3211 4727 3280 4778 ab
3312 4727 3416 4779 Ar-

1838 4794 1986 4846 ciaco
2025 4801 2079 4843 et
2126 4791 2256 4862 ipsis
2287 4790 2565 4862 Treci_s_et
2608 4790 2808 4855 Villori,
2858 4793 3005 4846 vicus
3037 4796 3190 4862 paulo
3231 4796 3414 4848 'fret-is

1842 4863 2119 4923 remotior,
2149 4860 2314 4912 Barro
2332 4861 2401 4929 ad
2415 4860 2602 4913 Albam
2625 4864 2969 4929 pI‘Opillquus.
2996 4860 3073 4915 An
3091 4867 3209 4915 villa
3230 4865 3415 4917 ltiaco?

1912 4931 2118 5002 _sCan,
2152 4929 2341 5002 leucae.
2373 4928 2516 5002 Clar.
2548 4932 2711 5002 altera
2744 4928 2903 4985 manu
2930 4943 3170 5000 exponit,
3216 4938 3410 5002 leugas.

1910 4997 1938 5035 ιι
1967 4998 2125 5061 Editi,
2152 5001 2220 5049 ad
2247 5001 2566 5067 prasentiam
2598 4999 2889 5053 Chlodovei.

1919 5069 1933 5105 ί
1974 5069 2093 5131 Ed.,
2128 5079 2179 5119 ut
2207 5070 2516 5138 Christianus
2546 5070 2842 5138 reﬁceretur.

1910 5140 1923 5187 i
1968 5139 2476 5199 Frcli.,nominatus.
2499 5137 2684 5190 Inood.
2702 5140 2841 5191 Clar.
2865 5139 2977 5191 haec
3003 5152 3103 5192 vox
3127 5138 3410 5195 omittitur.

1910 5208 1935 5245 κ
1964 5210 2121 5273 Can.,
2148 5207 2370 5260 blandis.
2400 5207 2544 5259 Clar.
2573 5218 2629 5259 et
2658 5210 2813 5272 Boh.,
2840 5209 3126 5261 blandiciis.

1916 5277 1933 5315 1
1970 5280 2128 5331 it'relt.
2180 5288 2234 5330 et
2263 5277 2361 5329 Ch.
2408 5279 2503 5341 al.,
2553 5287 2751 5329 centum
2782 5288 3002 5343 quatuor
3030 5280 3195 5332 annis.
3241 5279 3415 5335 Locus

1841 5349 2119 5409 obscurus,
2141 5361 2296 5412 quem
2327 5347 2415 5398 alii
2439 5356 2678 5398 auctores
2711 5363 2815 5399 non
2838 5360 3128 5412 extionnnt.

1915 5428 1952 5454 ω
1980 5420 2148 5481 Clar.,
2180 5417 2384 5470 Brutus.
2413 5416 2570 5476 Bolt.,
2604 5415 2851 5470 Remus...
2883 5420 3159 5482 ingressus.

1921 5498 1947 5524 ι’
1974 5475 2145 5541 Ιιιιηεί
2169 5488 2337 5540 secuti
2369 5496 2492 5557 sunt
2544 5475 2886 5549 Hincmarns,
2920 5475 3273 5557 Flmloartlns,
3308 5503 3409 5546 etc.

1856 5559 1954 5612 Am
1988 5566 2160 5623 ιηῃιρη
2191 5572 2255 5609 ex
2303 5556 2470 5607 sancti
2518 5558 2655 5609 Aviti
2690 5558 2915 5624 epistola
2961 5558 3321 5616 Clilodoveutu
3362 5580 3414 5617 tu

1856 5629 2137 5684 Nativiiale
2168 5626 2374 5679 Domini
2407 5627 2727 5693 baptizatum
2752 5627 2912 5681 fuisse
2941 5632 3142 5684 volunt.

1932 5711 1955 5738 ο
1983 5698 2142 5763 itoh.,
2170 5697 2467 5768 promittens
2495 5712 2548 5750 se
2597 5698 2707 5753 si...
2738 5699 3023 5753 dassolrere.

2868 5788 2938 5845 19
