4020 6194
628 305 727 358 587

1660 285 1717 340 S.
1760 280 2090 338 GREGORII
2132 275 2437 335 EPISCOPI
2475 270 2906 331 TURONENSIS

3790 265 3885 319 588

631 416 1037 471 dobadum‘cuin
1069 422 1168 463 suo
1198 403 1390 459 solatio
1418 417 1447 456 a
1472 415 1657 470 regno,
1689 399 1949 455 tributum
1972 393 2213 467 partibus
2244 394 2291 453 A
2318 388 2497 445 multis
2527 385 2835 441 muneribus
2864 379 3145 437 ecclesiam
3181 378 3351 433 sancti
3384 373 3613 442 Martini,
3645 384 3696 431 et
3726 378 3887 431 sancti

631 507 917 564 Chlodovei
959 503 1277 559 dissolveret
1325 496 1478 568 (Cap.
1528 494 1640 563 '59.).
1676 491 2035 547 Gundobadus
2065 491 2213 559 igno-

632 615 755 655 rans
780 599 962 653 dolum
994 593 1173 649 fratris
1197 588 1521 658 Godegiseli,
1565 585 1631 640 ad
1659 601 1781 640 eum
1814 584 1957 639 misit
1984 583 2167 637 dicens
2199 598 2211 633 :

634 690 769 745 Veni
793 699 843 743 ut
879 687 1193 742 resistamus
1225 680 1443 735 Francis
1474 676 1825 740 unanimiter,
1850 684 1905 729 ut
1933 672 2075 743 quod
2099 672 2217 725 aliae

634 786 823 848 gentes
868 788 1042 845 passae
1090 780 1235 836 sunt,
1284 784 1391 822 non
1438 766 1769 834 perferamus
1802 776 1919 818 nos.
1968 762 2037 816 At
2076 760 2215 815 ille:

639 871 860 933 Vadam,
912 866 1106 935 inquit,
1139 875 1196 918 et
1224 860 1492 931 praabeam
1534 856 1628 911 tibi
1666 854 1941 908 auxilium.
1988 850 2221 905 Chlodo-

645 976 778 1016 veus
824 973 944 1014 cum
978 954 1196 1010 Francis
1232 951 1488 1005 adversus
1532 950 1628 1001 hos
1671 945 1806 1000 duos
1846 958 1999 1013 reges
2046 949 2221 996 castra

644 1047 951 1105 Divionensi
973 1040 1250 1113 eampania
1277 1049 1303 1077 ι
1329 1038 1520 1094 direxit
1548 1036 1614 1090 ad
1643 1035 1903 1100 praelium.
1934 1031 2225 1101 Godegise-

634 1144 725 1198 .lus
766 1139 1080 1195 Ghlodoveo
1136 1131 1503 1202 coniungitur,
1557 1142 1621 1182 ac
1672 1135 1895 1195 uterque
1947 1124 2222 1179 exercitus

646 1229 961 1287 Gundobadi
1014 1226 1267 1297 populum
1310 1220 1512 1276 atterit.
1568 1223 1639 1274 At
1687 1218 1775 1273 ille
1815 1216 1995 1271 dolum
2049 1213 2227 1269 fratris

646 1336 976 1394 cognoscens
1016 1329 1158 1388 terga
1199 1316 1380 1379 vertit,
1415 1311 1658 1367 Rhodani
1708 1311 1877 1379 ripam
1910 1321 2226 1376 percurrens

646 1388 981 1473 Avenionem
1011 1410 1198 1465 urbem
1241 1406 1558 1474 ingreditur.
1609 1400 1977 1471 Godegiselus,
2010 1388 2224 1453 obtenta

654 1503 917 1567 victoria,
967 1500 1227 1569 promissa
1277 1494 1584 1550 Chlodoveo
1632 1508 1696 1547 ex
1751 1498 1901 1559 parte
1954 1488 2225 1558 impleas,

656 1585 1796 1662 Viennamquetriumphansb.Chlodoveus
1816 1597 1907 1637 rex
1938 1590 2055 1651 poSt
2084 1580 2230 1637 Gun-

653 1686 920 1745 dobadum
942 1683 1139 1753 dirigit,
1161 1694 1389 1748 eumque
1408 1678 1475 1732 de
1497 1677 1713 1731 civitate
1734 1674 1938 1729 extrahi
1955 1672 2227 1742 praecepit.

2323 479 2506 536 llilarii
2549 478 2761 543 ditavit,
2800 489 3026 545 quorum
3058 473 3225 533 fultus
3264 469 3467 526 auxilio
3519 470 3635 523 base
3661 470 3886 524 cernitur

2318 573 2590 641 implesse.
2640 567 2884 636 Cumque
2924 566 3161 621 Parisius
3200 563 3550 634 perrexisset,
3592 562 3660 617 ibi
3709 562 3885 617 cathe-

2319 666 2470 721 dram
2500 665 2649 730 regni
2670 663 2750 717 sui
2789 660 3065 716 constituit
3094 658 3251 729 (Cap.
3286 656 3403 726 38).

2394 755 2581 810 XXVI.
2643 751 3009 808 Theodericus
3064 748 3304 817 eiusdem
3362 746 3543 809 filius,
3598 744 3893 799 civitatibus

2322 848 2494 915 captis
2524 846 2664 901 circa
2692 843 2979 907 maritima,
3006 842 3158 912 jussu
3200 839 3367 909 patris
3396 838 3537 893 filius
3565 837 3633 891 ad
3661 852 3785 890 cum
3812 853 3887 890 re-

2323 940 2552 994 vertitur
2578 935 2793 1006 (Ibid.).
2836 933 3003 989 Filius
3027 932 3273 1000 Sigiberti
3304 930 3466 1000 regis,
3502 928 3719 983 nomine
3747 927 3887 982 Chlo-

2324 1032 2539 1087 dericus
2590 1029 2722 1101 [Al.,
2771 1022 3163 1095 Cblodoveus],
3197 1038 3354 1093 quem
3384 1038 3507 1076 cum
3558 1023 3798 1076 exercitu
3844 1023 3891 1075 in

2326 1121 2443 1190 ejus
2469 1119 2665 1175 solatio
2693 1128 2879 1172 contra
2905 1114 3133 1172 Gotthos
3160 1113 3501 1168 Chlodoveus
3530 1111 3640 1170 fAl.
3664 1112 3877 1166 'I‘lieodn

2327 1210 2490 1282 ricus]
2540 1211 2819 1274 habuerat,
2854 1207 3053 1261 Iiciniis
3077 1214 3101 1243 °
3135 1205 3337 1269 verbis,
3368 1203 3497 1258 dum
3532 1218 3627 1270 per
3655 1202 3892 1259 Scaldem

2330 1304 2550 1360 ﬂuvium
2582 1302 2883 1372 navigaret,
2908 1306 3187 1353 attractus.
3222 1297 3337 1367 Ipse
3358 1312 3487 1351 vero
3518 1307 3728 1365 patrem
3758 1310 3894 1348 suum

2327 1396 2647 1467 Sigibcrtum
2681 1395 2734 1448 in
2765 1392 3034 1447 Bochonia
3072 1389 3092 1429 ἲ
3124 1390 3393 1445 interfecit
3417 1389 3631 1453 dolose,
3655 1398 3713 1443 et
3735 1391 3842 1458 ipse
3866 1404 3891 1440 a

2333 1486 2736 1557 percussoribus
2762 1482 3056 1538 Chlodovci
3094 1482 3410 1536 interfectus
3432 1490 3536 1535 est.
3568 1480 3813 1547 Regnum
3836 1480 3897 1533 5.-

2331 1575 2522 1648 giberti
2548 1574 2752 1645 absque
2779 1574 2891 1629 ullo
2925 1573 3112 1643 praalio
3136 1586 3259 1626 cum
3284 1570 3551 1627 thesauris
3570 1568 3896 1625 Cblodoveus

2332 1666 2642 1735 assumpsit.
3428 1710 3431 1711 ν
3749 1681 3753 1684 ~

723 1775 916 1831 XXIII.
964 1751 1180 1828 Aridius
1233 1766 1680 1839 prudentissimus
1710 1764 1795 1819 vir
1833 1778 1957 1818 cum
2005 1762 2224 1821 Gundo-
2260 1760 2305 1821 Β
2403 1755 2617 1811 XXVII.
2641 1755 2987 1811 Cltararicum
3009 1768 3189 1824 regem
3216 1761 3488 1822 parentem
3503 1766 3661 1806 suum
3688 1751 3900 1807 Chlodo-

655 1870 794 1925 bado
848 1870 984 1923 intra
1035 1874 1208 1920 castra
1260 1862 1491 1925 sedens,
1553 1859 1620 1914 ad
1673 1857 2064 1915 Gundobadnnt
2115 1855 2227 1909 ait:

654 1962 875 2029 Oportet
899 1966 950 2012 te
972 1954 1141 2010 lenire
1162 1952 1321 2022 hujus
1342 1950 1574 2004 hominis
1601 1949 1861 2003 feritatem
1886 1944 2232 2015 (Ibid.).;Ego

655 2049 969 2104 simulansa
1004 2054 1058 2100 te
1104 2042 1308 2113 fugere.
1355 2040 1424 2094 ad
1462 2054 1585 2095 eum
1633 2036 1891 2099 transibo,
1940 2044 1997 2088 ut
2043 2034 2232 2088 faciam

656 2141 794 2214 quod
822 2153 993 2209 neque
1022 2144 1095 2201 te,
1137 2148 1310 2203 neque
1337 2134 1473 2186 hanc
1512 2137 1704 2185 noceat
1729 2127 2023 2196 regionem.
2055 2124 2235 2192 Quod-

657 2245 865 2301 cunque
895 2228 989 2284 tibi
1018 2240 1111 2291 per
1133 2238 1311 2279 meum
1336 2221 1579 2291 iujunget
1598 2218 1900 2281 consilium,
1931 2216 2233 2272 faciendum

659 2323 928 2391 promitte,
949 2317 1120 2371 donec
1148 2327 1359 2367 causam
1392 2321 1536 2365 tuam
1571 2310 1827 2365 Dominus
1855 2317 2156 2378 prosperet.

731 2408 925 2464 XXIV.
964 2406 1177 2461 Aridius
1206 2402 1515 2457 valedicens
1542 2399 1872 2457 Gundobado
1898 2401 1965 2455 ad
1996 2400 2231 2456 Chlodo-

663 2516 818 2554 ventu
850 2496 1104 2567 perrexit,
1128 2494 1315 2548 dicens
1341 2510 1353 2545 :
1384 2489 1536 2545 Illum
1561 2490 1822 2559 pertidum
1851 2489 2238 2546 Gundobadum

667 2592 994 2658 relinquens,
1028 2594 1129 2640 tua:
1152 2584 1335 2653 gloria:
1355 2596 1440 2636 me
1468 2581 1633 2637 offero
1653 2591 1675 2620 ε
1702 2572 1911 2651 (Ibid.).
1941 2582 2241 2651 Benigniter

665 2697 694 2735 ει
715 2678 1022 2735 Chlodoveo
1070 2674 1345 2739 recipitur.
1382 2672 1613 2742 Eratque
1637 2671 1904 2742 jucundus
1936 2674 1988 2727 in
2019 2670 2238 2737 fabulis,

666 2780 916 2825 Strenuus
968 2766 1020 2819 in
1051 2763 1312 2828 consiliis,
1358 2762 1534 2831 justus
1577 2763 1628 2815 in
1664 2762 1886 2830 judicio,
1926 2762 2058 2815 etin
2090 2778 2240 2816 com-

667 2861 833 2915 tnisso
856 2854 883 2893 ἀ
917 2855 1110 2911 ﬁdelis.
1166 2854 1308 2908 Dixit
1335 2855 1399 2907 ad
1438 2846 1804 2907 Chlodovenm
1832 2870 1844 2905 :
1878 2852 1992 2907 Tua
2019 2862 2101 2907 est
2131 2854 2243 2907 hwc

669 2950 835 3018 regio,
868 2960 1032 3015 quare
1072 2958 1192 2998 eam
1220 2951 1429 2997 vastare
1456 2942 1758 3011 permittis?
1787 2942 1923 2997 Jube
1952 2940 2241 2997 Gundeba-

671 3041 794 3094 dum
836 3037 932 3091 tibi
978 3035 1174 3090 tributa
1202 3034 1538 3099 solvendum,
1583 3042 1636 3088 et
1666 3035 1837 3102 ipsum
1885 3042 1940 3089 et
1970 3036 2239 3103 regionem

2334 1866 2464 1907 veos
2479 1848 2767 1915 interiecit,
2783 1858 2836 1904 et
2849 1863 3071 1920 regnum
3092 1862 3245 1902 suum
3262 1845 3362 1900 sibi
3378 1844 3617 1900 subdidit
3631 1844 3785 1914 (Cap.
3804 1845 3900 1909 tl).

2406 1940 2646 1997 XXVIII.
2704 1939 3134 2010 Ragnacharium
3179 1951 3383 2005 regem,
3432 1946 3592 2005 atque
3636 1951 3790 1990 suum
3820 1950 3901 2005 pa-

2333 2046 2570 2099 rentem,
2596 2034 2936 2088 Cltlodoveus
2957 2032 3095 2087 dolis
3123 2032 3385 2085 interfrcit
3411 2043 3573 2084 manu
3600 2031 3833 2098 propria,
3856 2038 3902 2083 et

2336 2125 2554 2179 fratrem
2611 2138 2769 2178 suum
2815 2121 3127 2176 Richarium
3183 2121 3430 2175 similiter
3486 2134 3649 2174 manu
3709 2120 3902 2189 pr0p:ia

2336 2215 2495 2288 563
2520 2213 2786 2285 iugulavit
2809 2211 2955 2283 (Cap.
2983 2211 3101 2281 ἀεὶ).
3136 2211 3378 2281 Regnum
3410 2210 3790 2280 Ragnacharii,
3822 2210 3900 2278 qui

2337 2306 2477 2376 apud
2504 2305 2848 2359 Camaracum
2882 2304 3065 2358 sedem
3089 2302 3342 2365 habebat,
3371 2315 3483 2355 sure
3514 2301 3706 2354 ditioni
3739 2300 3901 2366 subje-

2338 2402 2430 2452 cit.
2463 2398 2703 2466 Regnum
2726 2394 3021 2450 Chlodovei
3059 2393 3293 2448 maxime
3324 2406 3418 2460 per
3449 2401 3591 2445 totas
3621 2389 3819 2445 Gallias
3836 2390 3900 2442 di-

2341 2491 2551 2544 latatur.
2587 2487 2840 2544 Studiose
2872 2485 3139 2550 tractavit,
3194 2494 3251 2538 ut
3288 2482 3467 2537 nullus
3490 2482 3558 2536 de
3583 2483 3698 2535 suis
3728 2496 3902 2547 parcn~

2341 2582 2483 2637 tibus
2511 2590 2838 2651 superesset,
2865 2579 2967 2633 nisi
2996 2578 3065 2633 de
3092 2592 3191 2633 suo
3219 2576 3445 2640 semine,
3474 2574 3561 2643 qui
3586 2585 3850 2642 regnaret.

2414 2672 2605 2728 XXIX.
2631 2672 2840 2729 Mortuo
2859 2667 3191 2732 Chlodoveo,
3232 2665 3478 2735 sepultus
3506 2674 3587 2718 est
3612 2664 3669 2717 in
3694 2663 3901 2717 ecclesii

2342 2764 2511 2819 sancti
2540 2762 2683 2816 Petri
2716 2760 2965 2830 apostoli,
2997 2774 3154 2828 quam
3202 2773 3301 2813 suo
3347 2772 3511 2826 opere
3553 2764 3901 2811 construxerat

2345 2854 2499 2926 (Cap.
2526 2853 2639 2923 4⁸5).
2669 2853 2813 2907 Obiit
2845 2860 2963 2920 post
2982 2850 3242 2922 Vnglense
3269 2859 3293 2897 8
3325 2849 3522 2903 bellum
3549 2863 3694 2903 anno
3721 2847 3899 2915 quinto.

2344 2946 2582 3014 Regnum
2616 2946 2786 2999 tenuit
2815 2943 2966 2995 annis
2990 2942 3225 3011 triginta.
3251 2941 3296 2995 Α
3319 2940 3546 2994 transitu
3588 2940 3761 2993 sancti
3786 2937 3900 2989 Ilar-

2347 3036 2443 3089 tini
2475 3052 2641 3105 usque
2669 3035 2736 3088 ad
2764 3035 3039 3088 transitum
3063 3031 3355 3087 Chlodovei
3387 3034 3522 3085 fiunt
3559 3032 3690 3083 anni
3718 3038 3902 3083 centum

672 3124 2243 3195 dominabis.Quodsinoluerit,'perficequodcmpisti.llaec
2275 3130 2319 3192 C
2350 3129 2651 3184 duodecim.
2698 3124 3093 3181 Chrotechildis
3151 3124 3335 3193 regina
3390 3123 3456 3177 ad
3514 3122 3705 3177 limina
3756 3118 3901 3174 sancti

674 3220 908 3287 iniuncta
935 3233 960 3269 a
985 3217 1293 3271 Cltlodoveo
1306 3216 1837 3287 562Guudobadns
1869 3217 2087 3284 implere
2117 3233 2243 3286 pro-

675 3313 911 3372 mittens,
934 3308 1273 3363 Chlodoveus
1296 3308 1450 3361 rediit
1483 3308 1535 3361 in
1566 3307 1867 3372 Franciam,
1903 3308 2100 3363 relictis
2127 3324 2249 3362 cum

674 3401 996 3472 Gudt-giselo
1056 3400 1288 3469 quinque
1353 3399 1584 3452 millibus
1641 3400 1989 3453 Francorum.
2052 3402 2250 3456 Exit-ns

678 3492 885 3547 Gundol
908 3492 1039 3545 adus
1071 3491 1136 3544 de
1169 3476 1460 3558 Avinione,
1495 3490 1777 3558 resumptis
1820 3490 2041 3555 Viribus,
2075 3492 2252 3546 Gude-

674 3585 903 3656 ‘giselum
956 3584 1008 3637 in
1042 3582 1243 3636 Vienna
1287 3574 1629 3647 circumdat,
1666 3598 1761 3652 per
1802 3584 2168 3652 aquaeductum
2200 3585 2251 3638 in

672 3675 945 3731 civitatem
1003 3674 1305 3744 ingrediens
1343 3674 1715 3743 Godegisclum
1750 3674 2037 3731 interfecit.
2092 3676 2256 3729 Fran-

666 3781 775 3822 cos
802 3774 1113 3835 aggregatos
1146 3765 1196 3818 in
1220 3780 1377 3819 unam
1415 3773 1617 3818 turrem
1661 3764 1802 3819 ferro
1832 3765 2142 3831 trucidavit,
2178 3770 2255 3820 ni-

687 3859 866 3927 ltilque
886 3868 1073 3926 postea
1097 3856 1401 3911 (llilodoveo
1424 3856 1645 3911 reddere
1666 3858 1953 3926 disponens
1975 3857 2255 3929 (Cap.55).

758 3947 920 4003 XXV.
954 3948 1115 4015 Igitur
1163 3945 1405 3999 Alaricus
1435 3962 1526 4001 rex
1558 3946 1877 4001 Gottliorum
1908 3963 2029 4001 cum
2074 3950 2257 4003 amici-

2353 3220 2562 3276 Martiui
2593 3220 2825 3276 Turonis
2854 3218 3186 3274 orationibus
3206 3228 3261 3272 et
3282 3216 3476 3285 vigiliis
3506 3216 3827 3285 pervacahat

2422 3311 2590 3369 XXX.
2618 3313 2853 3378 Quatuor
2878 3312 2966 3365 Iilii
2989 3310 3283 3365 Chlodovei
3307 3349 3321 3374 ,
3349 3310 3397 3361 id
3426 3318 3507 3361 est
3538 3308 3902 3367 Theodericus,

2353 3399 2758 3466 Chlodomcrcs,
2812 3400 3188 3455 Cliildebertus
3242 3407 3295 3452 et
3339 3398 3672 3464 Chlotarius,
3716 3411 3904 3465 regnum

2356 3494 2470 3562 ejus
2490 3510 2642 3564 aequo
2664 3495 2850 3548 ordine
2880 3495 3020 3548 inter
3041 3510 3099 3549 se
3129 3493 3585 3564 diviserunt(l.ib.
3610 3511 3686 3555 nt.
3718 3511 3821 3562 cap.
3846 3492 3901 3550 ll.

2356 3587 2587 3642 Sortitus
2621 3595 2703 3641 est
2730 3587 2911 3641 sedem
2966 3586 3329 3640 Theodericus
3362 3587 3564 3651 Mettis,
3623 3586 3905 3640 Chlodome-

2358 3692 2444 3732 res
2470 3679 2794 3743 Aurelianis,
2826 3677 3210 3733 Cllildellel‘lus
3239 3675 3508 3740 Parisios,
3542 3686 3602 3731 et
3628 3674 3902 3731 Chlntarius

2358 3769 2685 3825 Suessionis.
2718 3769 3085 3824 Thendericus
3114 3767 3341 3823 habebat
3360 3772 3471 3837 jam
3500 3770 3694 3839 lilium,
3728 3769 3908 3823 numine

2360 3862 2815 3925 'I‘heudebertum,
2841 3863 3033 3917 utilem
3064 3871 3116 3917 et
3141 3872 3440 3916 strenuum.

2432 3954 2625 4009 XXXI.
2674 3954 2978 4030 Amalricus
3011 3954 3150 4009 filius
3179 3954 3377 4010 Alarici
3405 3970 3651 4011 sororem
3676 3969 3841 4011 eorum
3868 3951 3909 4004 in

688 4041 786 4094 tias
810 4037 1171 4091 fraudulenter
1195 4050 1315 4090 cum
1344 4036 1659 4091 Chlodovco
1686 4036 1909 4103 inisset,
1943 4039 2080 4107 quod
2104 4038 2263 4093 Chlo—
2364 4045 2765 4101 matrimonium
2791 4051 3018 4115 accepit,
3054 4062 3147 4114 per
3176 4061 3335 4114 quam
3384 4048 3732 4103 Barcennona
3762 4046 3909 4120 [Leg.,

687 4132 888 4186 dovcus
922 4130 1258 4185 discurrente
1298 4130 1527 4185 Paterno
1573 4131 1831 4201 legatario
1877 4144 1976 4185 suo
2015 4146 2261 4196 cernens,

2364 4146 2649 4206 propter...
2692 4136 3039 4209 Barcinonzn]
3069 4154 3095 4191 a
3124 4138 3430 4195 Childerico
3459 4138 3489 4178 δ
3508 4152 3566 4195 et
3611 4143 3651 4197 F
3655 4142 3818 4197 raucis
3839 4153 3909 4192 οε·

690 4224 945 4277 adversus
975 4221 1247 4276 Alaricum
1277 4214 1423 4275 arma
1455 4231 1777 4287 commovet,
1819 4232 1872 4276 et
1901 4222 1949 4274 in
1984 4223 2263 4290 campania
2363 4228 2506 4283 cisus
2529 4236 2613 4282 est
2639 4227 2827 4300 (Ibid.,
2859 4243 3011 4299 capp.
3042 4229 3097 4294 :2,
3128 4230 3204 4298 5).

694 4314 1031 4381 Voglaveusi.
1065 4312 1275 4367 decimo
1304 4312 1374 4366 ab
1404 4312 1537 4365 urbe
1566 4312 1781 4365 I’ictava
1827 4311 2095 4378 milliaria,
2142 4312 2267 4365 Ala-

690 4406 856 4459 ricutn
890 4404 1177 4468 interfecit,
1210 4414 1263 4459 et
1297 4403 1523 4473 plurima
1557 4420 1713 4457 mautt
1753 4404 2070 4459 Gottitorunt
2105 4407 2267 4460 truci-

2436 4319 2655 4372 XXXII.
2715 4319 2843 4372 Dani
2876 4331 3063 4373 evectu
3108 4321 3278 4374 navali
3310 4320 3507 4377 Gallias
3533 4332 3741 4392 petunt,
3772 4323 3816 4375 in
3845 4333 3909 4371 rec

2365 4427 2470 4483 guo
2494 4410 2815 4465 Theoderici
2841 4412 3071 4475 irruunt,
3102 4427 3131 4464 a
3160 4412 3536 4469 'I‘Iieudcberto
3570 4417 3588 4454 ί
3625 4417 3734 4471 filio
3764 4414 3909 4467 ’fhcu-

693 4499 835 4561 data,
887 4514 1104 4567 regnum
1133 4498 1247 4567 ejus
1278 4513 1307 4551 a
1337 4512 1485 4553 mare
1513 4498 1812 4568 Tyrrheno,
1864 4497 2054 4566 Ligere
2081 4500 2262 4564 lluvio,
2295 4503 2343 4561 Ι)
2368 4501 2533 4556 derici
2589 4512 2908 4570 superantur
2932 4541 2946 4565 ,
2987 4518 3314 4572 omnemque
3371 4506 3610 4574 pra-dam
3665 4519 3717 4561 et.
3765 4510 3904 4557 vitam

692 4600 742 4640 et
770 4590 1035 4641 montibus
1068 4589 1360 4658 Pyrenaeis,
1385 4603 1555 4653 usque
1584 4588 1850 4642 Oceanum
1885 4604 2031 4642 mare
2056 4604 2084 4641 a
2107 4590 2264 4644 Chlo-

693 4679 868 4733 doveo
910 4690 1224 4744 occupatum
1268 4686 1351 4733 est
1395 4676 1606 4748 (Capp.
1650 4677 1737 4743 55,
1769 4678 1898 4745 57).
1959 4679 2263 4735 Thesauros

695 4769 890 4823 Alarici
943 4784 971 4820 a
1021 4769 1212 4823 Tolosa
1253 4768 1504 4823 auferens
1534 4783 1713 4824 secum
1749 4770 1983 4824 Parisius
2012 4771 2177 4833 duxit.
2212 4781 2265 4827 et

769 4890 793 4917 δ
816 4882 902 4936 Sic
929 4880 1092 4954 Clar.,
1125 4880 1299 4954 idest,
1325 4882 1373 4939 ni
1400 4880 1579 4954 fallor.
1612 4891 1779 4954 castra
1813 4900 1905 4950 per
1926 4899 2141 4954 campos
2174 4886 2287 4939 Di-.

703 4952 980 5021 tionenses
1010 4952 1223 5021 direxit,
1255 4960 1384 5021 etc.,
1414 4952 1493 5004 vel
1527 4952 1576 5003 iu
1606 4950 1887 5021 Campania
1924 4950 2258 5020 Divit’inensi;

698 5024 771 5076 sic
801 5036 918 5090 cap.
951 5020 1020 5074 25
1059 5021 1249 5073 ἀιείιυι·
1278 5020 1565 5086 Campania
1598 5021 1961 5089 Voglavensis.
2001 5025 2138 5079 Editi
2170 5027 2261 5079 Ita-

696 5094 840 5153 bent,
871 5102 1036 5145 castra
1062 5090 1359 5145 Divianense
1382 5090 1707 5158 Campaniam
1735 5095 1938 5157 direxit,
1965 5104 2068 5149 ctc.

765 5161 793 5202 δ
818 5162 998 5221 Ριυῑι..
1048 5164 1339 5228 triumphat.
1382 5162 1512 5215 Can.
1545 5171 1598 5215 et
1619 5166 1777 5216 thes.
1808 5165 1902 5229 al.,
1936 5165 2268 5219 Avenionem-

703 5248 795 5311 que
822 5234 1161 5311 "inrupturos,
1194 5232 1578 5286 Chtodoveus...
1621 5233 1812 5303 dirigit,
1845 5235 1933 5303 qui
1964 5250 2079 5288 eum
2109 5239 2171 5289 de
2197 5240 2266 5289 ci-

698 5305 858 5372 ritate
869 5305 1126 5356 extrahere
1149 5315 1368 5372 possent.

772 5381 793 5408 ε
824 5371 994 5451 Clan-1
1044 5371 1173 5429 Boli.
1202 5384 1256 5426 et
1287 5372 1471 5451 Frch.,
1505 5373 1687 5443 expeti,
1742 5389 1836 5442 pro
1875 5376 2089 5443 gloriam
2129 5388 2269 5430 tuam

699 5442 906 5519 prpetii.
958 5441 1280 5519 Frequenter
1303 5446 1442 5519 enim
1469 5441 1624 5497 castis
1654 5441 1838 5519 sextus
1874 5441 1968 5519 pro
1995 5458 2185 5515 quarto
2215 5446 2269 5499 in

699 5512 803 5631 iss‘t‘o
829 5521 1043 5630 aqqtorc
1091 5512 1315 5566 habetur
1342 5515 1392 5566 in
1425 5529 1577 5577 ηυδε..
1621 5514 1760 5582 quod
1806 5515 1972 5570 semel
2000 5512 2271 5573 monuisse

727 5590 741 5625 ἑ
786 5593 830 5629 IS
857 5593 901 5630 st

696 5590 830 5630 satus
857 5593 901 5630 8|

766 5652 790 5689 ιΊ
821 5647 922 5700 t'Jt.
951 5650 1046 5714 al.,
1089 5651 1545 5707 commissionibus.

770 5731 791 5759 ⁸
825 5722 984 5783 (331).,
1031 5719 1169 5774 levis.
1214 5719 1311 5775 Ch.
1346 5730 1397 5775 et
1440 5722 1598 5778 Frch.
1644 5724 1738 5790 al.,
1789 5723 2003 5792 lenibus,
2059 5726 2263 5780 (tribus.

2367 4591 2682 4645 amiserunt.

2442 4680 2677 4734 XXXIII.
2713 4682 3101 4750 'fboringorum
3132 4692 3242 4737 tres
3268 4682 3457 4740 fratres
3486 4686 3789 4755 regnabant,
3830 4680 3906 4732 Ba-

2368 4772 2578 4827 dericus
2608 4773 2747 4843 [Αι.,
2782 4772 3131 4845 Baldericus],
3166 4774 3533 4831 Ermenfridus
3558 4788 3613 4832 et
3636 4772 3906 4831 Bertbarius

2370 4886 2527 4946 Βοὴ..
2560 4885 2715 4954 infra,
2746 4887 3012 4954 navigaret
3040 4886 3108 4938 ad
3138 4895 3371 4942 tractum.

2446 4955 2463 4993 ί
2495 4956 2568 5031 Ed
2598 4956 2656 5031 ti,
2681 4951 2934 5009 Burconia
2957 4972 2977 5020 ;
3008 4957 3104 5021 al.,
3135 4955 3459 5028 Burgundio,
3487 4957 3767 5031 But-gurria,
3796 4951 3905 5006 Bur-

2366 5028 2546 5079 cltonia
2573 5026 2721 5077 silva.

2438 5105 2465 5167 ᾳ
2499 5094 2656 5157 Boh.,
2694 5093 3036 5167 Vaglauenre;
3065 5097 3159 5162 al.,
3203 5097 3535 5167 Vogludcnse.

2440 5164 2468 5203 ιι
2500 5158 2806 5234 Legeuduiii
2838 5158 3178 5220 Cltildcberto.
3214 5158 3436 5222 Barcino
3466 5168 3591 5222 lIle
3619 5158 3903 5234 episeoths

2370 5238 2657 5307 provincia:
2688 5234 3133 5307 Tarraconensis,
3171 5237 3444 5292 hodiernae
3480 5235 3793 5292 Catelauni-az
3831 5242 3903 5279 cn-

2371 5303 2483 5376 put.
2523 5307 2652 5361 Vide
2680 5303 2919 5376 Gregorii
2953 5308 3144 5360 locum.

2452 5378 2576 5433 iSic
2602 5376 2766 5441 Clar.,
2791 5369 2922 5431 Bob.
2951 5386 3004 5429 et
3026 5379 3155 5429 Can.
3199 5380 3265 5431 At
3294 5377 3452 5432 Frch.
3484 5388 3538 5432 et
3562 5376 3713 5431 Cht's.
3742 5369 3816 5441 hic
3834 5380 3903 5419 ca-

2377 5458 2469 5516 put
2490 5447 2557 5503 52
2587 5448 2663 5500 sic
2684 5449 2935 5502 inclinant
2964 5462 2977 5498 :
3008 5445 3162 5499 Alani
3182 5465 3212 5500 α
3238 5446 3604 5509 Theudcberto,
3649 5452 3747 5516 etc.
3773 5440 3902 5516 Certa

2344 5561 2351 5569 .
2377 5508 2430 5572 in
2459 5519 2689 5586 capitum
2721 5517 2922 5579 indice,
2955 5517 3113 5569 etiam
3144 5518 3196 5571 in
3224 5519 3364 5571 (ηπ.
3401 5508 3657 5586 liabetur_:
3690 5511 3761 5586 0c
3806 5508 3897 5577 Ala:

2378 5570 2699 5656 itis'qiiame;
2724 5570 2775 5640 in
2806 5570 2982 5655 regno,
3017 5596 3122 5639 etc.
3160 5570 3305 5640 Nihil
3347 5601 3476 5640 vero
3513 5570 3577 5639 de
3619 5582 3802 5656 Dauis,
3831 5570 3901 5637 ηυξ

2382 5648 2516 5711 forte
2547 5658 2704 5711 iidem
2732 5648 2884 5719 sunt:
2918 5670 3038 5709 nam
3082 5656 3229 5709 solos
3254 5656 3433 5709 Danos
3456 5660 3707 5708 memorat
3733 5648 3902 5709 στοαί»-

2326 5800 2340 5805 ﬂ
2381 5729 2509 5783 rius.
2530 5726 2787 5797 Bob.,pro
2803 5725 2935 5780 Dani
2956 5735 3142 5793 evecta,
3162 5726 3317 5781 habet
3333 5726 3601 5779 Alamanni
3620 5730 3795 5782 euecta,
3815 5720 3882 5767 etc
