4020 6194
636 320 730 375 598

638 449 665 485 a
698 437 867 484 matre
898 425 1090 495 putllan
1135 423 1362 489 capitur,
1396 429 1445 474 et
1487 420 1665 487 capite
1716 423 2010 468 truncatur.
2070 408 2228 460 Acre-

640 534 725 589 pta
758 518 866 571 filia
894 525 1063 570 mater
1090 511 1429 578 disciplinam
1459 508 1705 576 ingerens
1736 518 1915 559 secum
1945 499 2114 553 duxit.
2147 496 2231 549 Fi-

642 615 711 665 lta
740 620 963 665 matrem
1018 618 1226 659 veneno
1276 599 1559 655 interfecit.
1610 596 1919 652 Theudatus
1952 602 1975 629 ιι
2009 603 2230 659 regnum

642 699 960 757 Theoderici
984 695 1224 759 anthivit,
1253 703 1307 747 et
1349 692 1531 756 filiam,
1583 705 1704 756 tjuze
1756 686 1912 739 matri
1960 681 2236 738 exstiterat

646 791 934 863 parricida,
968 790 1022 844 in
1066 788 1259 842 balneo
1288 783 1639 852 vehementer
1668 790 1931 834 succenso
1973 772 2131 842 jussit
2161 771 2238 822 itt-

646 861 812 950 cludi,
844 894 901 937 ut
938 882 1011 936 ibi
1061 878 1495 935 combureretur.
1527 871 1681 928 Unde
1709 882 1871 922 causa
1900 861 2241 933 compositio-

650 980 734 1032 nis
765 972 1150 1045 quinquaginta
1182 967 1352 1023 millia
1376 964 1672 1020 solidorum
1694 957 2060 1019 Cbildeberto,
2083 953 2236 1008 Chio-

652 1068 789 1122 tario
812 1074 868 1121 et
897 1061 1278 1118 'I‘heudeberto
1306 1055 1607 1113 transmissi
1653 1061 1796 1110 sunt.
1827 1047 1981 1120 Quod
2028 1046 2239 1102 Chihle-

652 1162 837 1213 hertus
881 1164 936 1209 et
984 1150 1407 1207 Theudehertus
1447 1148 1589 1202 inter
1635 1160 1695 1200 se
1741 1143 2061 1206 dividentes,
2114 1135 2246 1192 nihil

653 1248 847 1304 exinde
876 1243 1149 1302 Chlotario
1176 1240 1455 1297 dederunt.
1487 1236 1764 1293 Theodato
1785 1234 2056 1294 defuncto,
2075 1226 2248 1281 Tuttla

655 1337 918 1393 successit
938 1335 993 1389 in
1023 1345 1439 1402 regnttm,quetn
1475 1328 1656 1381 Narsis
1681 1323 1936 1394 patricius
1958 1318 2245 1381 interfecit,

658 1442 986 1501 regnumque
1012 1425 1328 1480 Gotthorunt
1373 1421 1428 1476 itt
1472 1420 1620 1475 Italia
1650 1418 1981 1471 destructum
2012 1423 2094 1467 est
2122 1409 2177 1467 δ.

735 1519 899 1577 XLV.
931 1519 1059 1573 Post
1082 1513 1491 1570 Tltettdebertus
1521 1526 1641 1563 cutn
1666 1507 1906 1562 exercitu
1941 1504 2142 1558 Italiam
2172 1500 2253 1555 itt-

662 1612 925 1683 grcditur,
952 1622 1177 1675 eantque
1228 1620 1322 1675 per
1366 1602 1665 1657 maritimos
1710 1600 1971 1653 terminos
2008 1603 2253 1649 cunctam

664 1700 1017 1771 depopulatur
1041 1696 1193 1768 (Cap.
1219 1696 1330 1763 52).
1364 1694 1541 1748 Narsis
1568 1691 1821 1760 patricius
1848 1688 1897 1741 in
1926 1688 2103 1758 fugam
2130 1700 2225 1739 ver
2250 1717 2258 1725 σ

1664 308 1719 359 S.
1763 295 2095 359 GBEGOI‘III
2132 286 2441 350 EPISCOPI
2480 282 2922 341 TUBONENSIS

2260 408 2307 466 Α
2336 397 2453 466 pius
2482 394 2685 448 fortiter
2710 392 2973 445 dimicans
2994 400 3087 441 eos
3118 385 3169 439 in
3219 383 3395 451 fugam
3427 383 3588 437 vertit
3630 396 3949 450 eorumque

2337 489 2604 542 exercitus
2622 482 2863 552 proterit.
2881 479 3116 533 'l'andem
3134 476 3431 531 infirmatus
3457 489 3485 526 δ
3511 473 3780 544 profluvio
3801 486 3955 526 ven»

2339 582 2454 644 tris,
2472 588 2525 633 et
2541 578 2816 632 exercitus
2832 589 2960 628 suns
2975 575 3163 628 eadem
3182 573 3493 625 infirmitate
3510 573 3724 624 attritus
3740 570 3841 643 [ΑΙ.
3874 573 3957 626 ἰῆς

2340 672 2523 743 teriit],
2542 670 2800 726 Belisario
2818 669 2927 737 jant
2946 664 3248 726 interfecto,
3271 684 3295 715 ει
3319 664 3541 718 Narsitle
3554 673 3858 731 superatur,
3898 677 3961 719 et

2340 764 2678 820 interficitur.
2696 762 2924 831 Ipsoque
2936 772 3078 813 anno
3093 756 3507 811 Theudebaldus
3521 755 3675 820 obiit,
3700 771 3865 826 regnu
3888 778 3944 808 ιι,

2343 872 2447 927 que
2477 855 2592 924 ejus
2632 852 2939 909 Chlotaritts
2970 850 3210 920 accepit,
3245 848 3501 917 copulatis
3535 847 3961 903 Waldetradatn

2344 948 2445 1004 sibi
2482 960 2729 1001 uxorem.

3823 272 3943 325 5:2

2417 1037 2503 1094 LI.
2538 1037 2616 1092 Eo
2644 1051 2789 1091 anno
2814 1032 3202 1092 rebellantibus
3230 1031 3565 1098 Saxonibus,
3610 1028 3967 1097 Chlotarins,

2347 1140 2619 1184 commoto
2646 1127 2914 1194 exercitu,
2944 1125 3231 1181 maximam
3258 1138 3444 1179 eorum
3486 1130 3692 1192 partem
3724 1122 3835 1177 dele
3854 1126 3968 1183 vit,

2349 1222 2692 1291 Thoringiam
2722 1228 2959 1283 vastans,
2994 1220 3116 1286 quia
3160 1218 3238 1271 eis
3284 1217 3547 1271 auxiliare
3594 1216 3762 1288 568
3806 1232 3871 1286 pr
3890 1231 3961 1268 :2-

2352 1323 2692 1385 sumpserant
2720 1312 2875 1384 (Cap.
2907 1312 2997 1381 IO)
3032 1309 3082 1364 δ.
3116 1310 3223 1365 Nec
3255 1312 3422 1364 multo
3443 1320 3565 1379 post
3596 1322 3831 1379 tempore
3852 1311 3961 1363 de-

2354 1423 2463 1464 nuo
2486 1408 2793 1463 Saxonibus
2816 1404 3221 1464 rebcllantibus.
3245 1401 3553 1458 Chlotarius
3570 1404 3739 1456 movit
3758 1401 3958 1456 adver-

2359 1518 2449 1556 sus
2503 1515 2597 1554 eos
2647 1499 2941 1555 exercitum
2993 1498 3144 1569 (Cap.
3196 1498 3309 1563 II).
3365 1496 3608 1552 Saxones
3665 1496 3962 1551 olfetentes

2357 1604 2547 1648 conca
2571 1590 2859 1646 emendare
2888 1605 3006 1658 qua:
3036 1591 3176 1643 male
3225 1596 3524 1657 geSserant,
3571 1600 3627 1642 et
3672 1587 3960 1642 dimidiam

2365 1695 2567 1754 partem
2595 1683 2661 1737 de
2688 1682 2936 1737 omnibus
2968 1683 3127 1736 rebus
3155 1695 3342 1735 eorum
3361 1720 3377 1743 ,
3420 1682 3662 1749 exceptis
3694 1681 3962 1735 uxotibus

664 1814 775 1853 sus.
811 1797 998 1849 I‘ostea
1029 1789 1364 1846 Buccellinus
1390 1788 1494 1841 divx
1515 1828 1527 1845 .
1555 1784 1707 1852 jussu
1736 1780 2117 1844 'I'heudeberti,
2167 1777 2257 1832 Si-
2290 1787 2337 1847 Β
2363 1786 2416 1832 et
2447 1776 2651 1842 liberis,
2684 1775 2738 1828 in
2769 1774 3157 1843 compositione
3182 1772 3435 1826 offerunt.
3465 1772 3617 1839 Quod
3651 1773 3836 1826 Franci
3870 1790 3962 1826 ac-

670 1889 850 1943 ciliattt
882 1892 1125 1951 occupat,
1180 1890 1452 1948 totamque
1491 1877 1649 1947 567
1701 1874 1899 1928 ltaliam
1945 1871 2255 1933 dominans,

667 1992 860 2048 magna
888 1976 936 2030 ei
972 1973 1195 2029 felicitas
1228 1982 1248 2009 ε
1284 1972 1337 2025 in
1370 1970 1450 2024 his
1477 1965 1872 2023 conditionibus
1904 1964 2016 2017 fuit.

740 2068 927 2124 XLVI.
955 2066 1216 2121 Petitione
1241 2060 1537 2118 Desiderati
1572 2056 1934 2113 Verdunensis
1960 2054 2109 2110 urbis
2150 2054 2263 2123 epi-

675 2165 821 2233 smpi
852 2159 1264 2216 Theudebertus
1293 2155 1590 2210 clementer
1615 2160 1739 2206 octo
1767 2148 1931 2205 millia
1955 2148 2157 2203 solidos
2184 2150 2263 2199 ci-

678 2259 833 2313 vibus
867 2250 1306 2309 Verdunensihus
1334 2248 1399 2302 ad
1431 2244 1854 2314 recuperandum
1884 2242 2035 2297 dedit
2074 2241 2263 2311 (Capp.

674 2353 765 2415 Si,
797 2350 908 2417 36).
946 2344 1350 2401 'fheudcbertus
1390 2348 1613 2395 vexatus
1649 2353 1678 2392 a
1707 2336 1857 2394 febre
1904 2335 2128 2390 moritur
2174 2334 2269 2388 de-

676 2457 814 2497 cimo
842 2447 1035 2509 quarto
1068 2437 1214 2505 regni
1245 2435 1327 2489 sui
1359 2448 1520 2487 anno.

755 2533 968 2589 XLVII.
1001 2514 1392 2585 Chrotechildis
1419 2525 1597 2593 regina
1623 2523 1779 2593 plena
1803 2520 2009 2575 dierum
2035 2527 2087 2573 et
2118 2518 2272 2572 bonis

681 2628 933 2697 operibus
980 2621 1248 2685 moritur;
1293 2630 1345 2673 et
1384 2617 1437 2671 in
1487 2616 1723 2671 sacrario
1753 2611 1779 2651 ά
1812 2613 2047 2668 basilica:
2102 2609 2270 2664 sancti

683 2722 826 2778 Petri
857 2718 1114 2788 sepelitur
1147 2713 1284 2786 (Lib.
1319 2727 1391 2776 tv,
1425 2726 1540 2775 cap.
1575 2709 1650 2779 l).
1684 2705 1991 2763 Cltlotarius
2015 2703 2167 2776 jubet
2206 2701 2272 2755 ad

682 2826 871 2868 omnes
901 2809 1158 2866 ecclesias
1186 2803 1398 2861 tertiam
1442 2811 1646 2872 partem
1681 2800 1953 2855 fructuum
1984 2799 2114 2851 fisco
2159 2795 2273 2848 dis-

684 2908 926 2964 solvere;
955 2901 1047 2956 sed
1072 2900 1358 2956 resistente
1379 2894 1640 2965 Iujttrioso
1668 2891 1919 2963 pontiﬁce
1946 2889 2046 2944 hoc
2075 2888 2274 2943 malum

686 2995 975 3053 tlestruitur
1006 2992 1195 3062 (Capp.
1226 2990 1284 3055 2,
1315 2988 1392 3057 3).
1428 2985 1730 3041 Chlotarins
1759 2983 1826 3036 de
1858 2980 2093 3050 Ingttnde
2126 2979 2276 3035 Gun-

689 3089 955 3150 tharintn,
1012 3082 1404 3143 Cltildericum,
1458 3077 1793 3134 Aribertum.
1845 3072 2274 3137 Guntramnum,

2365 1868 2542 1936 cipere
2571 1866 2951 1936 despicientes,
2977 1880 3071 1919 eos
3094 1864 3398 1918 interficere
3428 1876 3715 1927 conantur,
3739 1865 3965 1916 Chlota-

2367 1960 2451 2016 rio
2494 1959 2778 2012 dicentes:
2831 1957 2945 2011 Non
2978 1956 3279 2024 pacificabis
3329 1970 3450 2009 cum
3498 1956 3598 2021 eis,
3656 1957 3748 2009 sed
3794 1970 3963 2022 surge

2371 2050 2671 2119 prtt'liemur
2695 2048 3102 2103 etnlciscamur
3152 2048 3205 2099 in
3264 2047 3387 2100 illis.
3446 2046 3581 2099 Cum
3634 2048 3719 2100 ille
3771 2050 3965 2112 ttOIIct,

2373 2144 2565 2199 Franci
2589 2140 2915 2196 Chioittl‘ittlll
2948 2141 3186 2194 volentes
3207 2141 3476 2203 occidere,
3503 2140 3705 2193 IttVIlUs
3731 2146 3966 2208 perrexit

2371 2239 2436 2295 ad
2469 2240 2740 2310 praelium,
2794 2238 2969 2309 ibique
3019 2247 3161 2291 tanta
3216 2250 3423 2309 strages
3472 2253 3501 2291 a
3551 2240 3852 2294 Saxonibus
3903 2241 3968 2293 de

2374 2329 2597 2385 Francis
2627 2333 2762 2384 facta
2792 2340 2894 2395 est,
2928 2342 2983 2384 ut
3015 2331 3209 2383 mirum
3244 2330 3447 2385 fuisset.

2447 2424 2551 2477 LII.
2581 2423 2958 2478 Childebcrtus
2989 2438 3108 2477 cunt
3140 2424 3414 2478 Chramno
3441 2424 3662 2477 insidias
3690 2423 3963 2478 Chlotario

2374 2524 2527 2585 parat
2573 2514 2723 2585 (Cap.
2777 2513 2888 2583 I6).
2928 2512 3210 2569 Aribertus
3263 2515 3278 2550 ί
3315 2523 3369 2569 et
3400 2512 3761 2569 Guntrantnus
3808 2514 3964 2583 ersu

2379 2606 2540 2674 patris
2566 2621 2686 2660 cum
2718 2607 2959 2659 exercitu
2986 2614 3175 2659 contra
3214 2605 3541 2659 Chramnum
3577 2604 3841 2675 dirigunt,
3874 2606 3963 2660 Sed

2375 2698 2559 2753 divino
2606 2707 2737 2750 nutu
2769 2704 3102 2764 temperante
3136 2697 3182 2761 i,
3230 2710 3351 2750 cum
3397 2695 3548 2766 gravi
3593 2698 3966 2751 coruscatiune

2377 2798 2563 2871 exarui
2587 2802 2615 2840 a
2642 2787 2831 2858 prmlio
2859 2797 3199 2858 separantur.
3231 2788 3534 2842 Chramnus
3575 2803 3696 2843 cum
3744 2788 3961 2843 Childe-

2382 2880 2541 2934 berto
2572 2883 2839 2948 pertendit
2865 2876 3076 2947 (Ibid.).
3111 2880 3349 2933 Saxones
3378 2878 3610 2934 faetione
3639 2877 3963 2934 Chiltleberti

2379 2968 2432 3024 in
2478 2968 2700 3025 Francia
2760 2968 3056 3035 venientes,
3112 2982 3281 3038 usque
3330 2968 3589 3025 Diviciam
3626 2968 3653 3006 ι
3694 2970 3960 3024 civitatein

2388 3067 2593 3136 praedas
2625 3075 2871 3136 egerunt.
2902 3064 3203 3118 Chramnus
3242 3079 3361 3118 cunt
3394 3063 3737 3120 Childebertu
3762 3082 3823 3119 se
3868 3063 3961 3117 foro

691 3178 1036 3247 Sigibertutn,
1070 3183 1123 3226 et
1151 3166 1567 3225 Chlndesindam
1610 3166 1774 3219 filiam
1804 3163 2003 3218 habuit.
2036 3160 2113 3215 De
2137 3163 2270 3217 Are-
2299 3163 2345 3225 C
2379 3152 3615 3227 titerconstringit.ChildebertusBhemensem
3630 3156 3959 3223 Campania-tt

698 3267 874 3339 gunde
901 3275 922 3301 ο
954 3278 1139 3318 sorore
1187 3257 1439 3328 [agundis
1467 3256 1848 3324 Chilpericuin,
1879 3261 1935 3309 et
1976 3253 2044 3307 de
2076 3252 2274 3307 Unsina

696 3359 884 3414 habuit
906 3357 1255 3411 Cltramnttm.

769 3448 1001 3504 XLVIII.
1028 3444 1287 3515 Angilane
1318 3442 1368 3495 itt
1398 3440 1594 3509 Spania
1638 3447 1918 3506 regnante,
1970 3449 2091 3489 cum
2138 3442 2282 3489 esset

701 3540 919 3608 iniquus
964 3537 1095 3599 suis,
1125 3532 1397 3588 exercitus
1440 3526 1647 3597 imperii
1696 3526 1920 3596 Spanias
1965 3522 2278 3595 ingreditur.

699 3634 851 3702 Agila
872 3631 1187 3685 interficitur
1215 3625 1368 3694 (Cap.
1393 3622 1473 3692 8).

770 3723 959 3780 XLIX.
992 3716 1412 3785 Athanaghildus
1452 3712 1690 3768 succedit
1731 3713 1784 3766 in
1825 3726 2020 3781 regno,
2072 3710 2162 3781 qui
2216 3708 2283 3765 ab

702 3817 897 3888 Spania
928 3813 1216 3869 exercitum
1250 3808 1454 3878 imperii
1485 3806 1689 3875 expulit
1718 3802 1929 3875 (Ibid.).

778 3908 840 3962 L.
872 3901 1280 3959 Theudebaltlus
1308 3899 1443 3953 filius
1462 3896 1821 3951 Theudeberti
1848 3893 2238 3948 Waldetradam
2259 3890 2279 3931 ί

705 3998 857 4055 duxit
904 4010 1124 4051 uxorem
1185 3989 1334 4061 (Cap.
1388 3990 1465 4057 9).
1520 3988 1647 4042 Erat
1689 3987 1843 4040 valde
1893 3986 2104 4054 iniquus
2150 3984 2321 4049 suis,’

707 4089 859 4160 cujus
903 4095 1143 4154 tempore
1181 4097 1297 4135 uva:
1339 4080 1391 4134 in
1421 4094 1586 4133 cauco
1629 4088 1655 4124 ε
1690 4088 1823 4130 natae
1854 4084 1996 4130 sunt.
2029 4073 2192 4130 Stella
2219 4088 2286 4129 ex

710 4184 940 4236 adverso
966 4177 1189 4232 veniens
1219 4176 1268 4229 itt
1299 4173 1476 4227 lunam
1526 4172 1763 4239 ingressa
1814 4181 1916 4223 est.
1974 4168 2287 4223 Buccelinus

712 4277 766 4331 in
796 4272 941 4328 Italia
969 4268 1107 4340 apud
1141 4266 1448 4321 Belisarium
1476 4272 1530 4318 et
1576 4262 1852 4316 Narsidem
1898 4261 2147 4331 patricios
2190 4274 2290 4315 saa-

714 4382 1102 4453 Traquilfane_.__
1151 4376 1362 4439 Vales.,
1411 4372 1757 4453 Trauviltane,
1809 4372 1899 4441 qui
1938 4383 2120 4453 censet
2167 4388 2289 4427 eum

717 4442 845 4508 esse
882 4447 1209 4519 Triquillam‘
1234 4442 1576 4519 prgettositnnt
1617 4442 2028 4519 domtts_regim,
2063 4443 2132 4519 de
2186 4458 2291 4513 quo

718 4523 972 4578 Boethius
998 4511 1104 4573 "lib.
1136 4533 1153 4570 ι
1181 4511 1250 4570 de
1275 4513 1669 4569 Consolatione.
1704 4511 1950 4579 Plerique
1990 4514 2133 4567 enim
2164 4511 2291 4568 tunc

720 4592 937 4647 nomina
960 4591 1011 4644 in
1034 4606 1064 4641 a
1088 4586 1450 4653 producebant
1472 4588 1521 4635 in
1540 4583 1673 4653 anis,
1694 4592 1750 4635 ut
1769 4584 2033 4645 Attilanis.
2052 4582 2290 4646 Melanis,

720 4673 827 4715 etc.
861 4660 1041 4713 Trivva
1072 4652 1393 4725 prmposittts_
1417 4652 1879 4725 cubiculihdicitur
1923 4654 1993 4725 in;
2021 4653 2298 4721 Excerptis

725 4731 974 4786 Historiae
1002 4722 1081 4781 ah
1096 4726 1325 4779 Henrico
1351 4723 1567 4777 Valesio
1596 4722 1771 4787 editae,
1805 4724 1871 4779 ad
1919 4723 2119 4779 calcem
2166 4725 2296 4778 Am-

722 4800 883 4860 miani
915 4795 1225 4852 Marcellini.

798 4879 823 4907 ι
854 4868 995 4924 Clar.
1019 4876 1073 4919 et
1098 4864 1256 4926 Βοὴ..
1288 4862 1330 4916 Τ
1333 4861 1645 4924 heat/rudus;
1676 4874 1726 4917 et
1756 4862 1891 4918 infra
1914 4903 1928 4929 ,
1977 4862 2297 4918 Theuthado.

725 4940 830 4997 Ch.
857 4934 1314 5003 al.,TheuItadus.
1361 4935 1435 4986 De
1463 4931 1543 4985 Itis
1588 4932 1710 4987 vide
1756 4942 1907 4988 notas
1956 4935 2005 4986 in
2052 4935 2297 5002 Gregor..

725 5012 920 5080 quibus
941 5002 1007 5080 ea
1030 5005 1194 5080 junge
1241 5017 1360 5080 quae
1406 5003 1473 5056 de
1513 5003 1908 5080 Amalasnntlne
1945 5002 2091 5080 enode
2140 5006 2299 5080 habet

725 5073 1096 5147 Procopius'in
1120 5074 1349 5147 Ilistoria
1372 5087 1584 5147 arcana,
1602 5073 1917 5147 ubi‘fatetur
1932 5088 1989 5127 se
2005 5073 2299 5147 Theodore

728 5142 986 5222 Augusta;
1007 5154 1151 5202 metu
1175 5159 1287 5199 rem
1320 5145 1380 5222 in
1406 5142 1672 5222 .Historia
1698 5142 2012 5222 Gotthorum
2055 5145 2301 5222 dissimu:

728 5212 891 5279 Iesse.
926 5220 1023 5274 llic
1051 5228 1228 5272 autem
1258 5213 1446 5269 scribit
1491 5212 1824 5268 Theodoram
1870 5214 2093 5268 veritam
2140 5229 2207 5269 ne
2255 5214 2298 5268 si

728 5289 1138 5352 Amalasnntha,
1170 5297 1224 5340 ttt
1256 5286 1370 5353 ipsa
1399 5286 1764 5345 constituerat,
1799 5282 2112 5353 Byzantium
2152 5283 2302 5338 veni-

730 5371 835 5427 ret,
863 5359 1191 5417 Justinianus
1215 5358 1343 5425 imp.
1373 5368 1431 5427 se
1459 5356 1566 5421 ipsa
1599 5355 1835 5427 neglecta
1861 5355 1999 5407 illius
2019 5367 2202 5427 amo_re
2223 5368 2299 5406 ca.

732 5423 972 5501 paretur.
1003 5428 1162 5501 Petro
1190 5423 1365 5497 legato
1388 5424 1738 5501 dentandasse
1768 5431 1828 5477 ut
1854 5439 1977 5501 eam_
2005 5439 2096 5489 per
2125 5423 2300 5501 Theo-

731 5494 913 5554 datunt
941 5497 1165 5553 interfici
1192 5494 1424 5560 curaret,
1453 5494 1592 5560 quod
1622 5496 1777 5561 paulo
1805 5504 1926 5562 post
1956 5494 2147 5546 factum
2180 5494 2298 5548 fuit.

800 5569 828 5607 ι’
850 5570 985 5636 Alia,
1003 5569 1095 5621 sed
1122 5566 1337 5633 antiqua
1367 5580 1547 5636 manu,
1576 5564 1740 5628 Clar.,
1771 5564 2071 5636 translatum
2099 5571 2193 5636 eu.

808 5648 830 5676 ε
855 5632 1080 5701 Ch.al.,
1113 5632 1407 5703 infelicitas.
1436 5632 1568 5703 Boh.
1587 5674 1603 5697 ,
1634 5649 1816 5703 magna
1847 5634 2139 5703 infelicitas.
2173 5634 2304 5703 Buc-

734 5708 915 5764 celliui
943 5709 993 5759 itt
1015 5701 1362 5774 Campaniam
1405 5702 1661 5759 adventus
1690 5701 1930 5759 meminit
1972 5702 2195 5774 Grcgur.
2228 5701 2301 5756 Μ.

735 5780 829 5837 lib.
855 5795 870 5834 l
901 5776 1102 5843 Dialog.
1134 5788 1250 5841 cap.
1281 5773 1334 5826 2.

2381 3247 2731 3317 depopulatus
2760 3257 2839 3301 est
2873 3245 3022 3317 (Cap.
3062 3246 3173 3306 Π).
3208 3247 3523 3314 Austrapius
3555 3247 3662 3301 dux
3694 3248 3744 3301 itt
3776 3248 3955 3300 basili-

2382 3357 2500 3396 cam
2516 3338 3246 3395 sanctiMartiniChramnutn
3264 3348 3506 3393 metuens
3520 3338 3650 3409 fugit
3675 3338 3828 3410 (Cap.
3858 3342 3951 3399 l8).

2457 3433 2590 3487 LIII.
2632 3431 3005 3486 Childcbertus
3037 3445 3128 3485 rex
3160 3430 3296 3499 apud
3331 3431 3577 3485 Parisios
3624 3432 3778 3495 obiit,
3823 3443 3872 3484 et
3916 3431 3960 3482 in

2388 3524 2612 3579 basilica
2662 3522 2831 3576 sancti
2883 3520 2960 3573 Vi.
2985 3524 3168 3583 centii,
3220 3535 3376 3589 quam
3428 3519 3542 3591 ipse
3583 3529 3958 3581 construxerat,

2387 3617 2630 3686 sepultus
2677 3624 2781 3678 est,
2810 3613 2961 3684 cujus
2992 3613 3274 3668 thesauros
3302 3622 3357 3668 et
3404 3628 3629 3681 regnum
3671 3612 3959 3668 Chlotarius

2390 3708 2681 3778 assumpsit
2712 3707 2860 3778 (Cap.
2890 3704 3003 3777 20).

2458 3800 2587 3854 LIV.
2622 3799 3014 3854 Waldetradatn
3040 3805 3092 3851 ct
3121 3797 3254 3850 filias
3279 3796 3395 3866 ejus
3416 3795 3550 3851 duas
3581 3796 3635 3851 itt
3666 3798 3857 3851 exsilio
3880 3810 3956 3863 po-

2387 3891 2494 3947 suit
2522 3889 2707 3963 (lbid.)
2740 3889 2782 3942 ι.
2815 3888 3113 3943 Chramnus
3133 3888 3183 3941 in
3210 3888 3531 3941 Britanniam
3558 3886 3694 3958 fugit
3718 3888 3783 3941 ad
3801 3885 3954 3941 Cotto-

2390 3983 2541 4038 brem
2575 3991 2613 4019 ω
2646 3981 2892 4036 comitem
2943 3980 3339 4033 Britannorum.
3392 3978 3773 4033 Willacbarius
3825 3990 3961 4031 socer

2387 4072 2505 4145 ejus
2532 4073 2597 4126 ad
2641 4073 2918 4127 ecclesiam
2944 4087 2997 4124 sa
3012 4072 3113 4125 neti
3146 4071 3351 4124 Martini
3384 4071 3641 4140 confugit.
3678 4073 3779 4125 Per
3806 4071 3955 4137 ipsum

2396 4164 2513 4218 haec
2557 4162 2770 4217 basi'ica
2816 4160 2947 4233 (AL,
2995 4160 3244 4233 ecclesia]
3292 4160 3539 4215 inccndio
3589 4167 3955 4217 concrematur.

2404 4254 2595 4310 Postea
2626 4270 2653 4307 a
2676 4253 2953 4308 Chlotario
2981 4253 3243 4324 condigne
3279 4262 3647 4322 retuperatur,
3702 4266 3751 4307 et
3795 4261 3960 4306 statuto

2462 4364 2488 4405 δ
2526 4368 2578 4421 In
2610 4367 2753 4421 Clar.
2784 4368 2853 4420 al.
2885 4382 3028 4420 man.
3057 4366 3252 4421 additzr-
3275 4375 3402 4423 sunt
3446 4366 3640 4422 littera:
3670 4377 3749 4437 at,
3794 4374 3845 4421 ut
3886 4365 3959 4417 fiat

2393 4443 2694 4492 sacratario.

2475 4517 2499 4546 ⁸
2528 4509 2627 4563 Ch.
2660 4508 2733 4561 aI.
2761 4519 2812 4561 et
2847 4507 3006 4561 Freh.
3032 4507 3126 4570 al.,
3160 4506 3506 4577 [Iadegunde;
3536 4518 3590 4561 et
3636 4509 3793 4573 infra,
3835 4504 3957 4559 Cttn-

2320 4552 2375 4614 D
2397 4578 2690 4668 sinazgap.
2722 4592 2861 4668 seq"
2889 4552 3178 4668 ιιξιιιιξιιιηὲ2
3197 4552 3473 4668 Hispania;

2475 4646 2492 4687 ί
2521 4648 2620 4702 Ed.
2643 4643 2701 4702 et
2732 4643 2890 4712 infra,
2920 4643 3306 4711 γαιάεταιίαιηξ
3320 4650 3390 4702 al.
3427 4645 3818 4715 Vuldotradum,
3850 4643 3956 4697 Vul-

2402 4720 2710 4773 dodradam.

2478 4799 2503 4836 8
2534 4787 2720 4852 Freh.,
2748 4786 2937 4842 Cauro.
2968 4788 3102 4842 Can.
3131 4795 3188 4842 et
3207 4785 3307 4841 Ch.
3348 4787 3446 4853 al.,
3480 4787 3761 4844 Sambuco.
3806 4784 3951 4842 Clar.,

2402 4862 2457 4914 in
2486 4868 2666 4929 pauco.
2701 4859 2805 4913 Sed
2832 4860 2999 4926 prima
3029 4860 3203 4913 littera
3233 4860 3344 4914 fere
3373 4858 3566 4913 detrita
3595 4870 3708 4923 est;
3738 4868 3788 4913 et
3815 4853 3947 4915 infra,

2406 4928 2502 5000 pro
2526 4932 2670 5000 luna,
2703 4928 2836 4982 Boh.
2865 4931 3060 4982 limina.

2476 4998 2504 5036 ιι
2528 4999 2685 5068 Boh.,
2723 5000 2821 5063 Qui
2852 5016 3026 5052 eorum
3053 4999 3251 5052 auxilia
3280 5008 3733 5068 prtesutnpserant.

2484 5071 2501 5107 ⁸
2534 5067 2673 5124 Infra
2706 5072 2898 5123 dicitur
2926 5067 3441 5123 Clmriberlus.Clar.
3474 5070 3638 5127 habet
3662 5067 3947 5124 At'rt'bertut.

2407 5138 2502 5206 al.,
2526 5138 2897 5192 Chairibcrtus.

2481 5204 2495 5259 ἱ
2523 5209 2767 5265 Sicediti.
2785 5210 2946 5271 Clar.,
2969 5219 3263 5278 temperate,
3292 5224 3386 5274 pro
3407 5218 3722 5275 tempestate,
3738 5210 3785 5262 ni
3803 5204 3946 5259 fallor.

2474 5278 2501 5317 ¹ι
2532 5279 2665 5334 Can.
2698 5288 2752 5332 (ιι
2783 5280 2885 5333 Ch.
2909 5281 3008 5341 al.,
3037 5278 3326 5341 Duuciam;
3354 5279 3449 5340 al.,
3474 5279 3751 5334 Dwt'ciam.

2479 5347 2492 5386 ¹
2521 5350 2653 5402 Con.
2679 5359 2729 5420 et
2755 5352 2884 5403 Boh.
2914 5351 3025 5403 hate
3050 5350 3367 5414 prmcedettti
3390 5351 3623 5420 capitqu
3644 5352 3877 5420 jungunt.
3902 5348 3943 5391 ει

2407 5421 2595 5475 melius
2623 5419 2856 5491 quidem.
2910 5420 3210 5487 Legendum
3244 5433 3401 5491 porro
3453 5418 3808 5491 Ulli-agnuam,
3856 5424 3948 5480 quit:

2408 5493 2583 5545 fuerat
2622 5489 2949 5543 Childeberti
2981 5505 3132 5546 uxor.
3171 5490 3296 5541 Vide
3335 5488 3555 5558 Gregor.

2486 5569 2523 5596 ω
2544 5560 2655 5631 Ch.
2680 5561 2759 5631 al.
2793 5559 3060 5631 etFreh.,
3091 5548 3685 5631 Cunobertmrtvregem;
3723 5566 3776 5613 et
3822 5548 3944 5631 infra;

2412 5646 2508 5701 pro
2541 5612 2944 5701 Willt'acltarias,
2963 5612 3102 5701 cta’r.
3136 5640 3191 5701 et
3219 5629 3375 5701 Bob.,
3409 5612 3801 5701 ρυίιῗαριέᾶτίὲη.
3833 5612 3945 5701 αυεκὲ

2416 5686 2607 5755 nomen
2636 5700 2847 5753 incaute
2875 5686 3128 5753 dividitur
3154 5699 3208 5752 in
3236 5686 3374 5751 Can.’
3400 5686 3538 5761 Quia
3568 5699 3854 5757 Laelianas.
3896 5686 3944 5739 Li

2416 5772 2551 5827 infra
2580 5769 2737 5825 Chcs.
2768 5780 2821 5825 et
2851 5769 3034 5838 εγω,
3066 5780 3271 5839 propter
3293 5768 3479 5839 ipsum.
