4020 6194
646 254 679 265 κ

143 295 233 348 597

1163 288 1481 345 HISTORIA
1524 285 1941 343 FIIANCORUM
1980 287 2392 346 EPI'IIMIATA.

3290 300 3398 355 588

144 418 239 474 tur,
266 414 318 462 et
347 407 400 460 in
432 405 636 461 Italiam
670 404 921 474 fugaciter
951 414 1291 459 revertuntur
1311 446 1326 470 ,
1352 403 1565 458 amissis
1591 416 1710 457 om-
1739 407 1789 463 Α
1818 399 2104 456 Redientes
2146 400 2213 455 ad
2252 410 2423 456 castra
2467 402 2749 469 Austrasii,
2785 403 3040 459 adversus
3070 388 3426 476 Sigibertumf

145 500 289 551 nibus
319 512 442 565 qua:
473 496 835 565 prmdaverant
862 494 1013 564 (Cap.
1046 496 1111 549 5'1
1136 512 1151 560 ;
1179 498 1277 559 al.,
1309 495 1425 562 45).
1474 494 1716 549 Saxones

146 590 326 642 iterum
350 602 478 641 cum
502 586 757 640 uxoribus
781 595 835 640 et
858 585 1040 639 liberis
1067 587 1119 639 in
1149 586 1349 641 Callias
1371 585 1534 655 574,
1551 584 1717 639 άεδιίο

149 688 298 736 nant.
334 689 391 730 ut
422 693 455 731 ε
486 677 753 745 Sigiberto
804 692 930 745 rege
980 676 1205 745 recepti,
1255 675 1320 729 in'
1356 676 1530 729 locum
1576 677 1715 731 unde

147 762 378 826 exierunt
407 770 666 824 redirent.
706 767 991 823 Venientes
1022 770 1072 822 in
1118 767 1443 821 territ0rium
1484 768 1715 821 Avenni-

147 877 277 925 cum,
311 861 630 915 Mummolus
675 861 918 928 protinus
946 860 1156 912 obviam
1188 857 1410 911 veniens
1437 858 1537 923 eis,
1572 857 1717 910 Illio-

148 956 327 1009 dauum
376 954 610 1009 transire
656 968 763 1007 non
813 952 1170 1019 permittebat.
1219 949 1407 1004 Postea
1435 992 1449 1015 ,
1482 950 1717 1017 acceptis

149 1046 486 1111 muneribus,
530 1046 756 1101 transire
807 1060 901 1099 cos
954 1044 1217 1113 permisit.
1263 1042 1343 1097 Ad
1391 1041 1714 1111 Sigibertum

149 1137 267 1209 (AL,
285 1152 313 1189 a
334 1134 624 1207 Sigiberto]
655 1146 939 1205 pergentes
963 1136 1014 1189 in
1039 1136 1155 1190 loco
1178 1134 1319 1190 unde
1341 1133 1486 1201 prius
1516 1134 1715 1203 egressi

149 1232 361 1295 fuerant,
383 1239 512 1284 sunt
557 1229 795 1284 stabiliti.
830 1228 1043 1293 Postea,
1070 1226 1323 1281 defuncto
1346 1224 1481 1295 Clip,
1512 1225 1717 1293 Lango-

150 1322 424 1375 bardorum
457 1322 622 1376 duces
667 1320 869 1378 Cltamo
894 1363 906 1381 ,
939 1319 1117 1375 Zaban
1149 1327 1203 1372 et
1234 1317 1487 1372 Iiodanns
1517 1316 1716 1372 Gallias

150 1413 440 1482 irruperunt
470 1412 623 1484 (Cap.
655 1411 755 1475 59;
786 1412 885 1476 al.,
916 1411 1030 1480 45).
1074 1409 1276 1475 Quibus
1303 1410 1514 1465 obviam
1546 1410 1719 1464 Mum-

152 1508 307 1560 tuolus
354 1522 476 1560 cunt
521 1504 758 1560 exercitu
806 1503 970 1568 venit,
1005 1512 1058 1555 et
1089 1504 1187 1556 bos
1232 1514 1340 1557 tres
1387 1502 1549 1557 duces
1593 1516 1713 1557 cum

151 1611 317 1649 eorum
359 1595 604 1649 exercitu
636 1609 807 1663 usque
835 1593 899 1647 ad
933 1592 1351 1648 internecionem
1396 1593 1618 1648 delevit.
1662 1594 1716 1647 In

151 1685 244 1739 alio
261 1700 398 1740 anno
420 1684 747 1741 Mummolus
767 1699 888 1738 cum
911 1684 1145 1741 exercitu
1172 1682 1421 1737 Turonos
1445 1697 1509 1737 ac
1539 1683 1716 1737 Picta-

1816 506 2083 547 runtoretn
2105 492 2303 558 levant,
2338 492 2578 548 dicentes
2607 513 2619 548 :
2649 494 2799 549 Sicut
2828 496 3119 563 promisisti
3144 499 3208 552 da
3238 502 3398 555 nobis

1815 584 1904 637 ubi
1956 584 2115 638 rebus
2156 584 2409 651 ditemur,
2439 595 2529 639 aut
2558 586 2862 652 prmlietnur
2887 627 2901 650 ,
2932 588 3165 657 alioquin
3194 590 3260 643 ad
3292 606 3388 659 pa-

1817 678 1969 731 triam
2018 693 2123 731 non
2176 680 2515 732 revertimur.
2563 679 2654 733 Ille
2702 679 2887 733 volens
2934 677 2976 744 ί,
3012 682 3319 749 compulsus
3365 699 3394 737 a

1815 769 1946 834 suis,
1969 781 2130 835 snper
2151 770 2539 824 Cuntramnum
2572 771 2669 835 ire,
2688 771 2952 825 Austrasii
2978 772 3127 825 valde
3146 774 3396 828 consilio-

1816 877 1875 917 se
1909 867 1922 912 t
1956 863 2139 917 dicunt
2166 864 2231 917 ad
2262 879 2384 918 eum
2412 866 2812 921 :Sacratnentis
2840 881 3026 934 pacem
3078 882 3200 920 cum
3230 867 3399 923 Gunt~

1816 967 2004 1007 ramno
2041 954 2284 1019 firmasti,
2315 970 2421 1023 quo
2467 964 2621 1023 pacto
2655 956 2948 1023 'possutnus
2976 972 3136 1026 super
3161 972 3286 1013 eum
3320 962 3396 1012 ir-

1817 1047 2012 1100 ruere?
2036 1047 2368 1101 Uuanitniter
2395 1049 2752 1102 exclamantes
2774 1064 2832 1103 se
2851 1064 3012 1118 super
3039 1049 3396 1120 Chilpericqu

1818 1138 1952 1192 velle
2000 1139 2097 1203 ire,
2135 1138 2375 1206 protinus
2406 1147 2680 1192 moventes
2729 1141 2940 1195 irruunt
2988 1157 3150 1210 super
3180 1144 3397 1213 Chilpe-

1817 1228 2007 1280 ricum.
2040 1226 2155 1281 Jam
2182 1227 2299 1295 ejus
2326 1228 2597 1283 exercitus
2620 1229 2684 1281 ad
2714 1231 2923 1297 propria
2956 1230 3218 1288 festinans
3241 1234 3399 1305 longe

1819 1317 2022 1372 aberat.
2047 1318 2175 1371 Cum
2206 1318 2319 1372 brec
2348 1322 2688 1388 cognovisset
2714 1321 3068 1389 Cbilperieus.
3096 1332 3241 1394 terga
3276 1342 3397 1379 ver-

1820 1418 1937 1464 tens
1965 1411 2223 1463 'I‘boruua
2244 1407 2268 1446 ¹ί
2292 1410 2531 1478 pervenit
2557 1410 2707 1480 (Cap.
2725 1410 2831 1476 45;
2860 1412 3398 1482 al.,51).Sigibertus

1820 1512 1938 1570 poSt
1953 1511 2155 1569 tergum
2176 1502 2291 1571 ejus
2305 1502 2540 1555 Parisius
2555 1502 2718 1568 venit,
2737 1502 2914 1572 ibique
2926 1503 3318 1557 sanctissimum
3335 1521 3398 1558 ac

1820 1592 2182 1646 beatissimum
2209 1593 2532 1647 Germanum
2561 1592 2885 1648 Parisiorum
2915 1595 3061 1649 urbis
3087 1597 3396 1665 episcopum

1819 1700 1938 1741 cum
1951 1686 2244 1756 Sigibertus
2259 1686 2497 1753 vidisset,
2517 1689 2630 1741 baac
2646 1691 2711 1742 ab
2726 1690 2911 1743 eodem
2928 1691 3087 1744 verba
3105 1690 3397 1759 prophetico

154 1778 240 1842 vis,
289 1777 512 1845 iubente
561 1775 937 1838 Guntramno,
989 1774 1057 1828 de
1111 1781 1373 1842 potestate
1425 1771 1713 1843 Cbilperici
1747 1781 2058 1843 Baudivit:
2090 1780 2146 1836 Si
2173 1796 2485 1849 germanum
2518 1792 2663 1837 tuum
2696 1784 2765 1837 ita
2807 1798 3129 1851 persequere
3173 1782 3397 1852 cogitas,

152 1867 371 1931 abstulit,
403 1876 458 1922 et
509 1867 576 1921 ad
628 1877 832 1935 partem
883 1865 1134 1935 Sigiberti
1169 1866 1399 1919 restituit.
1429 1863 1580 1934 (Cap.
1614 1864 1715 1931 40;

155 1961 236 2023 al.,
265 1958 372 2029 46).
406 1959 558 2014 Mutti
593 1958 789 2013 ibidem
819 1958 888 2012 de
916 1956 1151 2011 exercitu
1196 1955 1482 2025 Cltilperici
1509 1968 1559 2010 et
1588 1956 1717 2025 ipsis

156 2034 537 2105 I'ictavensibus
567 2058 593 2086 ἰ
620 2058 739 2103 sunt
784 2047 962 2118 gladio
1015 2046 1279 2101 trucidati.
1328 2044 1621 2100 Taloardus
1664 2056 1718 2101 et

157 2140 335 2195 Nuccio
361 2139 389 2180 δ
416 2142 588 2195 duces
620 2139 1087 2210 Langobardorum
1118 2153 1217 2209 per
1254 2138 1445 2193 ostiola
1472 2138 1525 2191 in
1556 2138 1714 2193 Sido-

158 2248 301 2286 nense
332 2243 353 2270 ο
383 2231 711 2286 territorium
760 2245 881 2285 cum
907 2231 1145 2285 exercitu
1193 2239 1313 2283 sunt
1366 2230 1615 2298 ingressi,
1652 2228 1717 2283 ad

159 2326 515 2380 monasterium
540 2333 846 2380 sanctorum
873 2322 1266 2392 Agauncnsium
1287 2322 1506 2375 nimiam
1529 2321 1719 2377 facien-

157 2424 225 2469 tes
249 2427 493 2485 stragem.
521 2416 705 2472 Baccis
729 2416 848 2470 villa
877 2415 929 2480 ά,
962 2429 1059 2469 nec
1086 2413 1268 2483 procul
1291 2412 1358 2467 ab
1390 2414 1506 2482 ipso
1536 2428 1720 2467 mona-

158 2508 318 2572 sterio,
347 2508 510 2563 duces
533 2518 587 2562 et
608 2522 791 2561 eorum
815 2507 1088 2568 exercitus
1112 2503 1389 2558 aWiolico
1406 2502 1719 2557 et’l‘beudo—

160 2594 519 2654 fredoducibus
542 2598 857 2655 Cuntramni
873 2607 999 2653 sunt
1016 2595 1301 2652 interfecti.
1317 2594 1676 2664 Quadragin‘a
1692 2602 1716 2631 °

161 2697 335 2745 tantum
362 2692 553 2747 exillis
579 2691 831 2760 fugaciter
856 2692 909 2744 in
939 2688 1141 2743 Italiam
1174 2695 1432 2742 remeant.

220 2779 391 2835 LXIX.
438 2780 781 2837 Cltlodoveus
830 2779 968 2833 filius
1022 2777 1313 2845 Cbilperici
1365 2775 1716 2845 Burdegalem

162 2873 390 2937 pervadit.
439 2876 485 2929 Δ
537 2871 744 2942 Sig-tlfo
785 2870 921 2925 duce
963 2879 1275 2937 superatus,
1310 2867 1563 2937 fugaciter
1596 2866 1615 2905 ί
1648 2867 1717 2921 ad

164 2975 339 3029 patrem
368 2964 507 3018 redit
552 2964 700 3032 (Cap.
734 2962 835 3025 49;
868 2962 964 3024 αῖον
994 2960 1110 3030 '58)-

222 3053 372 3111 LXX.
400 3054 740 3124 Cbilperieus
787 3052 1037 3107 Pictavos
1065 3059 1120 3105 et
1150 3048 1396 3103 Turonos
1438 3048 1505 3103 de
1550 3060 1716 3117 regno

1820 1882 1875 1925 ut
1899 1886 2022 1926 eum
2048 1871 2350 1926 interﬁcere
2369 1872 2643 1941 disponas,
2660 1882 2715 1927 et
2739 1888 2959 1942 regnum
2990 1888 3143 1926 suum
3166 1874 3398 1933 auferre,

1818 1961 2071 2030 scriptum
2100 1972 2183 2016 est
2207 1980 2219 2014 :
2248 1960 2474 2032 Faveant
2499 1980 2651 2032 quant
2674 1965 2823 2033 fratri
2850 1974 2935 2017 tuo
2963 1964 3190 2033 parabis,
3209 1965 3262 2015 in
3289 1980 3398 2017 cam

1820 2054 2021 2108 cadebis
2066 2054 2247 2123 (Prov.
2296 2070 2440 2119 xxvi,
2467 2056 2581 2126 ‘27).
2633 2054 2798 2124 Cujus
2843 2056 3177 2123 castigationi
3210 2054 3417 2115 nolens,

1819 2158 2075 2209 annuere,
2116 2146 2380 2214 cogitabat
2424 2154 2604 2213 optata
2658 2146 2910 2212 perlicere
2954 2144 3105 2215 (Cap.
3138 2146 3237 2210 46;
3281 2144 3353 2197 al.
3380 2187 3395 2208 ,

1819 2236 1932 2304 5‘2).
1981 2235 2218 2305 Cumque
2248 2235 2543 2290 Victoriaco
2566 2236 2899 2301 accessisset,
2929 2251 3114 2291 omnes
3144 2234 3395 2289 Neustra-

1819 2327 1915 2378 sia:
1970 2324 1983 2361 ι
2023 2326 2087 2378 ad
2119 2341 2242 2379 eum
2294 2326 2565 2379 venientes
2591 2339 2649 2381 se
2678 2342 2788 2380 sua:
2814 2326 3001 2381 ditiotti
3031 2326 3394 2396 subiecerunt.

1820 2416 2121 2471 Ansoaldus
2151 2426 2351 2470 tantum
2382 2431 2502 2471 cum
2545 2417 2851 2486 Chilperico
2888 2418 3163 2471 remansit.
3198 2416 3398 2471 Frede-

1819 2509 2011 2577 guadis
2053 2510 2260 2571 duobus
2291 2513 2469 2580 pueris
2515 2512 2638 2566 dolo
2687 2500 3037 2577 transmissis,
3070 2511 3394 2581 Sigibertum

1821 2597 2165 2665 interficiunt,
2186 2611 2239 2655 et
2267 2602 2365 2670 ipsi
2395 2602 2657 2656 interiecti
2686 2611 2828 2656 sunt.
2862 2602 3167 2672 Resumptis
3197 2601 3399 2657 viribus

1821 2687 2156 2757 Cbilperieus
2179 2706 2441 2757 suumque
2463 2706 2678 2760 regnum
2711 2693 2937 2762 recepit.

1892 2778 2102 2833 LXXII.
2160 2782 2523 2835 Brunecltildis
2572 2797 2691 2835 cum
2738 2782 2845 2836 filio
2910 2798 3008 2836 suo
3053 2781 3397 2838 Cltildeberto

1822 2871 2057 2926 Paris-ius
2085 2871 2184 2925 sub
2231 2872 2471 2925 custodia
2520 2866 2825 2937 tenebatur;
2857 2871 2949 2926 sed
2980 2870 3203 2926 factione
3245 2872 3397 2926 Gun-

1822 2960 1994 3015 doaldi
2024 2960 2173 3014 ducis
2200 2960 2360 3032 576
2400 2958 2773 3015 Cbildebertus
2800 2960 2855 3014 in
2886 2974 3008 3028 pera
3039 2960 3169 3033 [Αι.,
3191 2960 3399 3030 sporta]

1824 3053 2046 3121 positus,
2083 3066 2173 3120 per
2204 3051 2488 3105 fenestram
2517 3066 2545 3103 a
2573 3065 2735 3119 puero
2766 3059 3016 3120 acceptus
3061 3060 3162 3114 cst,
3194 3062 3249 3106 et
3288 3052 3401 3121 ipse

168 3142 385 3213 Sigiberti
435 3148 703 3217 pervasit;
730 3155 785 3200 et
827 3142 1086 3213 Sigulfum
1132 3141 1321 3195 ducem
1367 3140 1487 3210 fuga
1538 3141 1715 3208 vertit,
1747 3154 1796 3219 ρ
1827 3157 1955 3211 puer
1981 3141 2219 3211 singulus
2240 3138 3400 3208 eumMettisexbibuit,ibiqueaGuudoaltlo

168 3248 395 3306 Sumuqu
432 3237 730 3293 exercitum
788 3234 1075 3303 prostravit
1119 3230 1334 3301 (Ibid.).
1383 3231 1721 3297 Cbilperieus

172 3330 377 3385 civitates
398 3346 490 3385 eas
520 3344 655 3399 quas
684 3335 991 3398 pervaserat
1017 3326 1282 3395 Sigiberto
1307 3312 1559 3379 reddidit.
1593 3323 1724 3377 Post

173 3432 338 3475 annum
366 3421 700 3492 Cbilperieus
742 3434 862 3473 cum
895 3418 1061 3472 multo
1103 3416 1346 3471 exercitu
1381 3430 1599 3484 regnum
1629 3414 1724 3467 Si-

176 3514 338 3581 giberti
366 3514 697 3586 ingreditur;
727 3512 822 3567 sed
853 3509 1332 3565 intercurrentibus
1364 3505 1554 3576 legatis
1582 3504 1727 3575 paci-

176 3607 294 3661 Iicati
320 3620 461 3666 sunt.

235 3698 401 3755 LXXI.
432 3701 625 3757 Postea
660 3713 761 3753 una
807 3697 1034 3751 inientes
1078 3692 1384 3757 consilium,
1417 3692 1576 3746 ambo
1604 3706 1723 3745 mo-

179 3802 341 3845 verunt
361 3793 680 3856 exercitum,
709 3788 949 3843 volentes
975 3787 1366 3841 Cuntramnum
1392 3784 1722 3847 inter-licere,

182 3894 474 3950 regnumque
495 3885 616 3954 ejus
632 3896 909 3938 assumere
930 3878 1081 3949 (Cap.
1108 3879 1211 3943 M;
1234 3878 1332 3940 al.,
1356 3876 1469 3946 50).
1496 3876 1731 3943 Sigiber—

184 3980 250 4023 tus
276 3975 421 4045 575
446 3990 571 4030 cum
600 3974 839 4029 exercitu
886 3971 1107 4025 Arciaca
1139 3978 1164 4016 8
1198 3968 1475 4030 resedens,
1518 3966 1733 4034 Cbilpe-

184 4059 303 4117 ricus
339 4064 622 4121 Duodecim
672 4063 889 4118 Pontes.
935 4059 1172 4115 Audiens
1202 4058 1315 4113 lucc
1344 4055 1730 4120 Guntramnus,

186 4156 445 4211 exercitum
497 4156 759 4212 velociter
812 4162 1011 4220 movet,
1062 4151 1390 4220 veniensque
1448 4149 1573 4202 villa
1630 4147 1734 4202 Ve-

191 4243 312 4299 riaco
350 4244 395 4311 δ,
444 4245 928 4303 intercurrentibus
970 4243 1190 4313 legatis,
1241 4242 1293 4293 Ιιί
1346 4251 1453 4294 tres
1499 4238 1737 4310 germani

190 4329 458 4401 Sigibertus
475 4380 489 4403 ,
524 4338 887 4393 Guntramnus
901 4346 953 4390 et
980 4333 1312 4402 Cbilperieus
1336 4332 1533 4387 Trecas
1554 4330 1741 4401 junxe-

192 4434 310 4489 runt,
336 4439 384 4482 et
411 4431 462 4483 iu
503 4428 732 4485 ecclesia
778 4427 946 4481 sancti
997 4425 1126 4492 Lupi
1159 4433 1496 4479 sacramenta
1544 4430 1733 4476 contra

1826 3234 1911 3289 vel
1933 3234 2225 3288 Austrasiis
2239 3234 2293 3287 in
2310 3247 2475 3303 regno
2501 3234 2666 3302 patris
2691 3233 3006 3289 sublimatur
3030 3230 3168 3300 (Lib.
3186 3247 3237 3298 v,
3254 3247 3303 3286 c.
3321 3233 3400 3301 Ι).

1828 3322 2195 3379 Brunecbildis
2231 3322 2383 3392 jussu
2413 3321 2701 3389 Chilperici
2730 3323 2920 3376 exsilio
2949 3320 3216 3376 Rotbomo
3244 3329 3281 3356 ω
3310 3336 3399 3375 re-

1828 3417 2073 3473 truditur.
2116 3415 2172 3470 In
2212 3430 2277 3470 eo
2315 3429 2457 3469 anno
2496 3428 2590 3483 per
2633 3414 2828 3469 cmlum
2873 3412 3043 3483 fulgor
3081 3410 3404 3467 discurrisse

1829 3523 1975 3563 visus
2024 3519 2127 3563 est.
2173 3506 2471 3576 Sigibertus
2501 3508 2552 3560 in
2582 3505 2813 3561 ecclesia
2857 3505 3027 3559 sancti
3056 3502 3291 3558 Medardi
3322 3516 3406 3557 so-

1830 3601 2008 3671 pultus
2055 3613 2131 3656 cst
2158 3642 2170 3665 ,
2227 3610 2384 3655 aetate
2433 3598 2925 3670 quadragenarius,
2965 3595 3175 3652 decimo
3219 3606 3429 3665 quarto-

1830 3694 1977 3761 regni
2006 3694 2084 3745 sui
2114 3706 2255 3746 anno
2280 3690 2435 3763 (Cap.
2464 3690 2569 3755 46;
2601 3690 2702 3755 al.,
2729 3678 2875 3758 se);

1903 3777 2135 3835 LXXIII.
2171 3783 2212 3832 A
2244 3780 2470 3835 transitu
2510 3777 2871 3833 Tbcudeberti
2897 3776 3123 3831 senioris
3152 3788 3317 3843 usque
3342 3774 3408 3830 ad

1830 3869 2031 3923 exitum
2082 3867 2353 3935 Sigiberti,
2403 3868 2526 3921 anni
2578 3882 2702 3921 xxix
2734 3866 2926 3937 (lbid.)
2970 3874 3036 3931 l'1;
3082 3880 3112 3919 a
3152 3866 3409 3933 principio

1834 3972 2000 4026 usque
2026 3957 2092 4011 ad
2117 3955 2396 4022 diluvium,
2423 3956 2549 4009 anui
2580 3956 2687 4009 duo
2717 3954 2882 4008 millia
2909 3969 3118 4020 ccxut;
3150 3969 3179 4006 a
3208 3953 3409 4009 diluvio

1836 4061 2001 4118 usque
2046 4048 2112 4102 ad
2161 4046 2450 4111 Abraham,
2500 4047 2625 4101 anni
2665 4060 2979 4108 accccxut;
3027 4045 3096 4100 ab
3141 4045 3409 4101 Abraham

1840 4154 2008 4210 usque
2036 4140 2103 4194 ad
2140 4153 2415 4208 egressum
2444 4138 2670 4192 filiorum
2703 4138 2864 4191 Israel
2903 4152 2968 4192 ex
2998 4136 3251 4207 Egypto,
3285 4140 3410 4193 anni

1838 4245 2119 4295 coacuit;
2149 4232 2217 4284 ab
2259 4244 2478 4299 egressu
2520 4228 2747 4281 filiorum
2778 4227 2939 4281 Israel
2979 4241 3046 4281 ex
3092 4225 3325 4295 ﬁgypto
3346 4227 3411 4283 ad

1840 4322 2242 4378 mdiﬁcationem
2290 4321 2471 4389 templi
2520 4320 2841 4383 Salomonis,
2878 4317 3003 4373 anni
3039 4333 3309 4373 ccccnxxx
3341 4327 3366 4354 ο
3395 4336 3410 4385 ;

1846 4414 1914 4470 ab
1936 4413 2284 4469 aedificatione
2300 4428 2427 4468 vero
2460 4412 2640 4479 templi
2670 4426 2837 4481 usque
2864 4411 2929 4465 ad
2959 4411 3364 4466 dissolutionem
3389 4422 3412 4461 ιι

194 4509 573 4583 Guutramnum,
615 4527 673 4573 ut
702 4532 883 4587 pacem
915 4523 1215 4577 servarent,
1247 4514 1527 4567 dederunt.
1568 4511 1747 4567 Cunt-
1778 4516 1831 4576 Β
1881 4505 2017 4573 ejus,
2039 4499 3107 4572 ettransmigratiouemBabyloniaa,anni
3128 4510 3412 4554 ccci.qu-

196 4616 381 4664 ramuus
404 4610 652 4680 idemque
664 4624 782 4664 cum
807 4607 885 4663 eis
909 4621 1093 4676 pacem
1120 4603 1467 4659 sacramentis
1487 4603 1738 4658 firmavit.

258 4765 279 4833 Ῐ¹
306 4758 417 4833 ᾼΙῇν
447 4774 491 4817 et
515 4762 614 4833 ipsi
646 4759 991 4833 Pictavenseﬂ

260 4824 282 4861 δ
306 4828 454 4895 Editi,
483 4824 704 4885 N'untio.
734 4832 919 4890 Cbes..
951 4826 1306 4880 Thaloardus.

207 4906 283 4969 ωε
314 4898 364 4953 Id
390 4912 468 4955 est
492 4902 825 4958 Seduncnsc.
857 4898 1130 4969 Seduuutn
1161 4897 1287 4969 urbs
1316 4903 1405 4951 est.
1425 4894 1744 4969 episcopalis

208 4963 385 5040 illarum
431 4976 653 5040 partium
684 4986 782 5025 suo
810 4970 1082 5039 episcopo,
1120 4967 1323 5021 llltmtis
1348 4965 1740 5032 confoederato,

209 5034 445 5110 subjecta,
464 5042 621 5110 vulgo
649 5040 779 5110 Sion
808 5034 975 5093 dieta.

268 5105 288 5137 "
304 5109 456 5165 Locus
469 5104 626 5179 vulgo
638 5109 747 5163 Bea:
760 5111 952 5179 dictus,
975 5108 1108 5160 baud
1127 5104 1306 5179 procul
1319 5104 1385 5179 ab
1399 5105 1745 5179 Agamemn-

213 5178 411 5248 "Ilstcrio
426 5174 646 5248 positus.
670 5180 816 5234 llanc
841 5178 1047 5234 cladem
1060 5176 1224 5230 refert
1238 5174 1507 5248 Mariusad
1522 5174 1744 5248 an._£i'_l_4.

275 5256 292 5313 ῗ
322 5244 466 5305 Freb.
496 5262 549 5305 et
593 5251 722 5305 Cau.
752 5250 848 5313 al.,
882 5249 1166 5312 mendose,
1198 5244 1535 5313 quadraginta
1560 5244 1743 5296 millia.

279 5311 291 5347 ί
321 5318 433 5387 Alii,
461 5331 727 5387 superatus
757 5330 803 5371 et
836 5311 1060 5387 fugatus.

276 5392 297 5424 κ
326 5386 469 5443 Vicus
494 5384 578 5446 est
606 5384 845 5459 quinque
870 5384 1035 5442 Icucis
1062 5385 1128 5459 ab
1178 5384 1308 5438 urbe
1344 5384 1527 5459 'l‘recis
1561 5396 1749 5459 versus

224 5447 407 5523 Iloream
438 5447 653 5523 distans,
691 5447 835 5513 Allia:
878 5458 1039 5513 ﬂuvio
1070 5457 1367 5521 impositus.
1404 5454 1525 5506 inde
1553 5452 1747 5523 (littus,

224 5521 965 5584 Arcimur-Aube.'Duodet'itu
998 5528 1191 5582 l’ontes
1234 5523 1539 5591 oppidulum
1568 5522 1691 5575 olim
1722 5536 1751 5574 a

226 5596 426 5660 l’i‘tttliunt
473 5615 690 5654 numero
734 5601 811 5653 sic
840 5600 1062 5660 dictum,
1096 5610 1235 5648 nunc
1265 5594 1460 5648 Pontos
1490 5594 1752 5660 Sequana:

228 5656 674 5738 lf'gens-sur-Seine)
703 5670 1012 5738 simpliciter
1040 5656 1355 5733 appellatur.
1393 5664 1464 5718 Dc
1504 5656 1603 5717 hoc
1636 5662 1752 5716 loco

228 5732 327 5784 vute
355 5734 513 5793 \‘alcs.
546 5742 596 5795 in
628 5732 820 5794 Notitia
844 5732 1153 5796 Galliarum.

1844 4609 1875 4647 a
1918 4595 2379 4663 transmigratione
2434 4591 2735 4661 Babyloniae
2781 4604 2947 4659 usque
2995 4590 3063 4644 ad
3116 4592 3416 4659 passionem

1919 4756 1943 4783 ἰ
1972 4752 2052 4801 Au
2083 4747 2457 4811 Villariacum,
2488 4744 2554 4799 de
2584 4760 2688 4811 quo
2717 4758 2875 4813 supra
2903 4758 3022 4814 cap.
3055 4743 3142 4799 l9.

1929 4816 1939 4853 ί
1975 4818 2135 4871 Freb.
2168 4827 2221 4870 et
2248 4818 2469 4883 Cltesn.,
2506 4814 2605 4869 Ille
2621 4818 2815 4869 nolens.

1924 4887 1937 4935 t'
1975 4886 2179 4951 Canis.,
2208 4888 2463 4939 insidiose.

1920 4954 1943 4992 ¹ι
1974 4956 2174 5025 Canis.,
2206 4956 2456 5008 Turonos.
2512 4954 2617 5010 Sed
2666 4955 2944 5025 legendum
2986 4963 3068 5008 est
3097 4953 3411 5015 Tornacum,

1847 5043 1952 5097 quo
1977 5040 2039 5097 se
2062 5024 2392 5097 Cbilperieus
2421 5026 2639 5097 ret-epit,
2671 5024 2737 5078 ei
2766 5025 3043 5097 Cregorio.

1930 5096 1945 5132 ι
1983 5094 2182 5149 Chesu.
2213 5107 2266 5148 et
2297 5094 2482 5158 Freh.,
2515 5094 2821 5146 Neustrasii.

1918 5174 1957 5201 ιη
1984 5166 2180 5219 Cbesn.
2211 5178 2259 5217 et
2292 5164 2477 5229 Freb.,
2507 5164 2874 5216 liotltomercm.
2898 5161 3100 5224 Canis.,
3134 5161 3421 5230 Rotomagi,

1850 5245 1907 5291 et
1935 5235 2035 5291 Clt.
2063 5235 2158 5299 al.,
2191 5233 2482 5287 Ratomum.
2511 5234 2691 5286 Lectio
2718 5232 2862 5284 Clar.
2886 5240 2941 5284 et
2987 5232 3118 5285 Bob.
3149 5247 3306 5299 quam
3334 5246 3421 5285 se-

1849 5307 2080 5375 quimur,
2112 5305 2328 5375 optima,
2360 5315 2564 5356 veteres
2591 5302 2786 5370 quippe
2815 5301 3105 5354 llodomum
3134 5312 3226 5355 aut
3260 5300 3417 5355 fluta-

1853 5373 2010 5438 rmtm,
2047 5374 2220 5427 Ilonen
2243 5373 2507 5426 dicebant.

1925 5454 1952 5480 ιι
1979 5446 2110 5497 Can.
2142 5453 2235 5507 al.,
2268 5459 2373 5496 χιχ.
2416 5468 2419 5469 ν

1929 5524 1952 5547 ο
1984 5516 2166 5571 Nullus
2200 5515 2285 5566 bic
2316 5522 2398 5567 est
2427 5527 2676 5569 numerus
2709 5512 2760 5565 in
2788 5512 2967 5566 Canis.

1930 5596 1955 5633 ιν
1990 5584 2119 5638 Bob.
2142 5585 2369 5645 etCan.,
2395 5584 2788 5648 desolationem;
2810 5582 2992 5644 Frelt..
3021 5582 3430 5638 dissolutionem.

1929 5666 1955 5704 ιι
1983 5656 2203 5718 Cbesu.,
2250 5668 2483 5716 cchxx;
2535 5654 2745 5720 Canis,
2778 5668 2926 5711 cccc.
2976 5652 3117 5709 Clar.
3149 5663 3202 5708 et
3246 5654 3427 5719 ιθωιι.⁸

1860 5742 2078 5795 cccexc,
2110 5725 2160 5780 id
2186 5735 2290 5791 est,
2314 5738 2496 5780 cccxc.
