4020 6194
576 273 680 330 599

1610 259 1664 316 S.
1712 258 2038 315 GREGOBII
2079 259 2383 317 EPISCOPI
2422 260 2859 318 TURONENSIS

3759 253 3865 307 680

585 384 817 449 Domini,
845 381 969 437 anni
1000 393 1227 435 nchvm
1255 386 1278 415 ο
1302 391 1316 441 ;
1352 390 1378 427 a
1404 374 1653 444 passione
1678 372 1885 426 Domini
1915 373 2162 442 usquead
2193 384 2239 438 Α
2273 372 2638 442 Chilpericum
2671 371 2932 439 tractarit,
2957 371 3098 442 quod
3118 372 3339 427 veritate
3362 367 3680 425 subsistebat
3706 366 3863 435 (Cap.

581 482 860 539 transitum
903 474 1076 531 sancti
1130 469 1372 532 Martini,
1423 468 1546 521 anni
1594 481 1828 529 ccccxtt;
1862 481 1889 516 a
1936 467 2161 519 transitu

576 572 749 630 sancti
780 566 988 624 Martini
1032 579 1198 632 usque
1225 561 1290 613 ad
1321 558 1600 613 transitum
1647 555 1937 609 Glilodovei
1978 554 2120 623 regis
2146 595 2161 617 ,

576 680 701 718 anni
722 676 863 725 cxtt;
893 673 921 711 a
946 656 1171 711 transitu
1196 650 1487 707 Cltlodovei
1513 649 1653 717 regis
1676 661 1845 714 usque
1873 645 1937 699 ad
1970 647 2163 698 transi-

578 764 688 809 tum
716 749 1096 810 'i‘iieudeberti,
1129 744 1254 799 anni
1285 757 1466 798 xxxvtt
1498 739 1564 805 ι’;
1593 756 1621 794 a
1656 741 1879 793 transitu
1918 737 2162 791 Tlteude-

575 846 714 902 berti
764 858 934 912 usque
980 840 1049 895 ad
1095 838 1296 893 exitunt
1344 831 1616 905 Sigiberti,
1648 833 1771 885 anni
1822 846 1976 896 xstx;
2021 829 2162 897 quod

575 945 703 993 sunt
730 934 887 990 simul
918 932 1042 987 anni
1074 931 1310 999 quinque
1340 927 1507 980 millia
1539 938 1815 980 occcxxtv.

648 1022 888 1081 LXXIV.
910 1020 1244 1089 Cbilpericus
1271 1017 1436 1071 ﬁlium
1466 1030 1620 1068 suum
1653 1014 1957 1069 Meroveum
1986 1011 2163 1065 Picta-

574 1117 657 1172 vis
685 1130 807 1171 cum
835 1110 1073 1169 exercitu
1102 1107 1321 1171 direxit,
1351 1116 1403 1160 et
1432 1104 1626 1159 exinde
1655 1113 1932 1158 revertens
1963 1102 2165 1156 Rotlio-

576 1223 722 1264 mum
753 1205 1001 1271 accessit,
1035 1213 1090 1257 et
1123 1197 1518 1254 Brunicltildem
1542 1196 1595 1250 in
1622 1194 1925 1265 conjugium
1956 1195 2163 1261 accepit

576 1302 725 1373 (Lib.
761 1318 811 1367 v,
842 1318 956 1367 cap.
986 1297 1077 1366 9).
1126 1297 1377 1350 Protinus
1423 1292 1760 1362 Cliilpericus
1802 1293 1974 1361 ipsum
2005 1292 2072 1343 de
2101 1303 2161 1340 ea

575 1397 858 1465 separavit.
923 1394 1319 1460 Campanenses
1384 1388 1674 1444 Sexsionas
1732 1397 1754 1424 ο
1789 1392 2158 1455 pervaserunt.

575 1489 779 1555 Cllllpel
797 1486 908 1541 icus
931 1500 1049 1539 cum
1081 1482 1315 1538 exercitu
1342 1489 1530 1535 contra
1558 1495 1653 1534 eos
1680 1477 1922 1544 invaluit,
1948 1477 2162 1533 Sexsio-

576 1593 672 1633 nas
702 1575 904 1644 recepit
933 1573 1083 1643 (Cap.
1117 1571 1191 1642 3).
1226 1572 1420 1626 Filium
1471 1585 1627 1623 suum
1670 1570 1974 1624 Meroveum
2024 1583 2161 1622 onus

575 1669 626 1722 itt
660 1667 815 1739 577
847 1663 1120 1719 elericatui
1175 1674 1454 1716 tonsurare
1485 1661 1631 1727 fecit,
1661 1669 1716 1715 et
1765 1660 2046 1728 presbyter
2073 1674 2161 1714 or—

575 1755 1061 1828 dittatur(Cap.I~i-)
1121 1797 1133 1809 .
1165 1755 1520 1809 lloccoleuum
1546 1752 2162 1817 ditccnt.Gttntmrittitrrn

576 1851 810 1915 itemque
857 1849 1047 1902 ducem
1101 1851 1531 1918 persequendum
1580 1849 1822 1903 Toronos
1872 1844 2164 1899 transmisit

576 1943 740 2010 (Cap.
772 1942 804 1999 4
831 1942 871 2013 ).
918 1942 1252 1999 Roccolenus
1295 1943 1359 1997 ab
1414 1940 1722 2008 infirmitate
1763 1950 1985 1993 vexatus
2034 1936 2163 1991 nihil

575 2037 773 2095 Ibidem
805 2042 1103 2107 τινωνειιυὶι.

644 2132 855 2187 LXXV.
884 2133 969 2195 Eo
997 2140 1238 2195 tempore
1263 2134 1481 2181 sanctus
1505 2124 1809 2180 Germanus
1840 2121 2162 2176 Parisiorum

577 2226 858 2294 cpiscopus
891 2218 1297 2288 transrnigravit
1317 2217 1381 2272 ad
1415 2216 1697 2270 Dominum
1735 2212 1886 2283 (Cap.
1916 2212 1997 2281 8).
2019 2210 2163 2265 Chil-

577 2322 790 2385 pericus
818 2315 981 2368 tilium
1005 2327 1155 2365 suum
1174 2310 1537 2364 Chlodoveum
1561 2306 1803 2361 Toronus
1829 2303 1918 2377 [Id
1944 2314 2037 2369 est,
2061 2302 2166 2354 Τυ-

578 2405 774 2476 ronos]
826 2404 1155 2465 transmisit,
1206 2402 1295 2469 qui
1344 2411 1397 2455 et
1442 2400 1581 2453 ultra
1629 2398 1870 2467 Ligerem
1920 2400 2164 2450 civitates

580 2494 905 2552 Cliildeberti
951 2494 1268 2564 pervaderet
1308 2490 1458 2562 (Cap.
1493 2492 1607 2560 15).
1640 2490 1961 2545 Mummolus
2002 2488 2161 2556 patri-

578 2591 693 2642 cius
740 2587 1053 2640 Cuntramni
1098 2592 1283 2637 contra
1321 2580 1693 2635 Chlodoveum
1726 2588 1782 2633 et
1826 2578 2161 2633 Desiderium

578 2682 768 2733 ducem
797 2675 1085 2744 Cliilperici
1132 2673 1329 2728 bellum
1379 2671 1573 2740 gessit,
1623 2685 1823 2738 eosque
1865 2668 2161 2738 superavit.

578 2770 727 2824 Cassa
755 2784 783 2821 a
810 2766 903 2842 [Id
941 2777 1035 2833 est,
1075 2763 1164 2835 ex]
1189 2762 1461 2842 Munimoli
1502 2762 1741 2817 exercitu
1775 2761 2009 2829 quinque
2039 2759 2162 2813 util-

581 2862 677 2925 lia,
717 2877 746 2914 a
792 2841 1067 2915 [lesiderio
1093 2871 1219 2911 vero
1250 2841 1432 2925 viginti
1473 2855 1660 2909 millia.

650 2952 884 3007 LXXVI.
926 2952 1065 3006 Inter
1094 2949 1297 3005 Suevos
1324 2954 1382 3002 et
1416 2948 1655 3002 Saxones
1700 2945 1894 3001 bellum
1931 2944 2166 2999 surrexit

583 3046 739 3115 (Cap.
778 3044 887 3114 15).
915 3044 1051 3097 Gre-si
1083 3050 1206 3097 sunt
1250 3055 1282 3095 a
1313 3039 1615 3097 Saxonibus
1644 3038 1826 3109 viginti
1876 3038 2068 3103 millia,
2108 3045 2165 3092 et

2270 465 2380 534 19).
2414 465 2701 519 Meroveus
2741 469 2934 518 iterum
2984 464 3148 517 laicus
3177 462 3439 529 efficitur,
3487 458 3558 513 de
3585 457 3865 512 Tboronus

2267 559 2376 637 [Ιά.
2404 567 2477 611 est
2499 598 2513 622 ,
2538 554 2791 626 Turonis]
2830 554 3037 625 fugiens
3076 569 3173 623 per
3214 554 3557 608 Atttisiodero
3587 550 3864 603 Diviottetn

2265 650 2428 711 venit,
2463 650 2514 703 in
2545 649 2900 703 libemeusem
2925 646 3272 716 Campaniam
3306 643 3661 715 peraccessit,
3702 639 3867 710 578

2264 757 2293 795 a
2326 740 2826 797 'l‘aravannensibus
2862 742 3259 795 circumventus
3288 748 3403 800 est,
3437 745 3494 791 et
3540 738 3594 789 in
3633 733 3864 801 quadam

2265 834 2315 887 vi
2341 834 2387 887 la
2418 832 2753 888 concluditur
2801 847 2828 884 a
2878 831 3103 886 Gaileno
3132 830 3266 903 [Αι.,
3296 825 3560 897 Gauleno]
3602 824 3863 879 familiare

2265 940 2364 981 suo
2394 926 2545 998 (Cap.
2600 924 2711 996 14).
2755 925 2979 993 Ipsoque
3006 931 3252 994 rogante,
3279 922 3560 977 Meroveus
3585 919 3759 973 cultro
3788 915 3863 968 in-

2268 1020 2524 1074 terfectus
2549 1027 2652 1072 est.
2690 1017 2945 1073 Gailenus
2978 1015 3224 1069 manibus
3254 1023 3311 1067 et
3339 1012 3600 1079 pedibus,
3645 1006 3861 1063 naribus

2266 1122 2321 1168 et
2344 1112 2562 1165 auribus
2589 1118 2866 1165 truncatus
2886 1149 2899 1167 .
2930 1108 3163 1177 turpiter
3183 1106 3347 1159 vitam
3380 1101 3571 1158 finivit.

2339 1200 2577 1255 LXXIX.
2615 1200 2816 1255 Eodem
2842 1211 3085 1267 tempore
3105 1198 3348 1251 Justinus
3370 1197 3658 1264 imperator
3674 1204 3860 1246 amens

2266 1293 2485 1347 effectus
2515 1299 2599 1346 cst
2623 1290 2775 1361 (Cap.
2808 1290 2925 1359 20).
2964 1289 3159 1358 Sophia
3193 1288 3309 1357 ejus
3339 1289 3575 1356 Augusta
3606 1299 3731 1338 cum
3776 1282 3817 1335 Τ

2268 1383 2416 1439 lierio
2439 1382 2650 1437 Caesare
2679 1383 2896 1449 regebat
2925 1383 3230 1450 imperium.
3258 1380 3504 1433 Tiberius
3530 1376 3856 1445 largissimus

2267 1477 2318 1532 in
2357 1477 2717 1546 eleemosynis
2768 1478 2886 1531 fuit.
2920 1476 3026 1529 Sed
3070 1490 3191 1529 cum
3223 1489 3253 1527 a
3294 1471 3495 1541 Sophia
3545 1478 3859 1539 argueretur

2267 1581 2324 1624 ut
2350 1573 2657 1625 thesaurum
2711 1585 2815 1623 IIOII
2850 1578 3117 1631 vastaret,
3157 1567 3211 1620 in
3258 1566 3433 1619 medio
3474 1562 3661 1617 Palatii
3703 1574 3858 1615 cruce

2268 1667 2320 1721 in
2352 1668 2525 1736 lapide
2563 1675 2804 1728 reperta,
2848 1664 3001 1733 jubet
3029 1660 3282 1715 Tiberius
3313 1658 3488 1727 ipsum
3522 1654 3754 1722 lapidem
3787 1653 3857 1706 le-

2199 1733 2244 1795 Β
2274 1733 2415 1814 vare.
2468 1754 2771 1811 [ὶιευιηριιτ
2809 1756 2859 1809 in
2891 1755 2998 1807 alio
3042 1751 3217 1820 lapide
3244 1750 3365 1803 duae
3405 1760 3594 1802 cruces
3634 1755 3858 1813 repertae

2272 1843 2429 1915 sunt,
2487 1851 2767 1915 levatoque
2796 1856 2845 1900 et
2880 1845 2996 1911 ipso
3038 1843 3252 1896 inventa
3303 1850 3421 1893 sunt
3456 1836 3643 1890 subter
3689 1835 3854 1901 ipsum

2270 1943 2414 1996 mille
2455 1942 2755 1994 rentenaria
2787 1947 2811 1984 ε
2840 1936 2988 1998 auri,
3037 1934 3176 2001 quod
3209 1932 3426 2001 largiter
3465 1926 3650 1982 divino
3682 1938 3859 1978 amare

2268 2034 2512 2088 Tiberius
2542 2030 2861 2099 pauperibus
2904 2044 3063 2096 eroga
3076 2029 3173 2079 vit.

2342 2124 2555 2180 LXXX.
2602 2124 2862 2176 Defuncto
2921 2119 3181 2182 Narside,
3240 2116 3496 2186 prodente
3536 2114 3721 2179 aliquo
3770 2123 3851 2163 se-

2269 2232 2400 2271 nece
2426 2215 2453 2254 δ
2473 2259 2487 2279 ,
2530 2216 2615 2269 cui
2646 2215 2828 2268 Narsis
2855 2213 3175 2277 crediderat,
3208 2211 3516 2264 thesaurum
3547 2205 3667 2274 ejus
3703 2202 3847 2256 'I‘ilie-

2268 2310 2382 2363 rius
2411 2306 2779 2363 absconditum
2820 2303 2919 2359 sub
2960 2315 3098 2358 terra
3130 2301 3368 2363 invenit,
3418 2297 3638 2351 nimiam
3679 2292 3850 2347 multi-

2268 2401 2506 2455 tudinem
2556 2396 2850 2465 ponderum
2892 2395 3004 2447 auri
3058 2403 3112 2448 et
3151 2391 3391 2463 argenti,
3423 2404 3516 2443 seu
3558 2397 3612 2439 et
3653 2385 3849 2453 lapides

2268 2491 2533 2559 pretiosos
2560 2486 2767 2559 (lbid.).
2796 2486 2947 2552 Quod
2986 2486 3233 2554 idemque
3272 2481 3488 2551 largiter
3526 2476 3769 2532 Tiberius
3800 2477 3848 2526 in

2266 2579 2821 2637 alimoniisdistribuit
2837 2592 3149 2647 pauperum.
3167 2577 3389 2631 Samson
3410 2574 3544 2626 tilins
3562 2566 3847 2635 Cliilperici

2268 2677 2509 2737 moritur,
2531 2686 2688 2740 quem
2705 2668 3042 2737 Chilpericus
3067 2668 3288 2722 nimium
3311 2664 3607 2735 quit(Cap.
3628 2661 3745 2731 25).
3778 2660 3847 2713 Eo

2263 2780 2406 2819 anno
2436 2762 2589 2818 stella
2615 2762 2679 2816 in'
2697 2762 2876 2816 medio
2900 2760 3040 2815 luna».
3068 2760 3275 2829 fulgens
3303 2758 3417 2813 visa
3437 2767 3518 2812 est
3544 2754 3696 2825 (Cap.
3734 2750 3845 2820 ει).

2266 2852 2665 2910 Guntbramnns
2693 2851 2862 2915 Boso,
2905 2851 3103 2906 relictis
3152 2849 3358 2905 filiabus
3396 2848 3507 2905 suis
3554 2846 3609 2900 in
3638 2845 3846 2901 ecclesia

2266 2947 2435 3001 sancti
2470 2944 2681 3012 llilarii,
2714 2944 2780 2999 ad
2803 2944 3203 3000 Cltildebertum
3233 2943 3443 2997 transiit
3471 2939 3628 3010 (Cap.
3660 2939 3781 3008 25).

2341 3038 2497 3091 Anno
2546 3051 2759 3107 quoque
2807 3037 2966 3090 tertio
3014 3034 3343 3089 Cliildeberti
3393 3034 3566 3103 regis,
3617 3033 3704 3102 qui
3742 3038 3843 3086 eral

582 3153 673 3191 sex
720 3135 885 3190 millia
932 3141 1135 3188 tantum
1175 3149 1241 3188 ex
1289 3134 1369 3188 eis
1419 3140 1813 3187 remanserunt.
1864 3129 2163 3185 Suevorum
2189 3104 2234 3165 C
2267 3129 2551 3201 Cltilperici
2580 3138 2632 3184 et
2660 3128 3013 3185 Guntltramni
3056 3128 3319 3197 septimus
3355 3127 3601 3181 decimus
3634 3126 3679 3193 ί,
3709 3126 3842 3181 Gun-

583 3241 794 3296 quoque
833 3240 928 3281 sex
961 3233 986 3263 ο
1023 3224 1188 3277 millia
1226 3224 1592 3294 quadringenti
1634 3222 1899 3293 octoginta
1946 3230 1999 3276 et
2042 3228 2167 3276 octo

583 3316 833 3387 prostrati
872 3326 1015 3371 sunt.
1065 3315 1274 3385 Reliqui
1310 3331 1437 3370 vero
1475 3315 1752 3369 victoriam
1798 3312 2165 3369 obtinuerunt.

583 3412 824 3466 Saxones
854 3408 1213 3473 devoverant,
1257 3416 1316 3461 ut
1347 3422 1443 3462 uec
1473 3408 1659 3475 pilum,
1691 3422 1793 3462 nec
1830 3406 2057 3461 barbam
2081 3407 2164 3459 in-

584 3498 841 3562 ciderent,
870 3500 1177 3567 priusquam
1208 3497 1346 3551 hanc
1368 3497 1611 3566 injuriarn
1637 3496 2045 3564 ulciscerentur,
2073 3495 2165 3550 sed

584 3589 805 3643 mentita
834 3598 919 3644 est
942 3603 1127 3643 eorum
1160 3586 1454 3642 iracundia.

654 3679 909 3735 LXXVII.
953 3679 1219 3735 Britannis
1245 3679 1536 3749 Magliavus
1565 3688 1620 3733 et
1650 3678 1891 3733 Bodecus
1924 3678 2018 3733 illo
2042 3690 2171 3733 tem-

589 3784 719 3836 pore
749 3771 975 3825 comites
1003 3779 1189 3834 erant,
1219 3769 1508 3823 amicitiam
1541 3784 1661 3824 cum
1703 3771 2053 3823 sacramentis
2083 3770 2166 3823 in-

583 3861 754 3914 vicem
803 3859 1032 3915 inientes
1072 3858 1370 3930 (Capiti).
1404 3859 1610 3913 Mortuo
1643 3858 1837 3913 Bodico
1882 3860 2168 3928 Magliavus

585 3952 749 4005 tilium
778 3951 917 4020 ejus,
954 3953 1165 4005 nomine
1195 3949 1610 4015 Tlteudcricum,
1642 3950 1707 4004 de
1736 3965 1902 4021 regno
1939 3951 2164 4019 expulit.

580 4043 686 4100 Sed
726 4045 938 4098 tandem
984 4043 1271 4112 resumptis
1316 4043 1516 4097 viribus
1540 4041 1909 4097 'I’heudericus
1952 4041 2169 4110 lliaglia-

578 4151 703 4189 vunt
742 4150 861 4189 cum
914 4134 1022 4189 ﬁlio
1058 4135 1223 4190 Jacob
1264 4132 1566 4198 interfecit,
1614 4147 1947 4202 regnumque
1997 4135 2167 4190 patris

577 4225 801 4293 recepit.
834 4223 1135 4280 Waroclius
1174 4225 1417 4294 Magliavi
1450 4226 1587 4279 tilius
1632 4227 1684 4278 in
1720 4225 1885 4291 patris
1916 4224 2034 4275 loco
2074 4238 2165 4275 co-

575 4331 691 4371 mes
720 4315 949 4371 eflicitur
979 4315 1130 4387 (Cap.
1180 4315 1291 4386 I7).
1344 4316 1707 4371 Guntramnus
1748 4330 1842 4370 rex
1885 4314 2022 4368 duos
2050 4314 2161 4367 Ma-

574 4407 847 4474 gnacharii
894 4406 1031 4461 ﬁlios
1070 4406 1245 4476 gladio
1286 4407 1585 4472 interemit,
1618 4407 1904 4475 instigante
1940 4409 2161 4461 Ausm-

2269 3227 2550 3278 thramnus
2581 3223 2721 3277 Boso
2750 3221 2883 3276 tilias
2912 3235 3038 3276 suas
3062 3234 3093 3275 a
3124 3222 3351 3285 Pectavo
3383 3218 3603 3274 auferre
3633 3218 3842 3280 vellens,

2270 3314 2597 3369 Dracolenus
2614 3327 2778 3381 super
2797 3327 2918 3367 eum
2941 3314 3094 3366 irruit
3114 3309 3270 3382 (Cap.
3294 3311 3410 3378 26).
3442 3310 3605 3363 Multa
3637 3320 3842 3363 munera

2274 3422 2301 3458 a
2324 3404 2697 3460 Gunthramno
2718 3404 3019 3458 Dracoleno
3042 3401 3369 3468 oll'eruntur;
3393 3402 3485 3456 sed
3510 3401 3843 3461 Dracolenus,

2270 3505 2327 3551 ut
2356 3508 2474 3552 erat
2503 3499 2708 3564 elatus,
2760 3498 2929 3553 dicit:
2960 3495 3304 3559 Funiculum,
3337 3494 3476 3548 unde
3521 3495 3659 3547 alios
3690 3493 3842 3560 ligare

2268 3588 2455 3651 Soleo,
2510 3598 2750 3656 paratum
2793 3586 2986 3653 balteo,
3033 3586 3121 3640 ubi
3162 3596 3214 3639 ct
3255 3585 3663 3638 Guntltrautnus
3705 3582 3842 3635 bodie

2267 3680 2482 3749 ligatur.
2542 3680 2782 3746 Cumque
2840 3679 3029 3733 fuisset
3082 3678 3321 3745 praelium
3384 3685 3659 3744 emptum,
3710 3672 3841 3726 Gun-

2270 3772 2569 3835 tbramuus,
2594 3770 2838 3824 invocato
2864 3772 3079 3823 nomine
3104 3768 3334 3833 Domini,
3364 3782 3416 3822 et
3444 3768 3646 3821 virtute
3689 3762 3842 3819 sancti

2270 3862 2517 3926 Martini,
2559 3861 2732 3915 levato
2762 3870 2951 3927 conto,
2989 3860 3340 3915 Dracolenum
3380 3870 3582 3913 mactat
3611 3859 3662 3912 in
3692 3854 3841 3909 fauci-

2268 3954 2399 4015 bus,
2442 3966 2870 4022 suspensumque
2914 3952 2983 4006 de
3026 3965 3194 4019 equo,
3245 3960 3513 4005 mortuum
3570 3954 3621 4005 in
3664 3960 3840 4002 terram

2268 4042 2522 4112 PmleCil;
2578 4042 2802 4097 feliciter
2832 4052 3015 4113 postea
3044 4043 3185 4112 quod
3229 4042 3395 4111 coepit
3438 4042 3697 4104 explevit.
3732 4038 3839 4090 Post

2265 4132 2379 4187 haec
2412 4133 2650 4198 Poetavi,
2696 4134 2971 4203 Bagassini
3009 4134 3022 4185 i
3056 4174 3069 4197 ,
3109 4133 3430 4196 Cenomani,
3481 4143 3539 4187 et
3585 4126 3836 4196 Andegat'i

2264 4237 2385 4277 cum
2434 4224 2554 4277 aliis
2604 4225 2783 4277 multis
2840 4226 2891 4279 in
2951 4226 3273 4279 Britanniam
3326 4234 3516 4280 contra
3572 4222 3838 4279 Warocuttt

2265 4315 2559 4369 exercitum
2605 4314 2767 4385 579
2807 4326 3055 4379 movent;
3098 4330 3261 4380 super
3292 4330 3425 4383 quos
3458 4314 3719 4369 Warorus
3758 4321 3837 4374 per

2265 4414 2476 4459 noctem
2519 4420 2706 4470 ruens,
2756 4406 2979 4459 nimiam
3012 4418 3244 4475 stragem
3291 4407 3357 4461 de
3394 4405 3702 4462 Saxonibus
3731 4399 3836 4454 Bai-

574 4467 750 4552 cbilde
795 4500 1006 4567 regina,
1047 4467 1327 4552 facultates
1370 4467 1997 4569 eorum'ﬁscovredegit.
2042 4498 2159 4553 Filii
2188 4467 2498 4567 Dgassinis
2538 4495 2663 4551 fecit
2694 4467 2856 4567 (Cap.
2883 4496 3000 4565 27).

575 4588 894 4643 Guntramni
922 4589 1028 4645 duo
1058 4590 1311 4644 continuo
1338 4591 1533 4645 mortui
1566 4600 1709 4645 sunt.

648 4679 923 4734 LXXVIII.
968 4681 1326 4736 Guntramnus
1364 4682 1761 4736 Cltildcbertum
1815 4683 1975 4737 lilium
2019 4683 2160 4753 Sigi-

572 4773 651 4829 be.
671 4775 706 4824 ti
737 4771 1011 4841 adoptavit
1040 4772 1091 4826 in
1122 4772 1286 4827 filium
1315 4773 1466 4845 (Cap.
1501 4773 1610 4842 18).
1644 4773 1982 4844 Cltilpericus
2015 4774 2160 4827 Prae-

571 4873 831 4919 textaturn
852 4864 1264 4918 llothotnensem
1290 4868 1597 4934 episcopum
1625 4869 1675 4919 in
1698 4867 1943 4920 exsilium
1971 4866 2156 4930 trudit,

573 4969 830 5026 reputans
878 4956 928 5011 ei
974 4956 1114 5025 quod
1141 4957 1366 5011 consitio
1398 4958 1765 5012 Brunecliildis
1808 4974 1935 5012 usus
1969 4964 2154 5011 contra

638 5163 662 5191 ⁸
702 5154 926 5220 Chesn.,
958 5170 1188 5209 ochvn.

635 5223 663 5262 ιι
693 5224 914 5288 Cltesn.,
947 5240 1109 5279 xxvtt.

638 5305 661 5332 ε
697 5295 746 5346 Μ
776 5307 878 5354 est,
915 5294 1241 5350 Suessiones.

630 5360 659 5400 ά
689 5364 893 5436 Cltesn.
920 5406 932 5426 ,
984 5365 1276 5421 Meroveum
1316 5367 1367 5421 in
1416 5368 1655 5421 clericum
1707 5368 1912 5421 tondere
1942 5367 2058 5436 fecit
2097 5376 2144 5421 et

563 5434 905 5501 presbyterum
946 5436 1196 5489 ordinari.

635 5512 657 5576 ς
698 5504 891 5576 (Lbesn.
921 5510 976 5576 et
1000 5503 1189 5572 Freh.,
1236 5508 1477 5576 quinque.

639 5571 655 5609 ί
702 5571 837 5626 Iiditi
855 5613 870 5635 ,
902 5573 1138 5642 desuper.

562 5652 666 5768 ’ἐς
698 5642 830 5697 Can.
863 5651 917 5697 et
963 5642 1063 5699 Ch.
1096 5645 1163 5697 al.
1191 5688 1204 5711 ,
1257 5647 1547 5700 crn'enarii.
1594 5647 1751 5702 Clies.
1778 5687 1793 5712 ,
1825 5658 2023 5703 centum
2064 5660 2143 5702 ta-

615 5731 642 5767 n
670 5730 721 5768 α.

615 5724 721 5768 nta.

2336 4589 2491 4643 Anno
2519 4600 2710 4657 quarto
2737 4588 3091 4654 Cbildeberti,
3122 4588 3212 4658 qui
3244 4587 3341 4641 fuit
3367 4587 3608 4643 decimus
3635 4592 3834 4642 oetam!

2263 4680 2583 4737 Guntramni
2629 4690 2686 4735 et
2740 4680 3065 4751 Cltilperici,
3121 4680 3483 4736 Salonius'et
3538 4677 3832 4750 Sagittarius

2262 4772 2499 4841 episcopi
2544 4772 2842 4827 Cabilonno
2885 4772 2934 4826 in
2966 4774 3175 4840 synodo
3203 4774 3270 4827 ab
3315 4774 3626 4843 episcopatu
3661 4770 3832 4838 degra-

2263 4863 2460 4917 dantur
2486 4862 2636 4933 (Cap.
2669 4862 2782 4929 28).
2813 4862 3151 4931 Cbilpericus
3176 4861 3571 4926 descriptiones
3595 4854 3830 4932 gravissio

2266 4969 2380 5008 mas
2409 4957 2458 5007 in
2499 4956 2645 5010 ontui
2672 4954 2871 5024 populo
2905 4956 3054 5025 regni
3095 4955 3177 5010 sui
3207 4956 3323 5010 fieri
3347 4956 3507 5027 jussit
3538 4957 3686 5027 (Cap.
3723 4949 3827 5018 29).

2331 5154 2357 5192 ¹³
2400 5157 2488 5211 Sic
2512 5164 2521 5201 ί
2551 5156 2675 5216 lar..
2704 5156 2789 5209 ubi
2816 5172 2882 5211 ex
2909 5158 3123 5212 nomine
3147 5171 3311 5213 senex
3341 5164 3525 5211 sextus
3548 5166 3699 5208 casus
3724 5146 3825 5202 εΠὶο

2257 5227 2396 5281 citur
2439 5242 2641 5288 aeneae,
2680 5242 2775 5292 pro
2802 5241 2953 5291 sene,
3000 5228 3131 5280 Boh.
3184 5229 3372 5281 senice.
3409 5227 3546 5280 Editi
3591 5219 3824 5277 mendose

2257 5297 2453 5352 Italient
2486 5298 2988 5367 prudenteralloquio
3018 5298 3244 5359 Senem,
3276 5299 3357 5351 vel
3389 5298 3610 5352 Sem‘cc.

2332 5367 2347 5405 ί
2390 5367 2593 5421 Cltesn.
2635 5378 2688 5420 et
2715 5366 2902 5427 Freln.
2927 5368 3151 5421 decimus
3180 5379 3380 5433 sextus,
3420 5367 3671 5420 mendose

2325 5440 2340 5488 l
2388 5440 2516 5491 Can.
2553 5448 2605 5491 et
2639 5438 2798 5508 Freb.
2820 5481 2833 5505 ,
2866 5426 3223 5508 Bagassinitw,
3256 5450 3308 5492 et
3340 5426 3475 5491 infra
3513 5426 3811 5508 Baigauiqi.

2252 5518 2305 5561 ut
2339 5518 2393 5562 et
2419 5508 2560 5562 Clar.
2586 5525 2600 5573 ;
2632 5507 2724 5562 sed
2756 5506 3037 5578 legendum
3083 5509 3429 5577 Bajocassini,
3460 5506 3811 5578 ex_Gregort«[.

2250 5594 2407 5643 quem
2438 5579 2579 5632 vide.
2613 5579 2776 5633 Iidem
2804 5574 2963 5642 editi,
3009 5574 3249 5635 Romani.
3280 5578 3421 5633 Clar.
3447 5617 3460 5639 ,
3500 5574 3810 5647 Τετριξυιηηξ-

2254 5641 2409 5713 Bolt.,
2444 5647 2800 5718 Bagasst'niuz,
2859 5650 3151 5705 Rotmanm'.
3184 5648 3322 5703 Infra
3344 5692 3359 5718 ,
3407 5646 3505 5703 Cb.
3528 5684 3542 5709 ,
3572 5641 3812 5697 Beiram-

2251 5723 2331 5773 nia
2347 5734 2367 5785 ,'
2396 5719 2466 5773 al.
2497 5716 2788 5791 Bagasint‘s.
3347 5716 3353 5718 ⁷
3648 5756 3649 5759 η
