4020 6194
148 269 241 325 60l

1185 269 1509 327 HISTORIA
1554 272 1976 333 FRANCORUM
2018 277 2441 337 EPITOMATA.

3341 297 3443 353 603

150 387 357 442 Marcus
391 384 813 450 referendarius,
846 385 936 455 qui
970 385 1106 439 hanc
1135 384 1550 455 descriptionem
1583 386 1748 444 facie-
1776 393 1821 449 Α
1852 402 2089 460 ceperat,
2123 394 2190 451 de
2217 397 2320 451 alia
2360 415 2525 455 uxore
2566 400 2700 457 duos
2730 403 2866 459 ﬁlios
2898 404 3100 463 habens
3133 408 3285 479 (Cap.
3319 415 3438 483 59).

150 481 256 543 bat,
284 491 481 531 secum
524 489 709 531 omnes
754 475 1053 543 polepticos
1084 474 1291 541 ferens,
1323 475 1581 532 kalendas
1607 478 1746 533 Mar-

150 569 244 620 tias
268 581 298 620 a
338 564 703 620 Limodicinis
732 563 1046 620 interfectus
1074 576 1158 621 est
1182 577 1233 632 ι,
1267 576 1322 622 et
1346 583 1533 623 omnes
1562 570 1748 638 polep-

148 656 235 711 tici
262 655 538 709 incendiis
574 665 700 709 sunt
727 657 1081 710 concremati.
1116 657 1249 712 Dum
1280 659 1394 713 haec
1422 670 1742 729 agerentur,

146 744 389 799 Justinus
420 746 717 814 imperator
743 746 951 801 decimo
972 756 1162 804 octavo
1188 764 1330 803 anno
1353 752 1501 822 regni
1522 753 1601 807 sui
1623 768 1743 807 cuin

149 837 404 900 amentia,
455 851 615 906 quam
640 838 959 903 incurrerat,
989 840 1149 895 vitam
1175 841 1344 896 ﬁnivit
1369 844 1525 912 (Cap.
1554 843 1669 916 51).

211 927 459 983 LXXXI.
506 929 751 985 Tiberius
794 931 1022 1000 arripuit
1060 932 1346 1004 imperium
1376 934 1594 1005 (Ibid.).
1642 939 1743 995 So-

150 1018 266 1085 phia
296 1021 572 1087 Augusta.
602 1020 886 1075 immemor
908 1023 1279 1089 promissionis
1304 1040 1441 1091 suae,
1481 1026 1743 1084 adversus

147 1110 416 1165 Tiberium
446 1111 675 1167 insidias
704 1113 1053 1177 moliebatur;
1098 1114 1457 1172 Iustinianum
1489 1128 1739 1187 nepotem

147 1202 332 1257 Justini
371 1205 425 1257 in
460 1203 747 1273 imperium
776 1206 945 1259 voluit
970 1207 1283 1262 sublimare.
1317 1210 1466 1272 Quod
1490 1209 1738 1266 Tiberius

147 1309 391 1359 cernens,
425 1296 820 1365 appreliensam
847 1296 1125 1366 Sophiam,
1154 1299 1505 1367 exapoliatam
1532 1303 1742 1355 thesau-

148 1386 249 1451 ris,
279 1388 581 1457 segregatis
619 1390 688 1443 ab
724 1390 790 1443 ea
820 1393 1027 1457 pueris,
1057 1389 1111 1443 in
1142 1390 1436 1444 custodiam
1462 1391 1626 1459 jussit
1655 1407 1739 1445 re-

147 1478 302 1532 trudi.
348 1478 719 1533 Justinianum
772 1480 1109 1549 objurgatum
1162 1490 1309 1535 tanto
1361 1484 1413 1535 in
1465 1492 1735 1552 posterum

148 1584 320 1626 amore
359 1572 584 1639 dilexit,
635 1581 692 1626 ut
723 1573 831 1626 ﬁlio
858 1573 976 1641 ejus
1005 1572 1167 1628 ﬁliam
1199 1587 1349 1628 suam
1379 1577 1732 1645 promitteret,

148 1662 419 1733 liliumque
468 1680 629 1719 suum
661 1666 783 1720 ﬁlia:
811 1681 923 1720 sine
969 1675 1247 1735 expeteret
1275 1665 1335 1734 l’;
1383 1667 1476 1722 sed
1508 1682 1613 1722 non
1653 1678 1736 1723 est

1855 482 1932 537 Ex
1975 485 2167 554 quibus
2216 503 2354 542 unus
2386 490 2829 564 Ehermengildus
2871 500 3123 567 nomine,
3157 502 3314 557 ﬁl:aut
3352 482 3439 561 Si-

1848 577 2063 646 giberti,
2100 581 2318 634 nomine
2341 580 2711 651 Sedegundem
2748 596 2797 651 8,
2829 592 3032 656 accepit
3059 606 3298 649 uxorein.

1922 669 2203 725 LXXXIII.
2247 671 2377 736 Quae
2403 688 2524 728 cum
2553 677 2760 746 magnis
2790 678 3056 735 thesauris
3085 693 3137 736 et
3164 683 3437 753 apparati-

1850 759 1947 814 bus
1989 763 2039 813 in
2080 761 2335 831 Spaniani
2367 772 2451 819 est
2495 764 2732 832 directa,
2784 779 2838 822 et
2882 769 2949 823 ab
2978 774 3095 824 avia
3134 770 3431 829 Goaesinda

1847 851 2150 921 benigniter
2177 865 2413 922 recepta,
2444 872 2565 926 quae
2596 866 2779 926 postea
2810 873 2839 913 a
2875 859 3175 916 Goaesinda
3203 860 3435 918 afﬁcitur

1849 941 2007 1013 (Ibid.
2021 960 2059 1013 ξ.
2116 945 2222 1000 Sed
2267 960 2387 1001 cum
2437 948 2741 1003 nullatenus
2788 954 2920 1006 avia:
2971 952 3151 1023 iniquo
3206 955 3435 1010 consilio

1844 1035 2236 1103 consensisset,
2280 1037 2331 1090 in
2363 1052 2466 1091 una
2515 1037 2785 1094 civitatum
2815 1038 2841 1077 ιι
2870 1056 2990 1096 cum
3028 1044 3145 1098 viro
3192 1044 3435 1099 habitan-

1845 1125 1968 1179 dum
2012 1127 2375 1182 constituitur.
2418 1128 2671 1184 Protinus
2703 1132 2952 1186 maritum
2986 1134 3315 1201 prmdicans,
3363 1135 3429 1189 ad

1844 1215 2040 1270 Christi
2079 1218 2277 1272 cultum
2309 1220 2591 1280 convertit,
2620 1219 3025 1289 baptizatusque
3050 1221 3271 1277 effectus-
3301 1222 3318 1261 ί
3345 1236 3432 1279 est

1842 1308 2191 1363 Christianus.
2215 1309 2382 1377 Quem
2413 1320 2563 1378 pater
2589 1312 2874 1366 Leubildus
2901 1313 3206 1380 insequens,
3238 1324 3289 1371 et
3315 1317 3428 1370 vel-

1843 1398 1959 1454 lens
1986 1401 2250 1464 occidere,
2267 1402 2478 1455 tandem
2492 1400 2960 1471 ejusinsecutioue
2990 1403 3130 1459 ﬁlius
3150 1414 3232 1459 est
3262 1406 3428 1460 inter-

1841 1491 2032 1555 fectus,
2061 1492 2324 1561 per'quem
2354 1492 2478 1547 data
2501 1503 2582 1548 est
2603 1496 2834 1549 occasio.
2861 1496 2985 1550 Post
3003 1506 3227 1552 mortem
3248 1498 3427 1552 Mirio-

1841 1585 1925 1638 nis
1951 1584 2089 1652 regis
2115 1583 2374 1647 Galliciao,
2394 1585 2502 1639 ﬁlio
2522 1585 2639 1654 ejus
2671 1586 2863 1640 Eurico
2891 1597 2944 1641 et
2968 1602 3190 1655 genero,
3210 1589 3428 1643 nomine

1841 1674 2148 1743 Audegane,
2180 1675 2247 1729 de
2277 1690 2441 1743 regno
2466 1677 2814 1741 certantibus,
2847 1692 2877 1730 a
2901 1677 3158 1733 Leubildo
3181 1678 3341 1735 Suevi
3371 1687 3428 1734 et

149 1757 322 1810 sortita
344 1756 605 1812 effectum
628 1773 735 1813 res.
761 1758 1040 1813 Exercitus
1065 1761 1181 1827 ejus
1208 1761 1398 1815 Persas
1418 1762 1729 1826 debellavit,
1767 1770 1808 1827 Β
1839 1782 2025 1821 omnes
2060 1766 2297 1821 Gallicia:
2329 1766 2343 1816 i
2380 1768 2626 1835 potestati
2684 1765 3004 1822 Gotthorum
3044 1769 3424 1835 subjiciuntur.

148 1845 417 1916 vie'orque
448 1863 731 1917 regressus
778 1857 921 1902 tanta
953 1849 1095 1904 mole
1142 1850 1378 1919 praedam
1420 1851 1643 1918 detulit,
1676 1861 1736 1907 ut

148 1950 175 1991 c
200 1937 453 1993 ederetur
475 1940 754 2008 cupiditati
785 1940 1028 1994 humanae
1058 1955 1216 2010 posse
1239 1941 1509 1999 sufﬁcere.
1538 1943 1734 2013 Viginti

148 2027 411 2094 elephanti
444 2028 645 2084 exinde
673 2029 888 2084 adducti
933 2038 1078 2086 sunt.

211 2118 476 2174 LXXXII.
526 2122 722 2175 Eodem
748 2130 993 2189 tempore
1018 2138 1160 2176 anno
1189 2124 1376 2193 quinto
1405 2125 1734 2183 Childeberti

148 2212 297 2281 regis,
325 2223 490 2268 tanta:
525 2215 639 2269 lues
663 2229 759 2284 per
778 2215 1086 2270 universam
1109 2219 1383 2285 regionem
1410 2218 1561 2274 facite
1584 2232 1730 2288 sunt,

148 2312 199 2356 ut
226 2303 444 2357 nimium
499 2305 693 2358 mirum
730 2302 922 2360 fuisset
965 2306 1117 2377 (Cap.
1151 2307 1263 2378 54),
1308 2310 1565 2365 Universa
1626 2312 1737 2365 ﬁu-

149 2398 275 2451 mina
324 2397 617 2461 terminos,
666 2412 801 2467 quos
854 2414 1123 2469 nunquam
1171 2413 1544 2469 excesserant,
1597 2421 1734 2473 pra:-

149 2488 432 2554 tcrierunt;
491 2489 562 2544 de
591 2490 873 2559 pecoribus
913 2492 1178 2546 excidium
1199 2534 1213 2553 ,
1257 2494 1461 2562 grande
1491 2496 1732 2553 :ediliciis

149 2578 499 2649 naufragium.
540 2580 647 2634 Sed
695 2582 1030 2636 cessantibus
1061 2583 1249 2652 pluviis
1295 2585 1522 2639 arbores
1554 2587 1732 2642 denuo

148 2668 447 2725 floruerunt.
488 2672 615 2726 Erat
660 2672 860 2726 mensis
890 2674 1224 2743 Sep'ember.
1258 2675 1455 2746 Fulgor
1494 2693 1591 2745 per
1618 2694 1731 2735 cte-

150 2756 244 2814 lum
270 2762 578 2817 cucurrisse
599 2763 745 2817 visus
766 2770 868 2819 est.
895 2764 1069 2820 Sonus
1093 2768 1243 2834 quasi
1270 2766 1609 2822 dcruentium
1641 2786 1729 2826 ar-

147 2850 317 2909 borum
350 2870 405 2909 in
458 2865 627 2910 totam
661 2869 853 2911 terram
890 2858 1103 2914 auditus
1131 2869 1233 2915 est.
1270 2862 1409 2917 Urbs
1459 2863 1729 2934 Burdega-

148 2942 294 2999 leosis
326 2946 497 3018 580
542 2958 850 3003 terraeinotu
906 2965 1165 3007 concussa
1196 2963 1301 3008 est.
1338 2954 1410 3009 De
1450 2955 1727 3025 Pyrentcis

146 3040 399 3094 montibus
428 3044 679 3096 immensi
711 3042 916 3110 lapides
945 3053 1069 3098 sunt
1094 3048 1285 3113 evulsi,
1317 3048 1407 3117 qui
1450 3063 1643 3118 pecora
1672 3058 1726 3106 et

1912 1861 2069 1931 581
2102 1859 2382 1914 LXXXIV.
2412 1859 2573 1926 Igitur
2596 1857 2926 1926 Chilpericus
2958 1870 3064 1915 tres
3097 1860 3231 1915 ﬁlios
3262 1877 3388 1917 suos
3410 1906 3425 1931 ,

1834 1955 1945 2022 jam
1974 1954 2207 2021 adultos,
2260 1952 2328 2006 ab
2382 1952 2695 2007 inﬁrmitate
2750 1953 3073 2021 dysenteria:
3130 1972 3239 2009 uno
3281 1970 3424 2010 anno

1838 2044 2087 2113 perdidit,
2119 2059 2251 2113 quos
2278 2044 2345 2097 de
2379 2042 2726 2111 Fredegunde
2760 2042 2783 2080 ¹ί
2819 2044 3051 2098 habebat
3098 2043 3254 2116 (Cap.
3304 2044 3422 2115 55).

1840 2135 2134 2191 Itestiterat
2158 2136 2333 2189 adhuc
2354 2133 2693 2189 Chlodoveus
2731 2134 2869 2189 ﬁlius
2898 2135 3049 2204 ejus,
3083 2152 3236 2202 quem
3282 2144 3421 2203 post-

1837 2244 1933 2297 ea,
1989 2231 2279 2297 instigante
2325 2226 2692 2297 Fredegunde,
2728 2229 2962 2282 vinctum
3020 2226 3073 2281 in
3121 2228 3419 2282 custodiant

1837 2323 2081 2383 remisit.
2109 2323 2288 2390 ibique
2318 2321 2552 2375 factione
2578 2320 2944 2391 Fredcgundze
2971 2322 3144 2376 cultro
3199 2336 3419 2391 percus-

1837 2430 1928 2469 sus
1955 2415 2087 2468 obiit
2115 2414 2264 2483 (Cap.
2290 2413 2408 2483 40).

1907 2504 2169 2560 LXXXV.
2216 2504 2339 2557 Post
2384 2506 2498 2557 tunc
2568 2502 2883 2557 Mummolus
2943 2502 3196 2572 patricius
3249 2518 3419 2574 regno

1834 2596 2148 2652 Guntratnni
2204 2596 2325 2663 fuga
2355 2594 2653 2649 dilabitur:
2698 2593 3067 2649 Avennionem
3109 2591 3123 2632 ι
3172 2604 3411 2651 castrum

1832 2702 1943 2742 sine
1970 2687 2267 2742 defensioni
2297 2685 2517 2755 expetiit
2539 2684 2657 2756 (Lib
2705 2700 2912 2753 πεπρ.
2938 2684 3011 2755 l).
3040 2684 3223 2753 Legati
3254 2684 3408 2739 Chil-

1834 2780 2018 2847 periei,
2050 2779 2138 2848 qui
2162 2777 2228 2832 ad
2283 2777 2560 2832 Tiberium
2615 2778 2995 2843 imperatorem
3051 2787 3411 2840 accesserant.

1830 2874 1899 2925 ab
1923 2870 2113 2927 eodem
2137 2870 2225 2923 illo
2252 2878 2490 2937 tempore
2521 2877 2863 2923 revertuntur
2888 2867 3021 2940 [At.,
3048 2866 3411 2939 removentur]

1818 2964 2089 3019 ’eoutinuo
2123 2962 2274 3033 (Cap.
2306 2960 2387 3029 2).

1904 3052 2185 3109 LXXXVI.
2217 3051 2613 3116 Childehertus,
2664 3049 2852 3105 relicta
2881 3049 3199 3105 Guntramni
3255 3065 3411 3120 pace,

150 3127 372 3185 homines
400 3142 842 3201 prostraverunt.
874 3135 1037 3190 Vicus
1074 3137 1515 3208 Burdegalcnsis,
1546 3141 1727 3197 inccn-
1754 3146 1799 3207 Ο
1831 3160 1890 3200 se
1919 3160 2039 3199 cum
2070 3142 2393 3211 Cttlperico.
2417 3154 2471 3197 ut
2499 3157 2716 3212 regnum
2740 3140 2856 3209 ejus
2886 3141 3085 3210 pariter
3108 3140 3408 3207 auferrent,

148 3221 223 3276 dio
249 3225 509 3282 divinitus
537 3240 747 3294 exorto,
781 3231 976 3284 multos
1004 3232 1232 3298 exussit,
1266 3233 1445 3288 subito
1473 3250 1721 3304 compre~

150 3313 398 3387 Iicndens,
452 3321 650 3375 domus
688 3332 741 3376 et
786 3326 993 3392 arezcéc
1030 3338 1151 3378 cum
1201 3329 1429 3382 annonis
1477 3330 1723 3384 incendio

148 3420 561 3477 concremantur,
612 3416 753 3468 nulla
798 3417 1143 3472 incitamenta
1174 3418 1378 3474 habens
1409 3421 1581 3490 ignis;
1629 3423 1723 3478 sed

151 3499 345 3559 torsitan
391 3506 575 3575 juss‘o
602 3508 782 3561 divina
826 3509 942 3562 fuit.
985 3509 1259 3566 Auriliana
1299 3515 1490 3567 civitas
1528 3515 1595 3569 ab
1626 3521 1727 3571 hoc

150 3588 371 3649 incendio
399 3608 610 3652 vastata
652 3609 733 3653 est
758 3599 913 3670 (Cap.
939 3599 1055 3672 55).
1084 3604 1235 3671 Apud
1263 3606 1547 3659 terminum
1592 3609 1724 3661 Car-

148 3697 375 3743 noteuum
418 3691 494 3746 de
540 3691 762 3747 effracto
812 3708 947 3760 pane
985 3697 1201 3765 sanguis
1248 3696 1419 3751 ﬁnxit.
1461 3697 1565 3753 Sed
1609 3698 1725 3754 haec

150 3781 360 3851 prodigia
389 3784 715 3853 gravissima
766 3786 880 3841 lues
906 3796 991 3841 est
1017 3788 1335 3855 subsecuta,
1371 3800 1422 3844 ct
1453 3790 1724 3845 discordia

148 3885 328 3938 regum.
352 3875 552 3930 Iterum
568 3876 762 3930 bellum
778 3880 935 3934 civile
953 3882 1284 3949 parantibus,
1308 3882 1681 3952 dySentericus
1694 3881 1720 3921 ἀ

150 3968 341 4022 morbus
387 3980 531 4023 totas
562 3968 763 4023 Gallias
793 3975 1207 4043 praeoccupavit.
1249 3975 1345 4029 His
1386 3975 1575 4030 diebus
1605 3976 1718 4030 Au-

150 4061 429 4116 suerhildis
482 4061 799 4116 Cuntramni
830 4063 1083 4134 principis
1107 4066 1284 4133 regina
1315 4067 1382 4120 ab
1411 4067 1511 4119 hoc
1532 4068 1721 4122 morbo

149 4162 437 4220 consumpta
470 4163 577 4221 est,
605 4154 840 4208 medicos
863 4155 929 4209 ad
959 4155 1345 4211 Guntramnum
1394 4172 1652 4211 accusans
1677 4173 1717 4223 ε,

148 4240 275 4306 iussu
308 4244 628 4301 Guntramni
681 4248 871 4302 medici
912 4247 1137 4304 diversis
1188 4251 1364 4319 pteuis
1404 4250 1578 4305 affecti
1621 4253 1720 4306 mi-

149 4344 278 4393 grant
301 4353 329 4391 a
356 4339 561 4395 saeculo
591 4337 743 4410 (Cap.
773 4341 890 4409 56).
921 4342 995 4394 Eo
1023 4358 1165 4397 anno
1195 4358 1383 4414 magna
1420 4345 1473 4398 in
1506 4343 1719 4413 Spaniis

150 4418 556 4482 Christianorum
589 4429 891 4497 persecutio
920 4428 1039 4490 fuit.
1079 4430 1365 4502 instigante
1393 4434 1714 4503 Goaesinda,

152 4525 288 4580 quam
320 4530 435 4588 post
471 4520 886 4589 Athanagildum
929 4536 1107 4592 regem
1135 4538 1227 4578 rex
1259 4523 1549 4581 Leubildus
1579 4524 1599 4564 ι
1629 4541 1718 4583 ac-

210 4637 232 4665 ·
268 4631 490 4689 Mortem
514 4634 685 4706 esasit
712 4650 774 4706 ex
806 4634 993 4703 ῶνα..
1018 4637 1105 4706 qui
1127 4637 1195 4691 de
1225 4652 1291 4691 eo
1312 4637 1377 4692 ad
1399 4654 1486 4692 an.
1511 4639 1638 4704 580,
1664 4651 1719 4696 ρι

1829 3236 2128 3305 conjunxit,
2169 3234 2485 3304 promittens
2537 3233 2911 3302 Chilperieus,
2963 3234 3088 3288 dum
3118 3234 3235 3287 sine
3288 3232 3413 3289 ﬁliis

1830 3337 1968 3394 erat,
1991 3335 2049 3382 ut
2086 3325 2484 3381 (Ihildebertum
2535 3326 2682 3392 regni
2723 3325 2804 3378 sui
2862 3324 3204 3391 relinqueret'
3235 3323 3411 3380 haereo

1829 3424 1949 3475 dem
1986 3421 2173 3491 (Capp.
2204 3423 2252 3488 t,
2282 3422 2358 3491 5).
2388 3422 2492 3476 Sed
2518 3435 2665 3474 more
2690 3420 2852 3474 solito
2875 3418 3102 3474 mendax
3138 3420 3405 3488 apparuit.

1834 3512 2012 3580 Lupus
2052 3513 2157 3568 dux
2186 3513 2578 3580 Campanensis
2623 3511 2690 3566 ab
2719 3510 2948 3567 Ursione
3003 3521 3055 3566 et
3107 3511 3415 3567 Bertrfredo

1826 3608 1895 3663 ab
1922 3607 2159 3662 exercitu
2204 3606 2572 3661 internecione
2628 3606 3008 3673 persequitur;
3059 3604 3156 3659 sed
3209 3606 3413 3661 Brune-

1828 3696 2709 3757 cbildeintercedentelibcratur.
2762 3696 3177 3767 praasidiuinque
3225 3696 3343 3767 ejus
3380 3713 3415 3754 ι

1825 3802 1984 3854 supra
2014 3786 2227 3854 scriptis
2254 3786 2502 3840 tralatum
2530 3797 2610 3841 est
2645 3784 2795 3856 (Cap.
2828 3786 2887 3856 4)
2912 3797 2974 3839 ιη.

1897 3875 2205 3930 LXXXVII.
2243 3875 2359 3929 Fuit
2385 3877 2475 3929 illo
2532 3886 2772 3946 tempore
2816 3878 3088 3932 reclausus
3129 3878 3408 3946 Il05picius

1826 3969 1965 4038 apud
1994 3969 2271 4023 Nicensem
2298 3967 2505 4032 urbem,
2536 3968 2965 4034 quiconstrictus
2984 3966 3189 4022 catenis
3217 3969 3280 4021 ad
3314 3985 3411 4037 pu.

1824 4078 1939 4116 rum
1969 4075 2164 4124 corpus
2191 4060 2376 4113 ferreis
2398 4098 2411 4123 ,
2435 4059 2667 4127 desuper
2691 4061 2886 4119 cilicio.
2919 4060 3048 4114 nihil
3072 4062 3211 4116 aliud
3242 4078 3399 4130 quam

1823 4168 2011 4222 purum
2031 4166 2218 4222 panem
2230 4159 2283 4205 et
2298 4164 2494 4217 paucos
2506 4149 2744 4205 dactvlos
2757 4150 3092 4215 comedebat,
3109 4151 3159 4204 in
3174 4152 3412 4217 Quadra.

1821 4243 2023 4312 gesiina
2052 4240 2259 4296 radices
2286 4240 2570 4295 herbarum
2601 4240 2748 4311 (Cap.
2771 4242 2845 4309 6).
2863 4241 3101 4308 Quidum
3125 4257 3408 4297 conversa.

1820 4344 1969 4391 retur
2008 4336 2060 4389 in
2090 4348 2341 4404 corpore,
2364 4333 2547 4389 multa:
2575 4336 2819 4398 virtutes,
2841 4343 3127 4402 praestante
3161 4335 3407 4402 Domino,

1822 4443 1919 4497 per
1972 4427 2216 4483 eumdem
2273 4434 2503 4479 ostensa:
2560 4434 2683 4479 sunt
2732 4424 2884 4496 (Cap.
2932 4425 3041 4495 η).
3071 4426 3417 4493 Chilpericus

1825 4520 2155 4576 Desiderium
2178 4519 2366 4574 ducem
2399 4518 2462 4572 ad
2490 4519 2884 4587 pervadendum
2918 4520 3325 4592 Petrocoregum
3351 4530 3407 4577 et

1898 4620 1927 4679 It
1964 4632 2055 4685 Sic
2081 4638 2308 4700 mss.iet
2347 4629 2513 4697 editi,
2556 4630 2699 4685 unde
2726 4641 2946 4700 apparet
2977 4632 3073 4687 has
3117 4648 3276 4689 vocas
3318 4634 3416 4689 sed

152 4695 249 4774 eius
276 4716 498 4774 mortem
519 4705 764 4774 refertad
784 4721 870 4759 an.
892 4695 1292 4770 9"Cbi'lileberti,
1324 4709 1414 4761 lib.
1444 4725 1517 4773 vi,
1546 4723 1597 4766 c.
1625 4695 1718 4769 '28,
1750 4698 1803 4758 D
1829 4701 2083 4772 [agundis
2111 4716 2175 4755 ex
2217 4699 2380 4772 Greg.
2415 4695 2877 4771 ab’epitomatore
2911 4718 3007 4774 pro
3038 4704 3190 4760 unica
3239 4703 3410 4761 fuisse

210 4766 234 4806 ¹³
268 4770 479 4857 (ἷθηὲιτιι
502 4772 735 4857 ΟΙιεξητ,
770 4778 978 4847 ejusme
1006 4778 1170 4857 [illum
1198 4766 1305 4857 sua:
1348 4766 1716 4857 ﬁliw.'F_‘reb.,
1823 4766 2147 4857 asstitnptas.
2228 4853 2259 4857 Δ-
2296 4766 2355 4857 μ’
2401 4840 2415 4857 _
2550 4766 2575 4855 ι’
2862 4845 2874 4857 .

155 4838 472 4925 ﬁntque-ﬁlio
499 4838 974 4925 su_o_ﬁ!iam'suqrn.
1006 4838 1315 4918 Legendum
1342 4838 1398 4903 ut
1420 4851 1556 4920 apud
1583 4838 1715 4907 Gre:

1892 4842 1920 4880 ιι
1958 4842 2158 4925 Chesn.
2212 4853 2264 4894 et
2296 4840 2455 4896 Freh.
2478 4881 2495 4908 ,
2543 4843 2597 4896 iu
2628 4859 2782 4897 unam
2828 4845 3101 4899 civitatem.
3130 4845 3297 4912 Can.,
3370 4846 3422 4899 in

155 4917 513 4994 snt-,hejusqtte
537 4917 844 4994 filiamLsuo
875 4918 980 4983 ﬁlio
1003 4917 1280 4994 impeteret.
1455 4917 1467 4920 ⁷
1821 4932 1923 4994 unt!
1955 4917 2173 4994 ςέξνίιιζιε.
2252 4982 2267 4994 ι

218 4990 245 5067 ε,
271 4981 420 5049 Clin,
458 4981 662 5040 horrea.
694 4981 891 5041 Chesn.
920 4998 973 5041 et
1003 4981 1393 5067 ﬁngimus-orto
1417 4994 1716 5061 ﬂammatus

1898 4989 1913 5022 ι
2074 4984 2204 5036 Cati.
2241 4981 2343 5067 A‘l‘ii
2376 4996 2525 5067 vero,
2556 4984 2749 5066 cultum
2777 4984 3098 5067 baptizatus,
3132 4984 3362 5067 effectus.

158 5052 381 5119 multos...
413 5066 460 5110 et
492 5073 637 5109 areas
678 5072 796 5110 cum
824 5060 1041 5111 annonis
1082 5060 1375 5117 incendium
1417 5052 1715 5117 'concrema-
1892 5058 1909 5106 I
1955 5053 2149 5106 Cbesn.
2184 5063 2235 5104 Pl
2272 5053 2429 5117 (ἔθη-ν
2463 5052 2667 5108 suavia!
2709 5065 2780 5110 εις
2814 5055 2998 5119 Ρτθλῑη
3042 5054 3263 5109 θαηίιδί·
3294 5055 3407 5109 ΝΟ*

158 5118 237 5192 rit._
262 5124 405 5190 Βοὴ,
446 5129 623 5180 domos
654 5137 700 5180 et
733 5129 888 5191 arvis,
922 5129 1154 5183 incendia
1200 5142 1605 5187 concremantur,
1818 5134 1924 5180 stra
1958 5125 2133 5188 lectio,
2162 5122 2396 5175 Clarom.
2430 5123 2635 5177 melior.
2656 5165 2670 5186 ,
2702 5126 2899 5178 indICat
2928 5118 3122 5192 quippe
3168 5126 3385 5179 Suevos

1824 5207 1872 5247 et
1921 5195 2206 5265 Galliciani
2248 5207 2460 5244 omnem
2523 5210 2681 5261 quam
2729 5197 3096 5265 occupabant,
3146 5194 3412 5263 deinceps.

1823 5264 2132 5326 Leuvigildo
2159 5262 2581 5322 obtemperasse.
2642 5312 2645 5313 ,

1895 5335 1919 5373 δ
1951 5336 2211 5390 Observat
2259 5332 2521 5393 Valesius,
2554 5333 2687 5386 libro
2716 5350 2770 5395 x,
2798 5335 3176 5403 Fredegarium
3207 5335 3294 5390 hic
3317 5351 3399 5391 ero

1823 5421 1991 5468 rasse,
2010 5403 2323 5473 quiscripsit
2356 5413 2463 5455 tres
2492 5418 2555 5475 ex
2578 5404 2924 5472 Fredegunde
2957 5407 3238 5475 Chilperici
3265 5408 3403 5461 filios

1817 5478 1926 5547 jam
1950 5471 2156 5547 adultos
2188 5487 2296 5547 uno
2323 5486 2464 5525 anno
2488 5471 2789 5543 dysenteria
2846 5471 3217 5533 obiisseXDuu
3248 5479 3391 5533 enim

1826 5544 2159 5607 solummodo
2184 5544 2538 5599 decesserunt
2572 5560 2585 5596 :
2622 5560 2756 5598 unus
2788 5549 2991 5602 exactis
3015 5549 3187 5602 tribus
3215 5550 3397 5603 luetris

1824 5618 1949 5671 alte!
1994 5631 2121 5669 vero
2170 5612 2344 5668 infans
2384 5614 2565 5667 statim
2610 5627 2729 5684 post
2777 5628 3059 5687 acceptum
3109 5621 3394 5688 baptisma,

1820 5703 1881 5744 ex
1913 5689 2221 5741 Fertunato.

1898 5758 1912 5796 ¹
1947 5758 2032 5813 δὴ·
2064 5759 2206 5811 Clar.
2248 5765 2301 5808 et
2331 5752 2463 5807 Bob.
2495 5756 2654 5820 Editi,
2689 5758 2943 5814 mendose
2964 5801 2978 5823 ,
3012 5761 3361 5814 Avenciouem.

1890 5840 1927 5867 ’³³
1942 5831 2080 5887 Clar.
2091 5837 2144 5883 et
2157 5827 2265 5882 Can
2276 5865 2287 5879 .
2298 5866 2311 5893 ,
2327 5842 2356 5879 a
2367 5841 2522 5897 supra
2534 5828 2733 5899 scriptis
2744 5830 2931 5887 (alatus
2946 5842 3039 5896 est;
3056 5836 3100 5885 al
3112 5870 3121 5881 .
3132 5832 3377 5896 ,παίωνι

215 5187 237 5225 ⁴¹
274 5187 400 5249 Clar.
435 5206 490 5251 et
519 5204 678 5262 tam,
717 5187 1086 5263 besentericus,
1118 5210 1165 5252 et
1200 5202 1275 5255 sic
1308 5200 1464 5255 infra.

220 5264 490 5338 '__C_besn.,
517 5268 821 5338 medicis‘ad
844 5266 1222 5322 Guntramnum
1254 5272 1521 5325 accusatis.
1554 5270 1716 5338 Can.,

164 5332 387 5406 medici...
437 5339 679 5392 accusati.
710 5336 843 5392 Can.
894 5340 1137 5394 etf‘reli.
1188 5341 1403 5394 laudant
1432 5344 1589 5395 aliam
1639 5332 1715 5396 Ie;

161 5404 361 5457 Cilonem
391 5408 475 5460 ubi
504 5448 519 5468 ,
573 5408 802 5461 medicus
834 5407 1141 5463 Guntramm‘
1183 5410 1497 5465 Christianus
1527 5415 1579 5465 in
1624 5412 1721 5467 hoc

164 5477 395 5595 ἕξειὲξει,
415 5480 589 5548 jussu,
612 5489 717 5533 etc.
743 5479 884 5532 Editi
904 5496 1090 5535 omnes
1112 5481 1248 5535 intra
1276 5482 1471 5537 habent
1500 5484 1720 5553 migrant

359 5565 421 5595 In.

243 5557 421 5599 catum.

227 5604 241 5691 ξ
272 5613 352 5691 Sic
370 5632 577 5691 semper
598 5618 894 5691 Claradlii,
920 5619 1215 5682 Leuvildut,
1244 5619 1542 5691 Lettpildus.
1570 5622 1710 5681 Idetr

168 5684 237 5759 ff!
258 5685 335 5743 qui
359 5684 493 5759 alios
515 5687 855 5759 Leuvieldus,
881 5705 973 5745 seu
1005 5684 1363 5755 Louvigihlus,
1394 5694 1709 5759 appellatur.

168 5739 311 5834 et
343 5739 466 5834 ejus
510 5758 652 5834 filius
675 5739 1366 5834 aliisestvlfriucucli’ifdtis
1414 5739 1712 5834 urtrswpius

168 5814 276 5873 infra
292 5862 304 5883 .
335 5814 751 5897 H'crmenegildus
766 5868 784 5899 ,
815 5838 921 5886 etc.
