4020 6194
601 285 705 339 6θό

1088 280 1166 335 'S.
1207 220 1537 334 GRE‘GORII
1576 270 1881 329 EPISCOPI
1921 266 2354 324 TURONENSIS
2394 265 2664 323 IIISTOR.
2710 264 2955 320 FRANC.
2999 264 3415 329 EPITOMA'I‘A.

3758 265 3856 320 6M

602 403 879 466 Agermum
908 406 1028 447 eum
1060 390 1293 446 exercitu
1318 388 1518 457 dirigit;
1543 387 1630 457 qui
1659 387 1839 455 fugato
1863 383 2175 454 ﬁagnoaldo
2208 380 2253 441 A
2282 392 2515 451 peratori
2546 381 2739 435 direxit
2770 380 2917 450 (Cap.
2951 382 3069 437 26:.
3093 382 3222 437 Cum
3251 384 3444 439 exinde
3469 386 3657 440 tuisse;
3687 400 3789 437 τεν.
3812 404 3859 438 ιι-

602 493 761 553 dure,
790 488 883 541 has
910 485 1153 540 civitates
1187 482 1440 552 pervasit.
1473 482 1693 550 ejusque
1724 494 1941 532 uxorem
1970 477 2177 531 cunctis

601 579 759 634 rebus
776 575 1114 645 exspoliavit.
1134 556 1411 627 Blandastis
1437 580 1462 607 η
1489 571 1591 625 dux
1626 570 1676 624 in
1715 570 1998 623 Wasconia
2023 568 2173 633 obiit,

604 673 995 736 maximamque
1041 678 1242 735 partem
1272 665 1540 720 exercitus
1563 664 1643 718 sui
1673 664 1852 716 amisit
1882 661 2100 732 (Ibid)

677 764 831 816 Anno
857 762 1018 832 igitur
1057 760 1285 825 septimo
1321 755 1645 811 Cliildeberti
1706 755 1863 822 regis,
1922 752 2010 823 qui
2066 761 2181 807 erat

603 853 889 920 Clii'perici
940 858 996 905 et
1024 848 1336 903 Guntramni
1364 846 1647 915 vigesimus
1690 847 1889 912 primus
1914 842 1943 882 ι)
1965 887 1979 907 ,
2027 843 2175 899 stella

605 952 844 997 cometes
873 941 1115 1009 apparuit
1158 940 1210 993 in
1242 938 1331 991 die
1376 946 1572 991 sanetae
1622 936 1839 989 Pascha:
1882 933 2031 1006 (Cap.
2071 933 2179 1003 14).

606 1034 757 1101 Apud
783 1033 1071 1088 Sexsionas
1093 1030 1361 1084 civitatem
1392 1028 1584 1082 coelum
1625 1026 1817 1081 ardere
1842 1026 2020 1079 visum
2074 1034 2181 1080 est.

608 1123 966 1185 In.l’arisiaco
994 1137 1121 1175 vero
1147 1122 1360 1190 sanguis
1397 1119 1571 1172 denuo
1602 1118 1771 1183 ﬂuxit,
1803 1127 1858 1172 et
1904 1132 2066 1186 super
2088 1132 2183 1173 ve-

608 1214 855 1267 Stimenta
888 1212 1172 1266 multorum
1205 1209 1480 1264 hominum
1536 1208 1695 1279 582
1721 1208 1933 1262 cecidit.
1989 1208 2186 1261 Valitu-

609 1303 761 1355 dines
793 1302 974 1365 varize,
1005 1311 1059 1354 et
1089 1299 1386 1353 mortalitas
1420 1312 1608 1367 magna
1638 1313 1704 1351 eo
1732 1312 1872 1351 anno
1904 1298 1954 1351 in
1988 1297 2186 1365 populo

611 1391 709 1445 fuit
739 1392 891 1461 (Cap.
928 1391 1041 1458 18).
1100 1388 1265 1460 Igitur
1317 1389 1473 1454 legati
1527 1388 1831 1456 Cliilperiei,
1885 1388 2187 1443 Ansoaldus

610 1492 664 1535 et
713 1481 1116 1551 Domegiselus,
1165 1480 1253 1548 qui
1300 1479 1367 1532 ad
1425 1477 1856 1546 conspiciendam
1908 1477 2086 1531 dotem
2134 1478 2186 1532 in

610 1572 859 1636 Spaniam
892 1574 1101 1625 Inerant
1152 1569 1334 1630 missi,
1386 1577 1510 1623 sunt
1556 1570 1785 1639 regressi
1849 1567 1932 1621 bis
1978 1568 2185 1623 diebus.

614 1658 905 1716 Leubildus
935 1677 1025 1715 rex
1060 1669 1245 1714 contra
1278 1659 1709 1714 Ermenchildum
1757 1659 1920 1712 ﬁlium
1950 1674 2103 1713 suum
2133 1660 2187 1713 in

612 1754 848 1806 exercitu
904 1751 1182 1805 resedebat
1229 1767 1244 1804 :

612 1846 836 1914 ejusque
864 1846 1139 1899 mulierem
1166 1860 1195 1899 a
1235 1844 1439 1900 Grteeis
1467 1845 1695 1899 liberare
1732 1858 1837 1897 non
1877 1843 2068 1913 potuit,
2098 1844 2191 1898 sed

615 1950 782 2002 usque
812 1936 863 1989 in
884 1946 1109 1989 mortem
1140 1935 1265 1990 illuc
1303 1937 1594 2004 permansit
1620 1933 1771 2005 (Cap.
1806 1932 1924 2003 45).

687 2024 1014 2078 LXXXVIII.
1070 2028 1143 2079 Eo
1172 2040 1313 2080 anno
1350 2025 1585 2079 Rodinus
1621 2034 1643 2063 ο
1688 2024 1796 2079 dux
1839 2023 2085 2089 moritur,
2114 2026 2195 2079 vir

616 2117 1091 2187 cleemosynarius,
1115 2126 1171 2173 et
1226 2118 1465 2173 bonitate
1514 2116 1873 2187 plenissimus,
1929 2118 2108 2186 justus
2142 2120 2193 2173 in

618 2212 849 2273 cunctis,
896 2210 1167 2279 piissimus
1197 2210 1250 2263 in
1282 2211 1605 2280 pauperibus
1636 2228 1650 2262 :
1681 2211 1769 2278 qui
1810 2212 1937 2265 dum
1967 2211 2195 2280 quadam

627 2301 764 2365 vice,
797 2308 854 2353 ut
874 2309 1245 2364 consueverat,
1271 2311 1537 2355 mortuum
1572 2303 1807 2370 sepelire
1838 2304 2194 2370 praecepisset,

620 2391 760 2444 ttad
792 2391 1057 2459 quoddam
1089 2402 1490 2446 monumentum
1541 2408 1663 2447 cum
1693 2393 1881 2449 cultris
1909 2396 2057 2463 pueri
2089 2398 2199 2448 fos-

621 2497 735 2537 sam
765 2485 1021 2549 facerent,
1052 2484 1228 2540 levato
1253 2484 1427 2554 lapide
1455 2485 1659 2541 invenit
1701 2487 1851 2542 mira:
1874 2489 2200 2558 magnitudi-

623 2576 701 2628 Itis
728 2575 1054 2637 thesaurum,
1086 2586 1139 2631 et
1169 2576 1463 2631 solidorum
1489 2577 1884 2633 multitudinem
1908 2578 2063 2651 (Cap.
2082 2580 2197 2646 ‘20).

626 2666 897 2721 llunc-sibi
928 2670 1198 2736 pr0prium
1230 2683 1420 2724 verum
1476 2670 1685 2724 censuit
1712 2669 1761 2733 α,
1788 2684 1947 2739 quem
1977 2671 2092 2725 sine
2123 2672 2201 2724 in-

634 2757 977 2812 termissione
1022 2757 1251 2813 ﬁdeliter
1304 2760 1619 2828 pauperibus
1650 2760 1909 2830 erogavit.
1940 2760 2203 2831 :quani-

635 2851 795 2905 miter
823 2865 885 2905 ea
917 2848 1022 2906 ﬁde
1054 2850 1287 2907 reddidit
1310 2852 1449 2907 hunc
1470 2852 1519 2907 ei
1551 2852 1879 2919 tbesourum,
1912 2870 1939 2908 a
1976 2870 2081 2924 quo
2110 2869 2203 2909 ae-

627 2948 861 3009 ceperat.
896 2940 1056 2994 Molta
1106 2942 1253 3009 signa
1296 2950 1349 2995 et
1392 2941 1628 3011 prodigia
1659 2957 1725 2996 eo
1780 2956 1921 2997 anno
1969 2944 2025 2998 in
2066 2942 2206 2999 caelo

626 3041 752 3084 sunt
782 3030 892 3085 visa
922 3030 1074 3101 (Cap.
1096 3031 1208 3100 9.1).
1230 3031 1532 3097 Chilperico
1564 3032 1705 3087 ﬁlius
1734 3034 1912 3090 denuo
1943 3035 2200 3100 nascitur,

626 3122 773 3193 jubet
795 3138 982 3177 omnes
1004 3133 1302 3178 carceratos
1327 3125 1503 3180 laxare
1531 3123 1678 3195 (Cap.
1704 3124 1818 3194 9.3).

700 3212 987 3267 LXXXIX.
1020 3213 1384 3280 Cundoaldus,
1414 3216 1581 3284 quise
1603 3216 1768 3269 ﬁlium
1790 3215 2048 3271 Chlotarii
2080 3231 2201 3272 esse

632 3301 864 3367 dicebat,
895 3302 961 3356 de
989 3301 1450 3372 Constantinopoli
1493 3305 1798 3374 revertitur,
1846 3316 1899 3360 et
1927 3306 2203 3364 Chlotario

628 3411 656 3449 a
686 3395 1030 3451 Cbildeberto
1060 3404 1246 3465 patruo
1266 3397 1500 3454 directus
1527 3410 1611 3454 est
1641 3408 1664 3437 ο
1688 3398 1838 3471 (Cap.
1860 3399 1979 3469 24).
2030 3401 2203 3466 Quem

628 3487 929 3542 Clilotarius
981 3488 1171 3544 videns
1203 3530 1219 3553 ,
1261 3503 1467 3543 comam
1516 3490 1706 3560 capitis
1751 3492 1973 3549 tondere
2024 3491 2201 3561 jussit.

634 3578 803 3647 Quem
832 3577 1128 3649 Sigibertus
1177 3580 1487 3634 arcessitum
1518 3581 1663 3635 misit
1684 3582 1736 3636 in
1759 3582 2204 3653 Agrippinensem

636 3666 934 3733 civitatem,
962 3683 1080 3737 qua:
1107 3684 1244 3724 nunc
1266 3669 1481 3724 Colonia
1530 3669 1745 3726 dicitur.
1794 3672 1997 3728 Exinde
2025 3673 2207 3742 lapsus

632 3759 699 3813 ad
732 3760 1009 3817 Narsidem
1040 3760 1217 3833 dirigit
1248 3761 1295 3832 ι,
1347 3770 1402 3820 et
1424 3763 1608 3822 Narsis
1648 3780 1771 3821 cum
1821 3766 2077 3823 Mauricio
2106 3768 2204 3822 imo

2279 489 2391 538 sus,
2422 489 2449 526 a
2474 473 2764 528 Mummolo
2793 474 3014 540 patricio
3041 473 3137 527 fuit
3162 484 3445 541 susceptus
3468 473 3697 531 factione
3725 476 3853 545 Sya-

2280 564 2376 633 grii
2401 574 2457 619 et
2488 564 2653 618 Flavii
2684 563 3052 632 episeomrum
3079 572 3128 627 ε,
3164 576 3220 616 ιιι
3265 564 3855 635 Guntramnuindegm-

2281 655 2473 709 darent
2500 669 2729 723 aregno,
2756 664 2805 707 et
2829 654 3180 712 sublimarent
3202 655 3573 711 Gundoaldum
3594 658 3732 727 (Lib.
3771 676 3854 720 vn,

2283 762 2399 815 cap.
2448 744 2561 815 '56).
2591 745 2672 799 0b
2712 745 2850 799 hanc
2900 760 3114 800 causam
3170 746 3489 803 Mummolus
3546 751 3856 807 interfectus

2284 845 2388 891 est.
2415 837 2761 892 Gundoaldus
2781 852 2809 890 a
2840 837 3048 892 Bosone
3091 838 3223 893 duce
3251 842 3479 895 factione
3501 842 3846 898 Conliennen-

2286 927 2361 980 sis
2381 928 2525 982 urbis
2555 927 2621 982 de
2658 928 2932 982 cacumine
2981 931 3127 997 rupis
3174 930 3516 1001 impingitur;
3552 934 3724 1004 ibique
3750 936 3848 990 dis-

2288 1029 2476 1085 ruptus
2528 1018 2754 1072 meritur
2804 1016 2957 1089 (Cap.
2986 1018 3100 1088 '58).
3131 1021 3386 1092 Cariatto,
3412 1025 3675 1091 spatarius
3715 1027 3849 1080 Cun-

2291 1111 2505 1176 tramni,
2529 1111 2616 1179 qui
2640 1112 2775 1167 hanc
2796 1126 2906 1166 rem
2932 1112 3184 1181 prodidit,
3214 1113 3371 1184 hujus
3395 1114 3747 1172 vicissitudine
3774 1135 3848 1175 re-

2292 1202 2561 1270 pensionis
2589 1203 2952 1271 episcopatum
2984 1204 3393 1261 Gennavensem
3421 1209 3449 1244 ¹³
3480 1212 3781 1279 assumpsit.

2364 1293 2523 1364 583
2555 1292 2665 1347 XC.
2693 1294 2785 1349 IIIo
2802 1303 3037 1362 tempore
3059 1295 3391 1366 Chilpericus
3409 1299 3663 1368 Parisios,
3679 1312 3847 1357 coiitra

2291 1397 2500 1454 pactum
2523 1385 2661 1454 quod
2680 1399 2799 1439 cum
2819 1385 3037 1441 Francis
3062 1388 3273 1458 inierat,
3298 1390 3612 1460 ingreditur,
3626 1394 3846 1462 obquain

2292 1490 2405 1530 rem
2440 1475 2735 1543 portionem
2764 1492 2917 1531 suam
2942 1476 3639 1548 exindejusteamisit(Lib.
3660 1499 3851 1553 v1,cap.

2293 1568 2411 1637 27).
2429 1566 2821 1623 Cuntiamnusi
2844 1569 3380 1638 partemChildeberti
3396 1572 3462 1628 de
3487 1574 3711 1629 Massilia
3738 1575 3854 1630 red-

2293 1657 2721 1728 didit(Cap.'55).
2739 1659 3083 1713 Mummolum
3108 1660 3337 1716 factione
3367 1662 3749 1733 Fredegundm,
3778 1666 3855 1719 cui

1302 1762 1425 1805 tunc
1484 1750 1647 1804 lilium
1703 1766 1857 1805 suum
1900 1750 2187 1818 interiecit,
2221 1767 2270 1827 Β
2298 1750 2792 1820 reputabantﬁlium
2808 1766 2960 1806 suum
2979 1753 3855 1820 perincantationeminterfecisse.

2292 1842 2455 1912 jussit
2498 1857 2589 1896 rex
2630 1842 2936 1913 suggillare,
2997 1842 3280 1913 multmque
3309 1845 3559 1901 mulieres
3608 1863 3701 1913 pro
3754 1848 3858 1912 ipso

2297 1935 2573 1989 mendacio
2599 1949 2625 1985 a
2660 1933 3008 2002 Fredegunde
3054 1944 3177 1989 sunt
3226 1935 3521 1991 interfectae
3573 1936 3723 2008 (Cap.
3753 1938 3855 2006 33).

2369 2024 2501 2078 XCI.
2532 2023 2867 2093 Chilpericus
2902 2026 3095 2079 timens
3146 2025 3534 2080 Gunlramnum
3561 2038 3614 2082 et
3659 2026 3858 2082 Childe‘

2297 2116 2506 2170 bertum
2525 2117 2574 2169 in
2592 2114 3031 2171 Camaraceusem
3053 2131 3174 2170 cum
3200 2116 3461 2169 thesauris
3473 2119 3721 2186 omnique
3741 2136 3858 2186 prm-

2297 2207 2439 2262 sidio
2468 2216 2549 2260 est
2577 2221 2862 2277 aggressus
2890 2206 3043 2276 (Cap.
3102 2206 3217 2275 Μ).
3255 2208 3353 2263 Per
3406 2211 3577 2277 ipsum
3632 2211 3859 2265 timorem

2299 2311 2441 2365 smpe
2462 2299 2751 2351 exercitum
2782 2297 3046 2363 movebat,
3075 2306 3127 2351 et
3160 2299 3409 2354 resedere
3446 2301 3693 2355 faciebat.

2374 2388 2525 2441 XCII.
2552 2388 2927 2442 Childehertus
2955 2390 3006 2442 in
3048 2388 3251 2443 Italiam
3277 2390 3429 2458 abiit,
3463 2402 3517 2446 et
3544 2394 3861 2463 Langobardi

2300 2493 2360 2532 se
2382 2494 2491 2531 sum
2514 2477 2701 2531 ditioni
2725 2478 3099 2533 commendant
3122 2479 3271 2549 (Cap.
3294 2481 3407 2551 42).
3428 2482 3666 2543 Gloriose
3679 2482 3862 2539 exinde

2301 2570 2676 2625 Cliildebcrtus
2724 2569 2887 2641 584
2938 2573 3239 2626 revertitur.
3308 2573 3599 2641 Acceperat
3644 2575 3787 2641 prius
3838 2590 3862 2626 a

2302 2661 2558 2716 Mauricio
2607 2662 2928 2730 imperatore
2986 2663 3367 2733 quinquaginta
3412 2668 3576 2719 millia
3625 2669 3769 2733 auri,
3817 2678 3863 2721 ut

2304 2751 2681 2822 Langobardos
2710 2753 2776 2809 de
2806 2753 2948 2808 Italia
2969 2766 3322 2826 expugnaret.
3349 2758 3453 2813 Sed
3476 2776 3581 2814 non
3604 2762 3768 2814 solum
3797 2764 3862 2814 eis

2305 2865 2410 2903 non
2444 2848 2647 2913 nocuit,
2708 2848 2801 2902 sed
2831 2849 2990 2903 etiam
3034 2849 3296 2906 amicitias
3348 2868 3468 2906 cum
3528 2853 3655 2923 ipsis
3704 2854 3862 2908 inivit.

2304 2940 2593 2995 Leubildus
2624 2956 2747 3005 rex,
2775 2949 2832 2994 ut
2863 2954 3021 3009 supra
3073 2940 3292 2997 fecimus
3338 2946 3683 3011 mentionem,
3717 2946 3862 2999 ﬁliuni

2306 3047 2463 3087 suum
2497 3033 2930 3088 Ermenchildum
2960 3034 3249 3090 interfecit.

2230 3147 2277 3210 ρ
2384 3124 2563 3178 XCIII.
2610 3124 2957 3193 Cliilpericus,
2990 3136 3038 3180 et
3083 3126 3445 3197 Fredegundis
3504 3128 3662 3183 ﬁliani
3696 3142 3863 3183 eorum

2308 3231 2428 3271 cum
2452 3215 2658 3285 magnis
2685 3214 2816 3287 [Al.,
2849 3215 3048 3288 multis]
3076 3217 3337 3273 thesauris
3367 3229 3421 3273 et
3446 3219 3776 3272 multitudine
3806 3216 3865 3269 fa.

2310 3308 2467 3363 milia:
2493 3308 2546 3363 in
2568 3307 2685 3377 ejus
2726 3308 3077 3363 ministerium
3106 3309 3303 3364 direxit
3343 3308 3397 3363 in
3424 3309 3692 3378 Spaniam,
3720 3325 3866 3379 quam

2312 3400 2451 3455 ﬁlius
2483 3399 2722 3455 Leubildi
2770 3401 2964 3468 accipit
2994 3417 3215 3456 uxorem
3249 3400 3399 3472 (Cap.
3448 3403 3565 3470 46).
3614 3402 3715 3456 Nec
3759 3409 3864 3469 post

2317 3505 2463 3546 mora
2494 3500 2741 3547 exstante
2795 3492 3130 3560 Cbilpericus
3180 3493 3246 3546 ad
3295 3490 3476 3547 Calain
3530 3492 3727 3555 villam,
3776 3505 3863 3545 nec

2313 3579 2499 3649 procul
2525 3594 2558 3634 a
2587 3580 2844 3646 Parisios,
2876 3582 2945 3635 ab
2967 3580 3203 3647 homine,
3228 3582 3441 3637 nomine
3493 3581 3739 3647 Faleone,
3784 3580 3863 3648 qui

2310 3673 2559 3727 missusa
2594 3671 2948 3727 Brunecbilde
2994 3672 3191 3738 fuerat,
3222 3683 3305 3728 est
3354 3673 3668 3729 interfectus
3718 3673 3763 3726 I.
3814 3673 3864 3726 Et

2306 3762 2385 3819 sic
2404 3762 2827 3819 crudelissimam
2840 3763 3000 3818 vitam
3026 3765 3383 3835 digna,morte
3399 3764 3573 3820 ﬁnivit
3590 3765 3739 3837 (Cap.
3760 3762 3861 3833 46).

1606 3956 1903 4003 EXPLICIT
1942 3958 2134 4002 LIBER
2174 3956 2527 4002 EXCEBPTB
2570 3952 2909 3999 CHBONICE

704 4180 729 4209 ι
754 4169 975 4233 Chesn.,
1000 4168 1318 4224 Blaudastis.
1346 4170 1413 4224 Et
1434 4178 1608 4225 tamen
1622 4169 1910 4239 Gregorius
1923 4185 2072 4239 plura
2088 4185 2212 4224 nar-

632 4249 715 4293 rat
737 4242 803 4292 «πρ
826 4241 1011 4293 eodem
1036 4241 1279 4295 Itladaste
1308 4239 1465 4301 infra.
1492 4256 1614 4294 nam
1638 4253 1690 4295 et
1714 4241 1929 4294 biennio
1957 4250 2078 4308 post
2114 4240 2211 4294 Bi-

636 4314 854 4362 turirum
873 4309 1091 4370 vallavit.
1106 4319 1161 4364 et
1193 4320 1372 4377 postea
1403 4310 1749 4365 Gundovaldo
1773 4308 2089 4378 conjunictus
2103 4321 2205 4365 est.

703 4379 728 4418 ι’
756 4380 845 4433 διο
871 4379 1010 4433 Clar.
1062 4380 1198 4435 Editi
1230 4394 1377 4446 vero,
1429 4382 1717 4451 vigesimus.
1760 4377 1900 4433 Infra
1948 4377 2050 4433 Cb.
2108 4380 2207 4445 a|.,

630 4450 774 4503 stel’a
801 4458 1016 4503 comata.

705 4518 925 4572 t=Cne~n
997 4520 1091 4582 al.,
1142 4518 1453 4583 Chrodinus,
1478 4517 1546 4574 de
1591 4532 1697 4588 quo
1746 4532 1907 4587 supra
1954 4533 2072 4588 cap.
2119 4517 2209 4574 59.

637 4588 796 4647 Boii.,
829 4588 1048 4641 bomtale
1078 4590 1388 4643 lenissimus.

703 4654 728 4692 ά
762 4656 850 4712 Sic
879 4658 1011 4729 Bob.
1054 4670 1105 4711 et
1133 4659 1271 4712 Clar.
1304 4659 1463 4724 Can.,
1494 4660 1615 4729 jure
1652 4659 1865 4712 censuit.
1899 4657 2060 4715 Freh.
2088 4698 2103 4723 ,
2134 4659 2212 4714 vir

629 4729 842 4781 censuit.
876 4727 1098 4791 Chesn.,
1129 4730 1348 4781 censivit.

709 4806 733 4833 ⁸
764 4796 1107 4865 Fredegarins
1132 4798 1469 4852 existimasse
1507 4798 1717 4855 videtur
1745 4797 2142 4854 Childebertum
2168 4798 2209 4864 Ι,

633 4867 747 4935 qui,
773 4883 835 4919 ex
860 4865 1137 4934 Gregorio,
1161 4868 1564 4923 Gendovaldum
1594 4868 1868 4923 Chlotario
1895 4871 2207 4935 transmisit,

640 4939 805 5005 ipsius
820 4937 1072 4991 Clilotarii
1092 4938 1251 4991 fuisse
1276 4947 1542 5008 patruum,
1561 4938 1699 5008 quod
1719 4937 1909 4993 falsum
1924 4949 2005 4992 est
2032 4948 2214 5001 :erant

631 5010 774 5063 enim
809 5008 1015 5062 fratres.
1046 5011 1315 5077 Autcerte
1338 5007 1931 5063 Cbildel).Gundovaldi
1966 5017 2208 5077 patruum

635 5080 885 5146 appellat,
912 5087 967 5132 et
1002 5087 1128 5132 tunc
1153 5076 1269 5146 ejus
1309 5078 1466 5132 verba
1515 5079 1593 5133 sic
1641 5080 1953 5148 exponenda
1995 5087 2211 5134 esstent:

635 5149 677 5202 A
696 5148 1037 5203 Clnldeberto
1052 5150 1284 5203 directus
1297 5149 1455 5203 estad
1479 5160 1677 5216 patrem
1693 5165 1843 5202 suum
1859 5149 2043 5203 Chlota
2054 5150 2207 5212 rium,

637 5220 773 5286 quod
813 5233 844 5272 a
884 5221 1107 5273 veritate
1143 5220 1369 5271 aliemun
1402 5236 1505 5273 non
1538 5228 1640 5275 est.
1674 5221 1802 5272 Nam
1829 5220 2213 5273 Gundovnldus

637 5289 865 5355 primum
895 5288 1236 5348 Cbildeberto
1267 5292 1281 5341 l
1310 5300 1658 5357 pra-sentatus
1689 5301 1790 5354 est,
1817 5305 1934 5343 cum
1963 5291 2025 5342 ad
2053 5290 2212 5341 Chlo-

638 5358 830 5427 tariuni
860 5357 1091 5412 directus
1120 5359 1234 5412 fuit.
1269 5360 1465 5414 Confer
1492 5375 1607 5427 cap.
1643 5358 1714 5411 24
1745 5360 1836 5412 lib.
1862 5376 1910 5412 νι
1937 5358 2204 5425 Gregorii.

710 5425 728 5464 ε
766 5427 899 5547 Cain.
933 5438 985 5481 ct
1008 5428 1134 5493 Ωιι..
1166 5430 1427 5497 dirigitur.
1458 5425 1644 5484 Nostra
1698 5430 1854 5483 lectio
1910 5430 2127 5495 melior,
2162 5430 2210 5482 id

710 5505 813 5547 [γει
858 5506 915 5547 ιι.

639 5505 721 5549 est
749 5505 915 5548 vadit.

714 5574 737 5613 ε
767 5563 1026 5636 δμιηὶυδ
1066 5578 1181 5622 erat
1226 5567 1735 5636 Augustodunemis,
1799 5578 1847 5621 et
1882 5567 2095 5621 Fiavios
2118 5566 2211 5621 Cav

2237 4276 2289 4338 Ι)

2316 4169 2636 4225 billonensis
2663 4169 2924 4237 episcopi,
2946 4180 3081 4237 quos
3108 4165 3293 4222 ﬁdeles
3317 4181 3535 4235 semper
3557 4167 3862 4221 Guntramno

2317 4242 2591 4295 exstitisse
2620 4238 2896 4294 existimat
2927 4238 3184 4304 Valesius,
3212 4238 3639 4307 proditionisque
3668 4254 3861 4291 accusa-

2315 4322 2398 4364 tos
2426 4326 2455 4364 a
2504 4309 2790 4364 Mummolo
2851 4308 3131 4373 invidiose,
3183 4308 3322 4376 quod
3363 4323 3548 4363 eorum
3599 4313 3862 4376 potentiam

2312 4395 2476 4455 aegre"
2487 4382 2679 4455 ferret.

2384 4450 2407 4487 ι’
2437 4451 2538 4515 Ch;
2566 4450 2661 4516 aL,
2691 4448 2947 4503 Curiatiis.
2978 4448 3307 4516 Subscripsit
3338 4448 3501 4502 Cone.
3523 4447 3795 4502 Valentino
3818 4466 3860 4510 Il,

2310 4534 2400 4574 an.
2434 4519 2556 4583 584,
2580 4531 2631 4573 et
2660 4520 3036 4574 Matisconensi
3088 4519 3213 4572 item
3258 4533 3316 4584 ιι,
3348 4534 3487 4571 anno
3512 4522 3769 4585 sequenti.

2386 4589 2399 4639 ί
2442 4592 2532 4646 Sic
2556 4590 2700 4656 Clar,
2732 4589 2888 4656 Editi,
2918 4590 3055 4642 male
3080 4629 3095 4653 ,
3121 4587 3464 4643 Guntramno.
3489 4588 3622 4643 Vide
3644 4586 3859 4659 Gregorii

2309 4665 2428 4715 10ου
2436 4678 2507 4713 m.

2385 4742 2399 4781 ι
2439 4729 2724 4799 Cliilperici
2757 4744 2942 4783 necem
2976 4727 3306 4795 Fredegundi
3343 4727 3522 4782 tribuit
3551 4738 3735 4783 auctor
3752 4729 3858 4783 Ces-

2313 4812 2486 4854 torum
2514 4800 2954 4857 Fi'ancoruni.et
3011 4808 3128 4866 post
3178 4814 3301 4851 eum
3349 4800 3649 4864 Aimoinus,
3707 4800 3860 4853 verita:

2314 4872 2523 4925 scilicet
2547 4886 2613 4924 ne
2638 4870 2753 4937 ejus
2784 4871 3020 4937 impuros
3048 4881 3261 4922 amores
3282 4908 3295 4929 ,
3321 4883 3455 4934 quos
3490 4884 3609 4921 cum
3640 4866 3857 4937 Landerij

2315 4955 2382 4994 co
2411 4935 2799 5007 habebat,ipse
2830 4935 2921 4993 rex
2944 4938 3176 5007 puniret.
3198 4938 3557 5006 Sunnigisilus
3573 4951 3766 5003 tamen,
3790 4935 3856 5005 qui

2312 5025 2378 5065 ex
2408 5010 2541 5063 Ilist.
2573 5007 2733 5078 Greg.
2768 5010 2861 5063 lib.
2899 5025 2954 5073 χ,
3009 5025 3125 5075 cap.
3155 5008 3241 5073 19,
3275 5008 3446 5060 fassus
3493 5018 3577 5062 est
3628 5023 3689 5063 se
3740 5020 3857 5063 reum

2312 5096 2433 5135 esse
2464 5080 2749 5146 Chilperici
2780 5079 2986 5143 nimiis,
3013 5079 3217 5132 crimen
3266 5080 3318 5129 in
3348 5078 3749 5147 Fredegundem
3778 5092 3855 5131 non

2314 5150 2517 5217 reiecit.
2552 5149 2953 5217 Fredegundem
2979 5149 3101 5217 ejus
3121 5149 3194 5202 rei
3217 5162 3475 5201 accusare
3507 5151 3716 5203 videtur
3741 5147 3851 5217 Chii:

2313 5213 2591 5282 debertus,
2624 5213 2749 5272 cuni
2786 5219 2956 5286 ipsum
3010 5213 3038 5271 a
3074 5216 3404 5270 Gnntramno
3459 5232 3705 5287 repetens
3752 5213 3855 5285 apud

2312 5290 2494 5359 Greg,
2528 5289 2622 5343 lib.
2656 5305 2748 5351 vn,
2780 5302 2901 5355 cap.
2923 5290 2975 5354 7,
3000 5302 3117 5359 eam
3140 5304 3293 5339 suum
3329 5298 3621 5359 patrcmgac
3651 5299 3855 5359 patruum

2313 5353 2651 5414 interfecisse
2677 5353 2909 5412 dicebat.
2963 5353 3072 5410 Il'oc
3101 5359 3303 5417 crimen
3366 5360 3478 5424 ipsa
3527 5353 3853 5424 Fredcgnudés

2315 5431 2498 5497 rejecit
2522 5432 2571 5483 in
2604 5429 2908 5485 Ebcrulfum
2933 5428 3218 5497 Cliilpcrici
3243 5427 3657 5493 cubicularium,
3680 5427 3763 5481 lib.
3787 5436 3852 5479 rtl.

2315 5515 2432 5568 Cap.
2459 5501 2545 5555 ‘21.
