4020 6194
286 286 491 295 ___
1870 281 2979 290 _______..____________s___
2990 283 3073 290 ..κ
3087 283 3353 291 ______.._

211 281 3497 336 nam

885 460 1395 534 MONITUM
1458 462 1573 533 IN
1631 458 2101 544 SEQUENS
2177 454 2864 529 CHBONICUM.

292 645 644 708 Chromcum,
677 643 821 713 quod
853 645 903 697 in
936 643 1257 698 collectione
1287 641 1610 710 Fredegario
1642 640 1894 693 attributa
1940 649 2187 707 quartum
2220 645 2310 690 aut
2338 648 2546 689 sextum
2578 636 2753 689 locum
2785 635 3008 699 obtinet,
3041 634 3281 705 Gregorii
3324 638 3490 691 nostri

226 736 478 790 Historia:
493 734 886 806 subjungimus,
908 734 1046 803 quod
1075 736 1144 788 sit
1171 734 1287 803 ejus
1309 734 1472 788 veluti
1503 733 1852 787 continuatio.
1886 730 2021 785 Hinc
2050 729 2287 783 nonnulli
2323 729 2535 782 codices
2566 729 2768 797 scripti,
2803 731 2852 783 in
2884 728 3077 798 quibus
3108 746 3279 784 nonus
3314 731 3485 782 llisto-

220 832 308 882 tia:
338 830 682 899 Gregoriana:
705 829 841 883 liber
867 837 922 883 et
949 827 1194 882 decimus
1225 828 1279 881 in
1320 842 1483 881 unum
1532 825 1869 891 conflantur,
1897 838 2056 892 quem
2084 823 2356 891 appellant
2397 837 2613 887 nonum,
2657 822 2757 875 hoc
2792 823 2963 890 ipsum
3012 822 3336 875 Chronicum
3395 825 3492 872 sub

219 919 414 972 decimi
451 918 698 972 llistorize
725 918 969 987 Gregorii
994 917 1322 971 Turonensis
1354 914 1472 969 fibri
1507 913 1661 969 titulo
1706 920 2134 981 repraesentant;
2163 911 2304 979 quod
2349 911 2400 963 in
2433 911 2703 979 plerisque
2728 910 2885 963 editis
2917 910 3018 963 sub
3043 910 3349 979 Appendicis
3398 919 3493 961 aut

219 1007 459 1078 Gregorii
489 1007 737 1060 Historia:
757 1007 873 1060 libri
900 1007 1156 1059 undecimi
1183 1004 1336 1059 titulo
1374 1004 1645 1073 vulgatum
1677 1009 1780 1055 est.
1813 1001 1941 1070 Ejus
1970 1009 2245 1054 auctorem
2276 1000 2375 1056 sub
2407 1000 2615 1069 Pippini
2642 1003 2785 1071 regis
2824 1011 2915 1055 aut
2933 1012 3081 1055 certe
3114 1000 3291 1055 Caroli
3320 1000 3490 1067 Magni

204 1102 333 1168 .ejus
363 1102 458 1154 lilii
486 1101 789 1169 principatu
820 1099 1123 1169 scripsisse,
1147 1108 1204 1152 ut
1228 1099 1512 1168 plurimum
1544 1097 1641 1150 viri
1672 1096 1867 1157 eruditi
1900 1096 2340 1150 existimaverunt
2371 1137 2385 1161 ,
2419 1097 2559 1162 quod
2588 1096 2641 1149 in
2666 1096 2894 1166 vulgatis
2949 1098 3108 1152 cditis
3138 1098 3491 1164 omnibusque

223 1195 391 1245 lerme
421 1190 798 1256 manuscriptis
823 1205 909 1244 res
940 1188 1004 1243 ad
1034 1189 1223 1243 horum
1262 1190 1559 1257 principum
1604 1203 1771 1259 usque
1797 1202 2033 1256 tempora
2060 1198 2222 1258 gesta:
2251 1188 2658 1251 describantur;
2691 1199 2744 1242 at
2768 1189 2839 1241 illi
2863 1206 2965 1243 non
2995 1192 3128 1246 satis
3157 1193 3493 1246 continuato-

224 1298 311 1337 res
342 1298 371 1335 a
399 1281 572 1353 primo
601 1280 850 1337 Chroniei
879 1291 1101 1338 auctore
1132 1282 1511 1337 distinxerunt.
1542 1282 1693 1349 Quod
1724 1294 1905 1352 postea
1934 1298 1991 1336 re
2038 1282 2339 1337 accuratius
2370 1292 2595 1349 attenta,
2625 1292 2679 1338 et
2704 1294 2941 1338 veterum
2972 1286 3212 1339 codicum
3235 1299 3334 1352 Ope
3360 1298 3491 1352 pra!-

221 1376 399 1429 Slilmll
427 1385 510 1431 est
532 1390 560 1428 a
594 1376 721 1429 viris
746 1373 937 1438 doctis,
990 1374 1420 1428 existimantibus
1446 1375 1601 1441 primi
1633 1375 1871 1428 auctoris
1900 1389 2035 1442 opus
2066 1373 2200 1425 ultra
2223 1388 2423 1427 annum
2455 1384 2700 1441 quartum
2743 1374 3031 1430 Chlodovci
3060 1376 3123 1441 ll,
3165 1391 3286 1429 wrtr
3309 1376 3490 1442 γενεη-

222 1470 292 1522 ris
320 1467 451 1532 641,
484 1484 587 1522 non
615 1468 919 1537 pertigisse;
952 1482 1013 1520 ea
1038 1482 1166 1521 vero
1190 1484 1306 1537 qua:
1335 1479 1631 1535 sequuntur
1669 1483 1699 1522 a
1744 1468 1902 1521 variis
1942 1466 2249 1521 auctoribus
2289 1464 2449 1532 fuisse
2479 1466 2682 1530 adjecm
2707 1507 2723 1530 ,
2755 1482 2874 1532 qua:
2897 1470 3075 1523 omnia
3118 1471 3229 1524 suis
3266 1469 3398 1524 locis
3441 1472 3490 1521 in

229 1564 323 1616 hac
378 1569 563 1615 nostra
618 1562 850 1616 editione
892 1562 1306 1627 distinguentur.
1370 1561 1527 1615 Plura
1574 1561 1616 1613 si
1644 1560 1765 1629 quis
1816 1559 1997 1615 dehis
2045 1561 2208 1615 rebus
2238 1561 2379 1614 scire
2422 1560 2590 1628 cupit,
2624 1559 2782 1629 legat,
2826 1562 2870 1615 si
2913 1561 3088 1627 lubet,
3123 1561 3486 1631 prtelationem

223 1666 377 1719 quam
404 1651 528 1706 huic
553 1650 810 1705 volumini
841 1652 1192 1719 prmliximus.

489 1919 1748 2066 FREDEGARII
1883 1918 3225 2068 SCHOLASTICI

1135 2228 2573 2391 CHRONICUM

632 2545 986 2653 CUM
1055 2544 1390 2655 SUIS
1481 2539 2219 2651 CONTINU.

1498 2539 2304 2651 CONTINUA
2330 2541 2813 2647 TORIB
2833 2540 3018 2647 US
3048 2636 3085 2699 ,

1788 2748 1947 2806 SIVE

496 2921 1301 3024 APPENDIX
1433 2917 1644 3019 ΑΙ)
1782 2912 2338 3020 SANCTI
2472 2916 3229 3023 GREGORII

1126 3134 1709 3237 EPISCOPI
1788 3133 2230 3237 TURON
2239 3134 2410 3238 EN
2420 3134 2609 3237 SIS

360 3498 365 3509 .
417 3378 1710 3521 HISTORIAM
1828 3376 3263 3521 FBANCOBUM.

1198 3658 2455 3699 ————-—-‘===—————-——

1514 3835 2220 4025 ἦβτοῐοςςιιβ.

299 4238 647 4315 585-586
668 4242 801 4298 Cum
833 4240 1033 4314 aliquid
1060 4239 1220 4296 unius
1244 4236 1392 4295 verbi
1422 4237 1752 4308 proprietate
1781 4247 1807 4277 ι
1834 4254 1939 4299 non
1969 4238 2142 4295 habeo
2171 4241 2313 4310 quod
2342 4237 2628 4309 proferam,
2662 4242 2761 4297 nisi
2787 4243 3081 4311 prmstilum
3114 4246 3182 4298 ah
3204 4248 3480 4302 Altissitttt)

238 4327 401 4400 luerit,
423 4344 475 4391 et
502 4337 631 4389 dum
662 4351 846 4403 quaero
870 4335 1094 4405 implere
1116 4337 1459 4399 sententiam,
1490 4333 1650 4403 longo
1677 4331 1880 4386 ambitu
1905 4331 1996 4385 vix
2028 4332 2205 4387 brevis
2234 4332 2333 4385 viae
2374 4332 2603 4399 spatium
2635 4349 2972 4398 consumma,
2998 4339 3341 4391 vernaculum
3377 4340 3480 4392 lino

237 4434 339 4487 gutn
365 4423 520 4496 hujus
552 4425 699 4481 verbi
723 4426 1105 4496 interpretator
1132 4426 1364 4483 absurde
1400 4431 1620 4481 resonat
1648 4423 1671 4461 δ
1696 4440 1711 4490 ;
1736 4423 1781 4477 si
1813 4422 1883 4477 ob
1915 4424 2287 4479 necessitatem
2318 4423 2515 4493 aliquid
2549 4425 2600 4479 in
2627 4424 2815 4480 ordine
2846 4442 3152 4481 sermonum
3187 4438 3479 4496 tnutavern,

240 4511 297 4565 ab
324 4514 629 4589 interpretis
655 4516 842 4573 videor
867 4516 1045 4572 ofﬁcio
1083 4518 1397 4574 recessisse.
1432 4515 1614 4587 itaque
1651 4514 1791 4569 beati
1844 4513 2178 4580 Hieronymi,
2212 4513 2416 4580 Ydacii,
2448 4524 2502 4568 et
2524 4516 2801 4586 cujusdam
2836 4519 3126 4588 Sapientis,
3160 4535 3253 4575 seu
3308 4531 3362 4576 et
3390 4522 3453 4575 lsi

237 4601 359 4671 dori,
385 4608 601 4679 imoque
630 4619 683 4664 et
708 4609 950 4678 Gregorii
979 4607 1260 4665 cbronicas
1288 4624 1320 4663 a
1349 4607 1533 4662 mundi
1563 4605 1767 4675 origine
1796 4604 2203 4675 diligentissime
2237 4620 2576 4674 percurrens,
2611 4623 2777 4677 usque
2807 4608 3100 4665 decedente
3125 4627 3287 4682 regno
3315 4613 3466 4668 Gun-

239 4700 433 4763 tramni,
457 4701 545 4755 his
565 4699 801 4770 quinque
831 4698 1102 4754 chronicis
1136 4698 1294 4767 hujus
1319 4697 1507 4762 libelli,
1540 4711 1639 4752 nec
1662 4694 1886 4765 plurima
1916 4695 2274 4763 praetermissa
2297 4706 2321 4736 ο
2354 4696 2661 4763 singillatim
2693 4702 3039 4767 congruentia
3082 4704 3221 4773 stylo
3252 4703 3473 4769 inserui,

239 4788 360 4852 quod
389 4790 523 4864 [Al.,
556 4790 695 4863 quat]
724 4792 798 4846 illi
823 4792 1177 4847 solertissime
1206 4793 1405 4873 absque
1437 4790 1856 4858 reprehensione
1875 4786 2251 4842 condiderunt.
2279 4787 2411 4842 Cum
2451 4787 2567 4843 htec
2614 4790 2684 4843 ita
2718 4806 2776 4845 se
2818 4792 3065 4857 habeant,
3098 4798 3460 4849 necessarium

245 4878 356 4937 duxi
382 4889 657 4942 veritatem
677 4886 983 4956 diligentius
1008 4886 1237 4955 insequi,
1263 4895 1317 4941 et
1344 4886 1415 4940 ob
1444 4884 1498 4941 id
1525 4886 1576 4939 in
1603 4884 1867 4953 prioribus
1898 4883 1982 4937 his
2006 4878 2035 4920 ἀ
2064 4883 2356 4949 chronicis,
2383 4885 2533 4954 quasi
2561 4885 2791 4955 quodam
2824 4888 2999 4943 futuro
3025 4904 3207 4959 opere,
3237 4887 3479 4941 omnium

241 4971 352 5025 mihi
388 4990 547 5047 regna
573 4985 629 5032 et
658 4984 898 5046 tempora
926 4975 1220 5046 praenotavi
1251 4985 1297 5029 ο.
1323 4976 1380 5030 In
1403 4976 1652 5045 praesenti
1683 4985 1860 5030 autem
1884 4974 2023 5045 stylo
2050 4989 2111 5029 ea
2158 4983 2397 5043 tempora
2424 4993 2648 5047 ponens,
2681 4990 2735 5035 et
2761 4982 3083 5051 singularum
3110 4980 3345 5051 gentium
3375 4994 3474 5034 cu-

249 5060 521 5124 riosissimo
552 5069 744 5124 ordine
773 5084 893 5139 quae
920 5077 1201 5140 gesserunt
1226 5069 1504 5137 coaptavi;
1536 5068 1675 5137 quod
1706 5064 2106 5135 prudentissimi
2151 5068 2510 5139 587-588
2538 5072 2658 5136 viri,
2692 5086 2827 5141 quos
2854 5088 3013 5141 supra
3066 5070 3307 5136 memini,
3335 5072 3483 5127 hisce

242 5151 481 5216 chronicis
509 5160 754 5231 (verbum
788 5160 887 5214 hoc
910 5170 994 5215 est
1025 5175 1217 5215 nomen
1240 5160 1507 5223 GraaCum,
1530 5158 1668 5228 quod
1707 5158 1894 5212 Latine
1920 5156 2320 5224 interpretatur,
2354 5167 2504 5226 gesta
2564 5161 2887 5229 temporum)
2930 5162 3265 5218 severissime
3300 5160 3319 5200 ί
3353 5162 3467 5218 dic-

304 5366 325 5444 f
352 5360 656 5444 Qanqlcum
685 5364 753 5416 ad
771 5363 1228 5444 liquidumjussus
1258 5362 1374 5444 [91η
1401 5364 1606 5444 jussit)“;
1636 5362 1795 5444 linit”
1972 5360 1997 5399 ἀ
2033 5363 2190 5444 βριιη
2213 5377 2259 5418 et
2285 5365 2640 5444 obedientium.
2676 5365 2739 5444 In
2761 5367 2860 5444 Itis.

247 5424 390 5505 iusso]
416 5424 548 5488 verbi
603 5424 989 5507 proprietatem.
1024 5424 1210 5497 Freh.,
1258 5424 1416 5487 Ἐπί
1447 5436 1513 5486 ad
1550 5433 1799 5503 liquidam
1962 5424 2367 5507 _fﬁChcs.i,q_uasi
2386 5439 2661 5506 quamdam
2682 5439 2845 5505 futuri
2868 5441 3487 5507 opcmminiamomuium

248 5504 454 5583 Ιυξδιςρς..
481 5521 580 5557 non
604 5505 837 5583 Ιιᾳρεᾳηι,
862 5514 975 5583 etc.
1110 5573 1120 5583 ι
1214 5572 1244 5583 Π
1458 5572 1469 5583 .
1533 5574 1543 5583 _
1742 5572 1753 5583 .
1902 5504 2029 5583 mihi
2053 5522 2224 5559 rerum
2252 5505 2368 5577 [al.,
2399 5504 2626 5577 regum]
2674 5504 2721 5562 et
2772 5504 3055 5578 temporum
3109 5529 3269 5583 per...
3292 5517 3487 5571 notavi.

255 5632 263 5641 .
353 5570 538 5627 Chesn.
561 5582 619 5628 et
646 5566 832 5638 Freh.,
862 5573 1155 5627 Veruacula
1206 5572 1396 5644 linguae
1449 5572 1604 5643 hujus
1651 5572 1798 5626 verba
1904 5574 2091 5646 Freh.,
2113 5586 2159 5629 et
2190 5566 2715 5646 temporum'poncns,
2740 5590 2843 5635 etc.

251 5644 569 5711 τηιθτρνειαιὶο
590 5645 827 5695 absurde.
1982 5644 1999 5683 ί
2024 5648 2246 5711 Bolier.,
2278 5665 2328 5701 sc
2352 5644 2665 5703 verissimum

314 5717 331 5742 ε
360 5708 507 5767 Furit:
532 5730 627 5782 pro
652 5724 803 5768 suto
832 5712 977 5769 casu.
1009 5714 1241 5783 plurimis
1272 5714 1642 5782 μναῖιεγυιὶιδὶδ.
