4020 6194
473 269 566 321 (ill

1642 253 2055 310 FREDEGARII
2096 252 2533 308 SCIIOLAS'I'ltZI

3644 241 3757 298 61?.

544 407 641 458 As.
670 414 928 456 anxxtv.
959 427 1028 438 -—
1050 398 1205 452 Anno
1224 396 1295 449 2i
1318 394 1463 464 regni
1494 393 1577 448 sui
1610 401 1633 429 η
1658 391 1840 445 divino
1865 404 2050 443 amore
2079 393 2127 451 Α
2154 401 2310 456 quem
2358 388 2408 439 in
2442 385 2617 439 Rioilo
2655 384 2669 421 ί
2708 384 2834 439 villa
2876 383 3131 454 baptizari
3181 381 3353 451 jubet.
3406 390 3462 436 et
3506 395 3632 436 eun:
3682 382 3760 435 de

472 496 754 553 ecclesiam
786 492 927 547 beati
950 490 1204 553 Marcelli,
1229 488 1313 542 ubi
1344 488 1456 554 ipse
1481 485 1746 555 pretiosus
1768 482 2055 553 requiescit

476 591 529 645 in
583 599 843 653 corpore,
895 582 1204 637 suburbano
1249 576 1642 639 Cabillouensi,
1694 573 1791 628 sed
1839 572 2052 642 quidem

476 691 649 733 tamen
681 677 983 744 Sequanam
1015 682 1098 726 est
1135 670 1495 733 territorium,
1543 665 1767 719 miriﬁce
1808 664 2053 734 e1596

472 772 696 826 solerter
722 764 975 821 aadificari
997 764 1177 833 jussit,
1222 760 1400 830 ibique
1420 757 1697 813 monachis
1718 757 2054 826 congregatis

474 858 853 917 monasterium
887 856 911 893 ι)
940 854 1178 910 condidit
1200 896 1214 915 ,
1259 852 1533 920 ipsamque
1565 849 1845 903 ecclesiam
1892 849 2053 904 rebus

478 952 722 1021 plurimis
750 946 955 1001 ditavit.
996 944 1268 1015 Synodqu
1301 941 1650 1010 quadraginta
1678 939 2054 1007 episc0porum

476 1045 589 1098 ﬁeri
610 1039 880 1111 praecepit,
896 1048 947 1092 et
967 1037 1032 1090 ad
1053 1038 1218 1090 instar
1240 1032 1590 1088 institutionis
1604 1031 1914 1085 monasterii
1932 1046 2055 1083 san-

479 1145 688 1189 ctorum
737 1130 1132 1199 Agauuensium
1156 1169 1170 1190 ,
1202 1126 1340 1196 quod
1376 1124 1703 1192 temporibus
1732 1123 2053 1192 Sigismundi

479 1228 623 1297 regis
652 1227 719 1279 ab
750 1224 905 1277 Avito
934 1232 986 1275 et
1015 1219 1226 1276 crctcris
1255 1217 1543 1287 episcOpis,
1569 1218 1685 1283 ipso
1707 1216 1945 1283 principe
1972 1215 2057 1281 ju-

482 1320 662 1383 bente,
715 1318 879 1371 fuerat
910 1313 1277 1367 confirmatum
1308 1320 1357 1373 ο,
1407 1309 1561 1376 hujus
1609 1308 1799 1377 synodi
1831 1308 2056 1375 conjun-

482 1410 661 1464 ctione
691 1403 999 1459 monasterii
1030 1402 1201 1455 sancti
1245 1401 1472 1454 Marcelli
1506 1398 1939 1453 Guntchramnus
1968 1399 2055 1451 iu-

480 1503 810 1558 stitntionem
842 1497 1178 1555 formandum
1207 1496 1233 1533 ά
1266 1497 1488 1550 curavit.
1514 1502 1517 1503 ⁷

553 1595 617 1647 Il.
662 1594 771 1647 Hoc
800 1606 938 1646 anno
967 1586 1316 1644 Gundoaldus
1342 1596 1365 1625 ο
1408 1602 1526 1641 cum
1555 1586 1747 1639 solatio
1784 1584 2059 1640 Mummoli

481 1696 536 1739 et
566 1682 829 1738 Desiderii
874 1696 1060 1742 mense
1113 1677 1399 1732 Novembri
1442 1687 1643 1746 partem
1696 1677 1843 1746 regni
1892 1674 2059 1730 Gunt-

2155 489 2343 531 sancto
2400 480 2614 533 lavacro
2680 476 2958 546 excipiens
3014 477 3066 529 in
3142 489 3364 545 regnum
3427 474 3594 543 patris
3653 474 3748 526 fir-

2156 584 2238 622 ma
2248 570 2341 623 vit.

2225 672 2326 724 An.
2357 685 2587 724 oLxxxv.
2637 697 2704 710 -—
2733 667 2822 720 IV.
2855 667 3010 721 Anno
3039 666 3112 721 23
3155 664 3304 734 regni
3344 664 3744 719 Guntchramui

2157 760 2476 815 Mummolus
2499 759 2730 815 Sennvia
2757 760 2772 810 l
2807 759 2953 827 jussu
2979 741 3365 813 Guutcbramni
3387 755 3749 808 interficitur:

2157 866 2376 906 uxorem
2407 851 2524 919 ejus
2552 850 2829 905 Sidoniam
2861 863 2963 902 una
2993 862 3114 901 cum
3169 835 3421 898 omnibus
3477 845 3750 897 thesauris

2156 943 2273 1011 ejus
2299 941 2597 995 Domnolus
2626 939 2952 995 dotnesttcus
2980 947 3036 992 et
3065 936 3479 992 Wandalmarus
3501 950 3751 989 camera-

2160 1032 2276 1088 rius
2316 1032 2721 1095 Guntcltramno
2752 1038 3097 1100 praesentant.

2230 1136 2331 1189 AN.
2365 1148 2616 1187 neunt.
2658 1161 2730 1171 —
2777 1130 2843 1185 V.
2876 1131 3030 1184 Anno
3057 1129 3126 1182 26
3160 1129 3309 1197 regni
3359 1127 3440 1181 sui
3479 1126 3754 1180 exercitus

2158 1223 2547 1276 Guntchramui
2580 1224 2808 1291 Spanias
2831 1221 3147 1290 ingreditur,
3175 1220 3268 1273 sed
3299 1219 3401 1272 loci
3440 1217 3755 1273 infirmitate

2157 1324 2428 1384 gravatus,
2455 1314 2696 1383 protinus
2723 1315 2787 1366 ad
2825 1314 3037 1381 prapria
3071 1311 3377 1365 revertitur.

2232 1412 2331 1460 Au.
2375 1423 2652 1461 oLxxxvu.
2706 1436 2774 1475 1—
2812 1410 2967 1460 Auno
2994 1405 3062 1458 27
3105 1403 3346 1471 ejusdem
3401 1401 3551 1471 regni
3610 1403 3759 1459 Leu-

2159 1496 2360 1551 disclus
2400 1494 2423 1533 ¹ι
2471 1511 2502 1550 a
2544 1494 2947 1550 Guntchramno
2980 1494 3233 1562 patricius
3261 1494 3499 1561 partibus
3528 1492 3759 1547 Proviit<

2159 1588 2258 1643 cite
2286 1586 2585 1641 ordinatur.
2621 1587 2784 1640 Filius
2807 1584 3136 1640 Chiltleberti
3176 1584 3318 1655 regis
3344 1582 3756 1637 Theodobertus

2164 1688 2320 1734 natus
2351 1679 2513 1732 fuisse
2553 1676 2843 1730 nuntiatur.

481 1774 723 1832 chrantni
746 1772 1082 1844 prmsumpsit
1121 1772 1403 1833 invadere,
1435 1780 1489 1824 et
1516 1772 1756 1824 civitates
1786 1779 2052 1825 evertere.
2087 1752 2132 1811 Β
2244 1782 2329 1836 γι,
2373 1781 2451 1836 Eo
2479 1796 2622 1836 anno
2652 1778 2811 1834 nimia
2866 1754 3151 1832 inundaljir
3187 1778 3467 1831 ﬂuminum
3514 1778 3570 1833 in
3625 1777 3757 1831 Bur.

486 1872 644 1944 597
693 1867 1127 1923 Guntchramnus
1169 1864 1573 1933 Leudegisclum
1609 1861 1628 1901 ί
1662 1864 1910 1918 comitem
1954 1874 2063 1917 sta-

492 1963 627 2028 buli,
671 1970 726 2015 ct
771 1958 1067 2029 [Egilanem
1112 1956 1392 2025 patricium
1444 1970 1566 2010 cum
1603 1956 1843 2010 exercitu
1874 1966 2063 2011 contra

485 2055 631 2122 ipsos
656 2051 871 2106 direxit.
899 2047 1247 2106 Gundoaldus
1271 2057 1415 2117 terga
1439 2056 1672 2112 vertens,
1698 2046 2003 2101 Coubanetn
2036 2054 2063 2094 α

484 2145 756 2198 civitatem
786 2141 1018 2196 latebras
1047 2138 1233 2204 dedit,
1267 2149 1322 2193 et
1346 2137 1470 2194 inde
1490 2139 1557 2192 de
1583 2153 1713 2208 rupe
1740 2143 1785 2192 a'
1803 2139 2008 2194 Bosone
2034 2139 2062 2175 ⁸³

483 2238 619 2291 duce
643 2235 1000 2305 praecipitatus
1026 2232 1247 2287 interiit.

562 2327 646 2379 Ill.
690 2324 929 2394 Cumque
974 2322 1376 2378 Guntchramuo
1431 2322 1692 2391 perlatum
1750 2321 1954 2387 fuisset,
1999 2339 2066 2379 eo

488 2416 631 2486 quod
657 2416 821 2469 frater
863 2427 993 2467 suus
1019 2412 1348 2481 Chilpericus
1378 2422 1519 2467 eSeet
1549 2412 1889 2481 interfectus,
1920 2415 2065 2470 festi—

490 2523 621 2562 nans
675 2505 908 2575 perrexit
960 2504 1213 2569 Parisios,
1270 2504 1449 2573 ibique
1500 2504 1901 2575 Fredegundem
1942 2521 2064 2562 cum

490 2598 600 2652 filio
640 2594 930 2665 Chilperici
976 2593 1288 2649 Chlothario
1341 2593 1409 2648 ad
1447 2608 1506 2649 se
1543 2594 1725 2651 venire
1774 2598 2064 2666 praecepit;

568 2802 594 2829 ι
625 2790 981 2860 Fredegarius
1007 2788 1265 2843 calculum
1299 2787 1540 2860 Gregorii
1565 2789 1764 2845 Turon.
1790 2807 1897 2846 uno
1927 2807 2068 2848 anno

492 2864 764 2932 pratvertit
781 2902 795 2926 ,
821 2861 1271 2932 quodrnbservare
1290 2861 1439 2927 juvat
1461 2862 1525 2912 ad
1549 2861 1910 2917 conciliandos
1931 2864 2067 2918 duos

492 2931 613 2986 illos
643 2943 907 2987 auctores.
952 2931 1082 2997 Qua:
1105 2940 1279 2984 autem
1312 2943 1607 2997 sequuntur
1628 2932 1691 2984 ad
1726 2949 1921 2987 annum
1961 2934 2067 2989 582

492 3005 812 3058 conferenda
843 3012 968 3056 sunt
994 3017 1110 3054 cum
1135 3001 1372 3068 ejusdem
1398 3002 1637 3070 Gregorii
1665 3003 1920 3060 Historia.

566 3073 591 3111 δ
618 3073 925 3141 Gregorius,
954 3072 1017 3123 ad
1045 3087 1133 3125 an.
1173 3071 1299 3134 579,
1331 3073 1421 3126 lib.
1455 3088 1508 3135 v,
1537 3088 1656 3139 cap.
1688 3072 1759 3129 28
1779 3116 1792 3135 .
1824 3076 2066 3131 meminit

494 3133 925 3215 basilicaavsancti
952 3142 1220 3215 Marcelli,
1249 3133 1333 3197 citi
1365 3133 1528 3215 abbas
1554 3133 1819 3211 praet-rat,
1848 3161 1913 3200 ex
1942 3162 2060 3215 cap.
2092 3133 2139 3196 C

494 3211 563 3265 53
592 3213 682 3266 lib.
712 3229 725 3265 ι
772 3212 837 3265 de
870 3210 1014 3264 Glor.
1049 3211 1354 3282 Martyrum.
1391 3210 1577 3266 Exstat
1598 3214 1755 3266 etiam
1782 3232 1919 3268 nunc
1951 3210 2066 3271 mo-

495 3282 783 3337 nasteriutn
819 3282 978 3352 istud,
1010 3280 1099 3332 sed
1128 3280 1336 3335 abbatis
1367 3283 1520 3335 titulo
1549 3285 1828 3347 minutum,
1862 3302 1925 3339 ex
1960 3302 2066 3352 quo

494 3351 1085 3429 Clu_niaco__5ttltjectutn
1138 3352 1475 3429 fuit._Sit_uui
1522 3364 1602 3429 e‘st
1650 3359 1782 3429 ultra
1832 3351 2064 3421 Ararim,

497 3425 638 3476 unde
665 3426 714 3474 in
756 3424 1123 3489 Sequanorum
1158 3422 1424 3473 territorio
1456 3422 1679 3488 positum
1725 3424 1808 3477 hic
1846 3427 2064 3481 dicitur.

496 3495 598 3546 Ch.
629 3502 683 3546 et
713 3492 870 3545 Fien.
922 3504 1023 3543 una
1069 3491 1293 3545 lectione
1343 3492 1535 3545 habent
1578 3496 1663 3545 sed
1698 3503 1860 3549 tamen
1908 3509 1975 3550 ea
2016 3499 2068 3551 in

498 3563 773 3633 Segonum,
811 3576 905 3629 pro
932 3560 1247 3633 sequamini.

573 3630 593 3669 ἒ
631 3634 761 3696 lloc,
797 3641 851 3684 ut
891 3630 1162 3697 conjicere
1208 3632 1351 3693 licet,
1384 3632 1577 3684 factum
1607 3642 1691 3687 est
1731 3633 1781 3687 itt
1812 3636 2070 3690 solemni-

498 3715 604 3757 tate
632 3702 947 3773 Sauctornm
981 3701 1263 3773 Martyrum
1314 3702 1411 3756 hoc
1442 3703 1555 3766 ipso
1582 3718 1755 3763 anno,
1799 3721 1905 3773 quo
1942 3721 2066 3759 sau-

496 3784 612 3829 Ctus
642 3775 826 3826 Avitus
859 3772 1042 3825 habuit
1068 3771 1358 3834 hotniliatu,
1390 3788 1506 3839 qua:
1535 3771 1860 3839 inscribitur,
1892 3776 1955 3829 In
1980 3778 2070 3828 ba-

494 3846 641 3897 silica
668 3852 962 3896 sanctorum
991 3842 1170 3910 Agaun
1201 3843 1365 3894 mium
1393 3845 1445 3894 iit
1474 3845 1791 3897 innovatione
1818 3860 2070 3899 monaste-

496 3913 865 3985 riiiipsiusﬂuel
908 3914 1150 3985 passione
1188 3923 1490 3981 martyrum.
1543 3915 1669 3983 Ejus
1717 3918 2068 3985 fragmentum

502 3982 668 4037 habes
696 3999 723 4034 a
755 3982 1042 4036 Sirmondo
1073 3983 1291 4035 editum.

567 4052 592 4090 ἀ
638 4054 737 4107 Ed.
789 4055 988 4120 aliquot
1017 4067 1137 4105 cum
1169 4050 1356 4116 Colh.,
1390 4055 1824 4108 monasterium...
1866 4058 2075 4111 institue

496 4124 633 4177 tione
664 4125 1007 4192 formandum.
1061 4122 1215 4184 Vah,
1267 4123 1595 4187 firmandum.
1644 4124 1699 4177 Id
1739 4127 1975 4180 Valesius
2020 4138 2074 4183 et

496 4199 676 4248 ea-teri
698 4193 1024 4264 arbitrantur
1054 4193 1104 4245 in
1127 4194 1330 4260 synodo
1352 4194 1724 4248 Matiscouensi
1752 4211 1807 4260 tt,
1830 4211 1918 4249 an.
1945 4196 2069 4264 585,

498 4266 692 4337 factum
717 4264 899 4337 fuisse,
926 4262 1043 4337 ubi,
1069 4267 1144 4315 uti
1167 4278 1231 4314 ex
1273 4264 1757 4337 subscriptionibus
1784 4262 2068 4337 colligitur,

498 4334 567 4387 4'5
594 4334 829 4402 episcopi
875 4332 1097 4385 adfuere
1132 4347 1250 4383 cum
1286 4333 1456 4385 tribus
1499 4334 1615 4386 aliis
1660 4336 1750 4402 qui
1783 4332 1938 4388 sedes
1970 4332 2073 4392 non

500 4405 787 4465 habebant,
835 4411 890 4456 et
913 4402 986 4456 20
1011 4402 1309 4454 absentium
1340 4404 1537 4456 missis.
1592 4402 1702 4456 Hoc
1732 4414 1906 4459 tatueu
1938 4407 2074 4463 forte

499 4475 687 4527 melius
718 4473 781 4525 ad
831 4472 1107 4542 synodum
1140 4471 1471 4525 Valentinam
1502 4487 1536 4525 tt
1579 4476 1818 4527 revocari
1874 4491 2069 4542 posset,

499 4559 656 4610 quam
690 4543 810 4595 licet
838 4539 977 4593 anno
1007 4539 1110 4593 585
1133 4543 1523 4608 consignaverit
1551 4542 1815 4607 Cointius,
1853 4539 1951 4599 hoc
1982 4539 2063 4600 ta¥

502 4629 623 4667 tuen
654 4616 766 4678 ipso
791 4628 929 4663 anno
961 4610 1063 4662 b8i
1095 4625 1277 4665 mense
1305 4612 1440 4666 Maio
1483 4612 1715 4667 habitam
1755 4613 1917 4668 fuisse
1946 4633 2072 4670 cru-

501 4693 584 4736 sel.
622 4683 955 4735 SirmOndus.
1007 4681 1070 4733 Ιλῑι
1115 4682 1328 4748 quidem
1358 4681 1409 4734 iu
1457 4697 1518 4736 ea
1559 4687 1929 4738 conﬁrmatum
1977 4687 2072 4741 fuit

499 4752 755 4821 quidquid
799 4766 890 4821 rex
944 4759 996 4803 et
1023 4753 1225 4816 czeteri,
1257 4753 1477 4805 basilica:
1513 4755 1677 4805 sancti
1709 4750 1973 4820 Matrem?
1998 4762 2073 4810 νει

501 4820 661 4877 sancti
693 4820 1085 4891 Symphoriani,
1137 4830 1226 4873 aut
1271 4821 1545 4889 quibusvis
1576 4824 1695 4877 aliis
1737 4825 1865 4878 IOCis
1905 4830 2073 4881 S:|('l‘l8

501 4890 883 4955 contulerant,
936 4890 1105 4943 autin
1169 4899 1438 4957 posterum
1486 4894 1734 4948 conferre
1783 4899 2067 4953 voluerint.

505 4964 765 5016 Lalandus
795 4962 847 5015 in
895 4962 1265 5029 supplemento
1290 4960 1648 5015 Couciliorum
1680 4967 1864 5019 Gallia:
1893 4971 2073 5020 conci-

501 5034 626 5085 lium
659 5032 793 5086 istud
822 5032 873 5085 itt
902 5032 1014 5100 ipsa
1045 5030 1102 5085 S.
1135 5030 1367 5083 Marcelli
1398 5032 1613 5086 basilica
1641 5034 1873 5087 habitum
1911 5038 2073 5092 fuisse

502 5120 588 5156 an.
623 5105 723 5157 594
755 5102 1054 5173 contendi,
1088 5101 1243 5169 eique
1275 5116 1378 5173 non
1427 5104 1601 5168 plures
1639 5120 1796 5173 quam
1828 5107 2069 5161 undecim

501 5176 779 5241 episcopos
830 5170 1180 5245 interfuisse;
1226 5172 1364 5245 unde
1412 5170 1733 5228 erroretu'iu
1768 5175 2068 5245 Fredegarii

504 5240 998 5307 textumirrepsisse
1029 5250 1193 5305 putat,
1224 5240 1312 5309 qtti
1337 5258 1401 5294 η
1421 5258 1515 5309 pro
1548 5260 1600 5297 XI
1630 5246 1837 5299 habeat.
1868 5240 2071 5301 Ani-tor

500 5325 582 5368 est
600 5314 791 5365 Paulus
810 5313 1070 5366 Diaconos
1087 5312 1324 5383 historia:
1346 5312 1580 5383 Langob.
1609 5315 1700 5369 lib.
1726 5331 1803 5380 Ill,
1834 5331 1951 5383 cap.
1977 5317 2063 5381 55.

502 5387 809 5435 thesaurum
841 5396 868 5432 a
919 5396 1039 5449 rege
1077 5382 1409 5435 Guntramno
1448 5382 1581 5436 miro
1614 5386 1771 5437 modo
1801 5382 2065 5441 detectum

502 5451 688 5525 fuisse,
715 5451 766 5502 in
812 5466 932 5525 quo,
968 5451 1132 5518 inquit
1156 5449 1277 5525 ille,
1312 5454 1688 5507 intestimabt'lcs
1719 5456 1952 5509 thesauri
1984 5458 2070 5525 qui

502 5520 698 5593 ibidem
734 5521 1022 5586 antiquitus
1058 5521 1458 5593 positrfuerant,
1483 5535 1605 5576 sunt
1630 5527 1845 5590 reperti.
1871 5526 1946 5581 De
1969 5520 2072 5593 quo

503 5607 637 5645 amo
689 5591 798 5657 ipse
843 5604 938 5657 rex
982 5590 1312 5657 postmodum
1354 5591 1612 5645 ciboriutu
1666 5593 1892 5647 solidum
1922 5590 2071 5650 mira:

508 5656 886 5730 magnitudinis
902 5667 954 5710 et
972 5656 1141 5730 magni
1168 5659 1413 5730 ponderis
1436 5662 1577 5721 fecit,
1602 5662 1889 5730 multisque
1940 5667 2069 5721 illud

507 5725 900 5801 pretiosissimis
925 5728 1147 5797 gemmis
1175 5727 1478 5782 decoratum
1495 5769 1509 5796 ,
1537 5732 1603 5785 ad
1632 5725 1935 5800 sepulcrum
1965 5734 2071 5790 Do-

2166 1875 2367 1948 gundia
2402 1873 2519 1936 fuit,
2567 1882 2627 1925 ut
2650 1887 2835 1925 eorum
2870 1871 3126 1923 terminos
3153 1869 3372 1922 nimium
3407 1869 3758 1923 transcende-

2166 1976 2306 2021 rent.
2341 1965 2565 2034 lpsoque
2609 1977 2750 2015 anno
2781 1962 3032 2030 Syagrius
3069 1973 3253 2013 comes
3296 1958 3758 2028 Constantinopo-

2167 2060 2256 2114 lim
2283 2058 2435 2127 jnssu
2470 2055 2857 2109 Guntchramni
2915 2054 2964 2104 in
2998 2050 3262 2119 legatione
3312 2050 3511 2121 pergit,
3575 2050 3759 2118 ibique

2166 2150 2352 2204 fraude
2378 2144 2395 2184 ι
2449 2147 2704 2217 patricius
2732 2143 3025 2198 ordinatur.
3067 2142 3254 2210 Cmpta
3278 2141 3493 2210 quidem
3520 2152 3628 2205 est,
3659 2140 3757 2195 sed

2167 2242 2234 2297 ad
2275 2238 2662 2311 perfectionem
2714 2239 2827 2289 haec
2868 2236 3012 2290 fraus
3052 2251 3156 2288 ttou
3207 2234 3557 2303 peraccessit.
3592 2234 3758 2305 598

2168 2334 2248 2389 Eo
2285 2346 2427 2399 anno
2464 2331 2675 2399 signum
2717 2328 2965 2397 apparuit
3013 2328 3064 2380 iu
3096 2326 3239 2380 caelo
3272 2343 3285 2378 :
3333 2325 3523 2396 globus
3573 2329 3759 2396 igneus

2167 2396 2425 2480 decidens
2472 2396 2537 2475 in:
2564 2396 2761 2474 terram
2790 2396 2911 2472 cum
2940 2415 3189 2472 scintillis
3213 2426 3265 2470 et
3298 2418 3465 2485 rugitu
3488 2434 3502 2481 ;
3529 2416 3759 2484 ipsoque

2166 2529 2307 2569 anno
2340 2512 2593 2567 Levildus
2615 2510 2651 2531 "'
2682 2526 2775 2565 rex
2806 2509 3017 2576 Spauite
3047 2511 3294 2574 moritur,
3329 2518 3382 2562 et
3406 2522 3623 2577 regnum
3653 2508 3757 2562 oh-

2170 2603 2331 2660 tinuit
2359 2592 2678 2660 Ricbaridus
2717 2601 2858 2655 filius
2880 2600 3014 2670 ejus.

2171 2806 2299 2860 mini
2332 2804 2594 2859 Hicrosol.
2641 2805 3004 2857 transmittere
3033 2802 3215 2857 voluit.
3246 2804 3350 2857 Sed
3383 2818 3503 2857 cum
3535 2804 3762 2860 minime

2170 2875 2621 2947 potuisset,idem
2645 2889 2802 2947 supra
2832 2888 3022 2942 corpus
3054 2875 3191 2930 beati
3222 2875 3448 2927 Marcelli
3484 2878 3762 2947 martyris,

2168 2945 2309 3016 quod
2342 2947 2391 3000 in
2424 2946 2637 3000 civitate
2685 2945 2974 3016 Cavallono
3024 2946 3288 3013 sepultum
3323 2956 3428 3005 est,
3460 2945 3547 2998 tibi
3593 2948 3762 2999 sedes

2168 3014 2316 3087 regni
2340 3018 2482 3070 illius
2527 3026 2661 3084 eratJ
2696 3018 2814 3082 poni
2843 3014 2987 3079 fecit,
3019 3024 3073 3067 et
3116 3024 3197 3087 est
3229 3017 3294 3067 ibi
3326 3030 3492 3081 usque
3535 3016 3584 3067 iu
3614 3032 3764 3083 prse-

2167 3086 2375 3143 sentem
2414 3087 2707 3140 diem.Nec
2735 3096 2817 3139 est
2842 3101 3063 3152 usquam
3089 3086 3252 3137 ullntn
3308 3102 3443 3154 opus
3503 3102 3567 3139 ex
3621 3103 3767 3141 auro

2174 3158 2420 3213 eliectuttt
2454 3156 2593 3222 quod
2626 3156 2672 3208 ei
2714 3159 2886 3208 vah-at
2914 3158 3231 3223 comparari.

2246 3238 2269 3265 ε
2304 3228 2445 3290 Vat.,
2475 3226 2844 3287 Gundtraldus,
2876 3228 2942 3279 de
2974 3242 3077 3291 quo
3107 3227 3220 3280 fuse
3243 3226 3382 3295 apud
3412 3225 3769 3297 Gregorium,

2175 3300 2505 3367 potissimum
2540 3298 2632 3350 lib.
2665 3313 2756 3361 vn,
2781 3313 2900 3366 cap.
2925 3296 3016 3366 96,
3049 3309 3151 3350 etc.

2254 3367 2272 3406 ί
2316 3369 2461 3435 Alii,
2524 3369 2847 3421 Leudiselum
2873 3409 2888 3434 ,
2939 3367 3354 3434 Leudicltt'ldttm,
3414 3367 3717 3422 Leudisium
3749 3411 3767 3435 ,

2174 3439 2551 3509 Leudigildum.

2247 3519 2272 3556 κ
2312 3506 2367 3564 Id
2400 3518 2502 3572 est,
2536 3506 2852 3562 Convennas.
2884 3507 3014 3561 Vide
3037 3507 3373 3573 Gregorium.

2249 3577 2273 3615 δ
2317 3580 2442 3641 Alii,
2469 3581 2531 3631 ab
2567 3581 2754 3644 Usone,
2801 3579 2937 3631 forte
2970 3593 3065 3647 pro
3099 3579 3298 3641 Olloue,
3343 3596 3371 3631 a
3403 3596 3507 3647 quo
3537 3578 3767 3632 Cllttdn-

2175 3650 2368 3705 baldus
2394 3650 2678 3720 pulsus,get
2704 3664 2734 3702 a
2768 3650 2977 3703 Bosone
3005 3660 3308 3717 peremptus
3360 3652 3477 3716 fuit,
3503 3667 3563 3705 ex
3588 3650 3763 3720 Gteg.

2175 3720 2269 3774 lib.
2298 3736 2369 3773 vtt
2399 3735 2517 3787 cap.
2551 3718 2637 3774 38.

2252 3788 2267 3827 ί
2314 3791 2414 3844 Ch.
2443 3801 2495 3843 et
2527 3790 2709 3854 Freh.,
2742 3789 2978 3858 Riogilo;
3017 3791 3117 3857 aL,
3156 3790 3344 3854 fiiolo,
3398 3791 3556 3858 vulgo
3599 3790 3763 3846 Ruel.

2177 3859 2538 3930 Guntramnus
2588 3861 2688 3914 hoc
2739 3862 2951 3929 quidem
3001 3877 3143 3914 anno
3200 3860 3433 3913 Parisios
3464 3861 3603 3914 venit
3657 3879 3767 3930 pro

2177 3929 2442 3998 baptismo
2470 3930 2752 3994 Chlotarii,
2786 3932 2880 3984 sed
2905 3943 3078 3985 tamen
3111 3933 3323 3985 nonnisi
3348 3933 3605 3985 scrutinio
3634 3929 3768 4000 post

2176 4000 2475 4066 baptizatus
2505 4000 2619 4055 luit.

2253 4072 2268 4121 ι
2322 4070 2441 4135 Alii,
2470 4069 2723 4125 Senoviaz.
2750 4070 2915 4135 infra,
2938 4070 3038 4124 Ch.
3072 4073 3168 4135 al.,
3209 4072 3502 4125 Sinodiam.

2250 4139 2275 4177 κ
2316 4141 2406 4193 Sic
2432 4140 2574 4194 Clar.
2611 4142 2658 4195 ls
2688 4144 2801 4209 ipse
2816 4154 2914 4197 cst.
2943 4144 2993 4196 ni
3022 4143 3192 4199 fallor.
3222 4142 3289 4195 de
3319 4159 3423 4205 quo
3449 4156 3604 4205 supra
3630 4158 3762 4209 cap.

2176 4211 2231 4263 2.
2263 4210 2471 4263 Etenim
2506 4213 2555 4263 in
2589 4212 2740 4265 Colb.
2784 4220 2837 4265 et
2872 4211 2971 4264 Ch.
3009 4214 3080 4265 al.
3137 4213 3334 4266 dicitur
3384 4212 3762 4281 Leuth'gisilus,

2178 4290 2239 4334 ut
2278 4281 2574 4350 appellatur
2622 4297 2651 4333 a
2691 4282 2952 4350 Gregorio
3002 4282 3093 4337 lib.
3152 4298 3241 4335 vtu
3291 4297 3408 4349 cap.
3474 4282 3562 4336 50.
3619 4287 3765 4338 Aliis

2176 4350 2499 4420 Londiselus,
2522 4349 2821 4416 Leudisius,
2845 4351 3177 4420 Leugist'stus,
3213 4352 3500 4405 Leudistus.

2256 4419 2271 4456 ι
2317 4421 2570 4490 Syagrius
2617 4421 2682 4474 ad
2714 4437 2894 4489 pacem
2926 4419 3349 4489 componendam
3396 4422 3501 4475 Cl’.
3530 4422 3763 4487 missus,

2180 4491 2382 4557 patricii
2415 4491 2722 4557 dignitatem
2762 4494 2830 4545 ab
2857 4493 3179 4560 imperatore
3209 4495 3463 4560 suscepit,
3501 4494 3640 4560 quod
3668 4495 3765 4548 hic

2179 4563 2323 4631 fraus
2352 4563 2674 4628 appellatur.
2723 4561 2841 4615 Non
2889 4564 3029 4616 enim
3061 4564 3110 4616 ei
3144 4564 3336 4616 licebat
3364 4566 3411 4615 id
3444 4573 3758 4629 acet-ptum,

2178 4648 2272 4699 per
2294 4632 2432 4698 quod
2458 4644 2580 4684 sese
2608 4632 2945 4699 imperatoris
2975 4634 3167 4686 ditinni
3186 4634 3420 4687 subdere
3449 4635 3759 4689 videbatur.

2175 4703 2439 4754 (iactet-nm
2470 4705 2568 4754 hoc
2596 4701 2662 4755 dc
2687 4704 2803 4755 solo
2849 4702 3056 4771 patricii
3087 4717 3181 4757 seu
3209 4703 3495 4757 consiliarii
3525 4706 3766 4769 impera-

2178 4773 2296 4824 torii
2322 4774 2473 4842 titulo
2497 4772 2880 4839 interpretatur
2914 4773 3189 4839 Valesius;
3224 4774 3315 4828 sed
3350 4788 3468 4827 cum
3498 4772 3761 4842 Fredega.

2178 4844 2290 4894 rius
2329 4840 2606 4909 Syagrium
2644 4844 2921 4910 patricium
2954 4845 3283 4913 ordinatum,
3321 4855 3478 4913 atque
3514 4840 3755 4912 emptam

2180 4926 2278 4965 nec
2317 4922 2492 4964 tamen
2516 4924 2941 4965 consummatam
2970 4912 3138 4968 fuisse
3179 4912 3415 4968 fraudem
3458 4913 3597 4967 dicat
3627 4954 3641 4973 ,
3699 4918 3761 4971 id

2182 4980 2320 5035 forte
2350 4982 2748 5052 intelligendum
2779 4992 2860 5036 est
2883 4984 2950 5036 de
2978 4984 3256 5052 patriciatu
3290 4985 3578 5038 Provinciae
3625 4984 3765 5041 Mas-

2181 5051 2441 5122 siliensis,
2464 5067 2620 5119 quam
2652 5053 2917 5120 regionem
2972 5051 3197 5122 imperio
3240 5056 3522 5108 restituere
3553 5063 3765 5109 tentas-

2179 5131 2261 5175 set
2283 5120 2585 5184 Mauricius,
2608 5132 2699 5175 aut
2724 5131 2872 5175 certe
2907 5120 3136 5190 aliquam
3171 5124 3389 5178 dominii
3417 5127 3659 5179 umbram
3697 5129 3759 5184 in

2179 5206 2240 5243 ea
2266 5191 2515 5263 retinere.
2540 5191 2590 5263 ld
2610 5194 2768 5245 etiam
2788 5191 2926 5263 forte
2947 5210 2973 5245 a
2992 5194 3246 5248 Mauricio
3266 5204 3523 5248 tentatum
3557 5197 3757 5263 fuerat,

2178 5263 2318 5329 quod
2352 5262 2524 5331 reipsa
2561 5262 2991 5330 Burgundionum
3035 5280 3187 5331 reges
3218 5274 3505 5334 antequam
3560 5262 3756 5322 Franci

2176 5345 2361 5402 eorum
2382 5348 2601 5401 regnum
2616 5345 2981 5399 occupassent,
3005 5336 3243 5388 solerent
3259 5338 3324 5388 ab
3340 5335 3761 5402 imperatoribus

2178 5400 2387 5475 patricii
2430 5400 2620 5475 nomen
2653 5404 2984 5475 impetrare:
3017 5405 3157 5473 quod
3192 5406 3377 5457 saltem
3416 5400 3510 5472 per
3550 5406 3760 5475 legatos

2174 5472 2470 5525 continuari
2503 5472 2660 5524 etiam
2687 5487 2717 5523 a
2765 5471 2984 5527 Francis
3018 5471 3258 5528 eamdem
3310 5471 3582 5544 regionem
3604 5471 3761 5532 'obti-

2174 5552 2303 5595 nent
2329 5544 2422 5593 bns
2448 5550 2795 5609 peroptasset.

2247 5620 2285 5647 σι
2318 5612 2442 5675 Alii,
2467 5610 2768 5675 Leoni/dus,
2803 5611 3191 5681 Leuvichi'dus,
3219 5612 3535 5677 Lettpoldtu.
3570 5616 3664 5673 Sic
3700 5629 3767 5675 et

2171 5682 2287 5751 ejus
2316 5682 2453 5737 illius
2476 5682 2783 5747 Richardtts,
2817 5683 3109 5749 Richarius,
3142 5684 3441 5738 Michart'ctu
