4020 6194
156 256 262 310 615

1589 261 1984 319 CIIRONICUM

3335 285 3440 340 6M

229 369 320 418 Att.
363 380 660 419 buxanti.
714 396 783 408 --
832 368 985 422 Anno
1031 367 1102 423 28
1139 370 1289 438 regni
1336 369 1519 424 domui
1557 371 1729 426 Gunt-
1759 378 1802 432 A
1836 377 2047 441 loquor,
2082 377 2200 429 vita
2224 376 2434 430 illorum
2457 380 2522 434 ad
2549 381 2720 436 instar
2741 398 2933 439 canum
2963 397 3075 453 est;
3101 391 3142 442 si
3163 399 3436 462 Conversi,

151 458 388 511 cbramni
419 457 557 512 alius
592 459 731 512 filius
762 460 1123 527 Childeberti,
1167 463 1386 518 nomine
1440 463 1741 518 Theoderi-

149 563 270 610 cus,
300 557 453 601 natus
479 549 777 602 nuntiatur.

227 641 332 696 th.
371 640 806 695 Guutebramnus
851 657 912 696 se
960 657 1080 697 cum
1140 643 1512 711 Childeberto,
1553 661 1737 715 pacem

152 731 366 785 ﬁrmans
397 729 659 793 Audelao,
687 732 990 798 conjunxit.
1018 733 1145 786 Inibi
1173 744 1365 802 mater,
1393 745 1447 789 et
1476 751 1653 801 soror,
1687 746 1742 791 et

151 821 341 889 eonjux
365 819 695 875 Cbilileberti
730 823 872 892 regis
914 824 1222 893 pariterque
1261 825 1517 891 fuerunt;
1562 827 1740 894 ibique

154 913 363 981 speciali
412 913 786 968 convenientia
820 913 962 969 inter
998 914 1253 969 domuum
1279 915 1738 973 Gnntcbramnum

149 1017 203 1060 et
244 1004 649 1060 Chiltlebertum
692 1005 793 1060 fuit
837 1019 1183 1075 conventum,
1226 1020 1282 1063 ut
1309 1025 1528 1076 regnum
1571 1010 1740 1066 Gunt-

148 1095 393 1151 chratnni
449 1107 570 1167 post
633 1098 753 1169 ejus
803 1099 1100 1154 discessum
1157 1100 1532 1156 Ctiildebrrtus
1589 1117 1742 1156 assu-

149 1196 342 1242 meret.

228 1277 361 1330 \‘lll.
389 1276 615 1346 Ipsoque
645 1287 886 1348 tempore
910 1277 1272 1348 Rauchingns,
1315 1289 1369 1334 et
1398 1280 1534 1334 Boso
1573 1280 1740 1335 Gunt-

150 1368 466 1433 cbramnus,
518 1368 698 1434 Ursio,
752 1379 807 1424 et
841 1369 1172 1425 Bertefridus
1198 1373 1481 1440 Optimates
1519 1373 1738 1428 Childe-

153 1462 289 1516 berti
343 1463 504 1531 regis,
564 1476 631 1516 eo
679 1466 822 1530 quod
855 1477 976 1517 eum
1023 1465 1375 1518 traetaverint
1413 1466 1733 1534 interficere,

148 1554 267 1622 ipso
295 1568 420 1623 rege
457 1553 742 1608 ordinante
792 1554 1058 1609 interfecti
1089 1564 1232 1610 sunt.
1294 1557 1398 1612 Sed
1429 1567 1483 1612 et
1533 1558 1740 1613 Leude—

150 1643 322 1698 fridus
353 1643 774 1698 Alamannorum
805 1646 912 1699 dux
935 1646 988 1698 in
1017 1645 1274 1701 offensam
1313 1648 1564 1702 antedicti
1595 1649 1736 1718 regis

1844 462 2158 529 Christiani,
2218 469 2356 523 sicut
2406 484 2458 524 et
2508 488 2608 541 ego
2639 489 2782 540 sum,
2817 477 3138 546 efficiuntur,
3186 492 3312 540 tune
3357 490 3437 543 eis

1844 556 2201 624 respondebo.
2236 559 2417 630 Legati
2449 579 2577 617 vero
2595 547 2775 619 animo
2816 568 2996 621 libenti
3032 573 3280 640 baptismi
3311 592 3437 645 gra-

1844 644 1970 697 tiam
1995 646 2284 715 accipiunt.
2322 650 2512 705 Postea
2555 653 2686 708 dicit
2723 655 2792 708 ad
2820 672 2912 711 eos
2943 657 3194 715 Ctesara:
3249 644 3436 720 Sivir

1844 753 1998 792 meus
2029 740 2260 795 vnluerit
2307 742 2646 800 Christianus
2678 747 2816 813 ﬁeri,
2845 759 2900 803 et
2922 749 3171 819 baptismi
3203 758 3429 822 gratiam

1843 830 2109 898 accipere,
2168 832 2398 888 libenter
2444 836 2508 888 ad
2542 853 2664 892 eutn
2699 851 2961 894 revertar.
3023 841 3156 896 Nam
3217 845 3432 911 penitus

1842 921 2000 976 aliter
2028 923 2093 975 ad
2124 922 2298 992 ipsum
2329 942 2432 981 nou
2481 930 2771 996 repedabo.
2821 932 3004 1001 Legati
3031 934 3082 988 id
3113 935 3428 1004 imperatori

1842 1010 2125 1066 Persarum
2159 1018 2483 1085 nuntiantes,
2519 1024 2700 1074 statim
2733 1021 2817 1076 ille
2846 1023 3165 1093 legationem
3185 1028 3249 1080 ad
3277 1029 3423 1083 Mau-

1842 1103 2028 1158 ricium
2082 1106 2458 1174 imperatorem
2489 1113 2650 1176 tuisit,
2698 1126 2750 1168 ut
2779 1127 2996 1171 sanctus
3037 1119 3313 1175 Johannes
3336 1137 3430 1175 ve-

1844 1197 1984 1250 niret
2031 1197 2391 1266 Antiochiam,
2442 1204 2559 1271 ipso
2615 1207 2857 1262 tradente
2899 1209 3219 1276 baptismum
3271 1214 3431 1269 vellet

1841 1288 2106 1356 accipere.
2159 1291 2310 1348 Tunc
2360 1295 2648 1352 Mauricius
2697 1299 2986 1367 imperator
3013 1303 3426 1359 inﬁnitissunum

1839 1390 2150 1446 apparatum
2178 1383 2478 1440 Antiochiae
2506 1389 2616 1440 lieri
2636 1388 2836 1459 jussit:
2869 1392 2941 1446 ibi
2977 1394 3264 1463 imperator
3303 1399 3431 1452 Per-

1843 1485 2028 1527 sarum
2059 1491 2179 1529 eum
2207 1480 2485 1549 sexaginta
2517 1482 2754 1538 millibus
2799 1484 3083 1543 Persarum
3135 1492 3430 1559 baptizatus

1839 1575 1944 1634 est,
1974 1575 2027 1621 et
2073 1582 2170 1636 per
2196 1568 2331 1626 duas
2360 1572 2722 1630 hebdomadas
2751 1593 2780 1632 a
2823 1578 3072 1637 Johanne
3101 1591 3158 1638 et
3211 1587 3430 1654 reliquis

1839 1657 2108 1728 episcopis
2156 1661 2334 1717 Persa:
2367 1665 2433 1718 ad
2474 1667 2861 1734 plenitudinem
2893 1688 3057 1742 supra
3111 1677 3296 1744 scripti
3327 1695 3430 1734 nu-

148 1734 354 1800 incidit,
387 1735 550 1788 etiam
581 1745 638 1790 et
669 1735 926 1790 latebram
971 1736 1140 1791 dedit.
1170 1738 1461 1792 Ordinatus
1504 1749 1587 1792 est
1617 1737 1734 1793 loco
1763 1746 1809 1806 Β
1839 1751 1974 1805 meri
2005 1752 2360 1818 baptizamur,
2399 1755 2782 1826 Imperatorem
2815 1734 2978 1818 mum.
3000 1734 3288 1834 gregari-us
3312 1769 3420 1823 Α...

147 1824 311 1894 ipsius
337 1824 633 1881 Uncilenus
655 1825 782 1880 dux.
815 1825 896 1880 Eo
923 1841 1066 1881 anno
1094 1827 1414 1883 Richaridus
1464 1845 1557 1884 rex
1609 1829 1740 1885 Got—

148 1917 364 1970 tborum
392 1914 578 1970 divino
627 1918 960 1987 amplectens
1010 1910 1369 1972 Christianam
1423 1920 1736 1989 rel’gioncm

148 2021 351 2075 amore,
378 2009 530 2078 prius
556 2008 668 2078 ipse
693 2017 719 2046 ι
743 2009 1061 2079 baptizatur.
1097 2011 1222 2065 Post
1252 2011 1366 2064 Ittec
1394 2027 1583 2068 omnes
1607 2015 1739 2069 Got-

149 2100 286 2164 thos,
317 2099 413 2168 qui
442 2106 555 2152 tum
578 2098 828 2152 Arianam
868 2107 1072 2154 sectam
1110 2101 1359 2154 tenebant
1378 2141 1404 2164 ,_
1429 2101 1676 2157 Toletum
1707 2101 1735 2142 δ

157 2190 396 2246 adunare
432 2192 709 2262 praecepit,
741 2201 795 2246 et
814 2206 1002 2246 omnes
1034 2191 1197 2246 libros
1227 2192 1451 2246 Arianos
1484 2197 1739 2264 przecepit

152 2292 206 2337 ut
242 2283 348 2338 sibi
383 2293 779 2352 praesenteutur
822 2300 837 2336 :
877 2298 1013 2352 quos
1057 2285 1110 2336 in
1140 2299 1242 2339 una
1269 2283 1428 2338 domo
1447 2287 1736 2342 eollocmos

150 2372 396 2429 incendio
426 2385 776 2429 concremare
800 2375 978 2444 jussit,
1006 2385 1061 2428 et
1087 2373 1153 2428 ad
1180 2372 1534 2430 Christianam
1564 2377 1733 2447 legem

153 2467 419 2537 baptizare
458 2481 647 2522 omnes
678 2465 904 2520 Getthos
933 2464 1078 2520 fecit.

217 2568 304 2622 IX.
347 2568 434 2622 Eo
474 2583 616 2621 anno
673 2584 807 2620 uxor
854 2567 1064 2621 Auaulti
1107 2577 1131 2606 ο
1185 2567 1521 2638 imperatoris
1572 2568 1735 2639 599

161 2658 462 2724 Persarum,
522 2661 738 2714 nomine
779 2659 1016 2725 Cmsara,
1049 2660 1222 2714 virum
1255 2661 1579 2730 relinquens,
1611 2677 1734 2714 cum

156 2762 364 2818 quatuor
399 2752 600 2820 pueris,
629 2751 961 2819 totidemque
993 2752 1180 2819 puellis
1203 2752 1268 2805 ad
1301 2752 1515 2807 beatum
1544 2749 1736 2807 Johan-

155 2859 262 2898 uem
301 2845 622 2913 episcopum
651 2843 1170 2909 Constantinopolim
1205 2844 1446 2908 veniens,
1482 2860 1539 2897 se
1572 2859 1730 2898 unam

156 2943 257 2984 esse
287 2931 350 2984 de
400 2931 599 2998 popqu
637 2929 812 2998 dixit,
857 2941 911 2984 et
940 2929 1190 2997 baptismi
1219 2933 1443 2999 gratiam
1476 2929 1544 2984 ab
1582 2939 1735 2983 aute-

159 3018 283 3075 tl:cto
309 3022 474 3076 beato
511 3020 756 3075 Johanne
782 3021 1024 3089 expetiit.
1056 3021 1296 3090 Cumque
1340 3020 1408 3075 ab
1448 3021 1562 3089 ipso
1593 3019 1730 3072 Pon~

1842 1839 2100 1894 tioehited
2152 1843 2436 1914 episcopus
2485 1850 2723 1918 suscepit
2774 1851 2843 1905 de
2876 1855 3107 1910 lavacro.
3163 1856 3425 1912 Anaulfus

1826 1929 2130 2000 imperator
2176 1932 2343 2005 600
2389 1951 2417 1988 a
2473 1937 2731 1992 Mauricio
2776 1941 3097 2009 imperatore
3151 1955 3339 2012 petens
3368 1956 3424 2001 ut

1836 2024 1940 2079 sibi
1964 2026 2250 2096 episcOpos
2273 2043 2393 2083 cum
2424 2030 2572 2084 clero
2609 2031 2913 2095 sufficiente
2946 2043 2970 2071 θ
2999 2035 3171 2104 daret,
3197 2053 3331 2106 quos
3370 2040 3421 2093 in

1840 2117 2026 2172 Persia
2056 2120 2341 2185 stabiliret,
2377 2130 2435 2175 ut
2463 2123 2694 2178 universi
2727 2124 2961 2181 Persida:
3007 2128 3253 2196 baptismi
3298 2145 3422 2198 gra-

1839 2209 1964 2263 tiam
1997 2211 2340 2267 adltibereut.
2373 2214 2524 2279 Quod
2551 2215 2832 2270 Mauricius
2863 2217 3045 2272 libenti
3077 2221 3256 2274 animo
3281 2238 3420 2291 prm-

1835 2301 1988 2364 stitit,
2019 2317 2332 2371 summaque
2354 2304 2630 2359 celeritate
2654 2323 2841 2361 omnes
2863 2307 3096 2363 Pcrsidm
3123 2310 3190 2364 ad
3218 2295 3418 2366 Christi

1834 2391 2034 2446 cultum
2059 2393 2413 2462 baptizautur.
2499 2439 2501 2441 .
3344 2464 3348 2468 _

1904 2482 2007 2537 An.
2035 2500 2296 2538 ntxxxnx.
2329 2515 2397 2526 -——
2425 2485 2491 2541 Χ.
2519 2488 2674 2543 Anno
2699 2488 2768 2542 29
2796 2489 3178 2546 Guntchramni
3211 2496 3420 2549 exerci-

1836 2583 1921 2628 tus
1943 2574 1996 2629 in
2016 2574 2272 2644 Spaniam
2300 2575 2320 2614 ί
2358 2578 2597 2645 ejusdem
2634 2579 2788 2648 jussu
2821 2583 3095 2654 dirigitur;
3124 2585 3218 2640 sed
3254 2588 3420 2656 negli-

1834 2664 2013 2732 gentia
2043 2666 2289 2730 Bosonis,
2341 2669 2430 2738 qui
2469 2681 2630 2739 caput
2673 2674 2940 2728 exercitus
2971 2675 3090 2746 fuit,
3121 2678 3357 2746 graviter
3387 2696 3418 2733 a

1835 2755 2045 2811 Gotthis
2070 2758 2344 2814 exercitus
2375 2759 2462 2814 ille
2483 2762 2796 2816 trucidatur.

1904 2849 2004 2904 AN.
2030 2864 2149 2904 pxc.
2182 2880 2250 2891 —
2276 2851 2364 2906 Xl.
2399 2853 2552 2907 Anno
2588 2854 2656 2908 30
2686 2855 2833 2922 regni
2877 2859 3222 2928 suprascripti
3262 2862 3414 2929 prin-

1831 2939 1986 3010 cipis,
2035 2941 2208 2995 tunica
2253 2942 2455 2997 Domini
2493 2946 2655 2998 nostri
2679 2945 2802 2999 Jesu
2841 2946 3062 3014 Christi,
3093 2966 3210 3019 quae
3232 2951 3410 3007 eidem

1832 3031 1885 3086 in
1915 3033 2162 3102 passione
2191 3035 2392 3088 sublata
2417 3045 2520 3102 est,
2545 3047 2595 3092 et
2623 3053 2652 3091 a
2673 3038 2927 3093 militibus
2959 3043 3046 3111 qui
3078 3057 3197 3096 eum
3230 3053 3412 3100 custo-

159 3113 286 3169 tiﬁce
316 3117 511 3170 fuisset
538 3113 825 3183 baptizata,
860 3116 1092 3182 Augusta
1117 3112 1354 3198 Mauricii
1390 3102 1730 3182 imperatoris
1757 3111 1801 3172 C
1831 3123 2067 3193 aiebant,
2122 3135 2205 3182 est
2233 3127 2444 3191 sortita,
2502 3129 2569 3183 de
2599 3145 2698 3199 qna
2744 3131 2905 3186 David
2932 3102 3189 3202 pri-pheta
3241 3135 3369 3190 dicit
3401 3155 3415 3191 :

161 3222 260 3260 eam
289 3210 352 3261 de
387 3218 582 3261 sancto
611 3207 848 3276 suscepit
876 3206 1118 3270 lavacro;
1151 3221 1306 3272 quam
1339 3219 1460 3260 eum
1491 3203 1569 3258 vir
1599 3221 1728 3260 suus

161 3312 432 3368 imperator
459 3299 742 3354 Persarum
773 3313 867 3368 per
908 3299 1197 3366 legationes
1225 3297 1418 3365 smpius
1441 3306 1722 3366 repeteret,

163 3403 204 3448 et
223 3397 508 3452 Mauricius
550 3397 841 3464 imperator
869 3409 1087 3448 uxorem
1123 3395 1288 3463 ipsius
1327 3409 1446 3447 esse
1474 3396 1725 3462 nesciret,

163 3493 270 3540 tunc
306 3488 549 3556 Augusta
582 3486 770 3540 videns
801 3500 919 3540 eam
954 3485 1389 3554 pulcherrimam,
1423 3487 1727 3551 suSpicatur

164 3590 220 3629 Ite
242 3578 347 3643 ipsa
378 3585 532 3632 esset
557 3591 717 3646 quam
751 3576 908 3646 legati
931 3575 1260 3650 qurerebant,
1293 3574 1581 3642 dicensque
1608 3574 1682 3628 eis
1713 3591 1725 3626 :

163 3666 330 3723 Mulier
377 3669 630 3740 quaedam
671 3669 738 3722 de
780 3668 954 3723 Persis
1007 3668 1111 3722 huc
1166 3667 1331 3732 venit,
1382 3669 1626 3737 dixitque
1671 3685 1730 3723 se

165 3775 304 3816 unam
335 3778 461 3818 esse
489 3764 556 3816 de
589 3761 782 3832 pepulo
807 3779 842 3826 ;_
875 3761 1048 3816 videte
1075 3777 1218 3829 eam,
1253 3761 1474 3816 forsitan
1508 3764 1620 3829 ipsa
1649 3772 1732 3818 est

166 3868 300 3919 quam
326 3855 595 3926 quaeritis.
620 3853 788 3922 Quam
808 3853 966 3922 legati
990 3853 1251 3918 videntes,
1280 3855 1430 3921 proni
1462 3853 1514 3907 in
1536 3863 1730 3908 terram

167 3945 528 4010 adoravernnt,
559 3943 804 3999 dicentes
833 3945 999 4012 ipsam
1029 3957 1148 3998 esse
1197 3957 1383 3998 eorum
1434 3944 1728 4011 dominam,

168 4050 302 4102 quam
323 4038 659 4108 quzerebant.
694 4036 918 4090 Dieitad
960 4050 1077 4089 eam
1106 4037 1380 4104 Augusta:
1414 4034 1599 4090 Redde
1628 4036 1731 4091 illis

169 4139 493 4195 responsum.
527 4128 677 4182 Tunc
709 4127 795 4180 illa
828 4125 1101 4193 respondit
1134 4143 1148 4178 :
1182 4127 1293 4195 Ego
1318 4142 1438 4180 cum
1477 4127 1592 4180 i~tis
1623 4141 1729 4181 non

233 4315 253 4376 ἐ
289 4308 485 4363 Bolter.
520 4315 574 4361 et
600 4307 719 4369 alii,
751 4305 892 4376 prius
920 4305 1158 4376 secretius
1188 4305 1491 4374 baptizatur.

229 4375 254 4414 δ
292 4379 362 4432 De
408 4379 495 4432 his
527 4377 648 4432 vide
703 4375 996 4429 concilium
1047 4375 1366 4428 Toletauutn
1413 4391 1492 4435 tu,
1524 4375 1729 4432 Concil.

173 4445 319 4503 Labb.
349 4460 502 4504 tomo
533 4447 598 4512 V,
630 4449 693 4498 ad
733 4462 822 4499 an.
848 4445 972 4502 581i.
995 4444 1079 4497 cui
1111 4461 1204 4498 rex
1233 4447 1346 4511 ipse
1375 4447 1631 4510 interfuit,
1670 4462 1732 4500 ac

1833 3215 1900 3269 Et
1933 3233 2082 3286 super
2106 3219 2397 3272 vestimenta
2423 3236 2535 3274 mea
2567 3233 2842 3292 posuerunt
2869 3233 3055 3278 sortem
3083 3225 3263 3295 (Joan.
3297 3244 3414 3293 xxx,

1829 3307 1935 3373 24;
1965 3307 2057 3362 Ps.
2091 3324 2202 3375 ut,
2237 3311 2343 3379 lii).
2399 3311 2610 3366 iIH‘PIIIa
2642 3325 2718 3365 est
2755 3314 3008 3382 prodente
3056 3317 3276 3372 Simone
3307 3319 3417 3374 tilio

1830 3397 2013 3461 Jacob,
2045 3400 2133 3466 qui
2179 3415 2270 3466 per
2310 3399 2443 3453 duas
2475 3400 2838 3455 hebdomadas
2880 3405 3057 3459 multis
3091 3407 3418 3461 cruciatibus

1829 3489 2075 3555 affectus,
2117 3492 2327 3545 tandem
2353 3495 2631 3560 ptofitetur
2661 3495 2829 3562 ipsam
2857 3497 3092 3551 tunicam
3125 3498 3176 3552 in
3201 3501 3419 3553 civitate

1831 3583 1994 3638 Zafad
2024 3595 2049 3632 ις
2083 3586 2268 3652 procul
2295 3600 2320 3636 a
2366 3587 2732 3658 Hierosolyma
2763 3605 2815 3643 in
2845 3606 2965 3644 area
2999 3607 3295 3647 marmorea
3325 3610 3418 3659 |:0-

1829 3674 1986 3728 sitam
2024 3689 2163 3731 esse.
2207 3675 2375 3743 Quam
2424 3678 2714 3747 Gregorius
2756 3678 3121 3735 Antiochenus
3165 3691 3213 3736 et
3284 3683 3416 3734 Ibo-

1831 3777 1944 3815 tnas
1968 3761 1994 3797 ³³
2021 3763 2536 3834 ΙΙὶει-οεηιγιηοιιιιη,
2567 3778 2621 3820 et
2661 3767 2935 3823 .lobaunes
2962 3769 3417 3839 Constantinopo-

1831 3849 2026 3903 litantis
2055 3851 2290 3919 episc0pi
2313 3866 2433 3906 cum
2457 3853 2576 3906 aliis
2599 3857 2778 3910 multis
2791 3857 3080 3927 episcOpis,
3100 3860 3404 3913 triduanum

1834 3939 2089 3994 facientes
2114 3939 2375 4008 jejunium
2400 3981 2414 4005 ,
2458 3943 2650 3998 exinde
2689 3947 2950 4015 condigne
2980 3964 3100 4000 cum
3126 3962 3248 4002 arca
3277 3965 3417 4003 mar-

1832 4047 2034 4096 morea,
2070 4033 2171 4086 levi
2202 4031 2411 4099 effecta,
2461 4036 2612 4102 quasi
2661 4051 2728 4090 ex
2771 4037 2915 4106 ligno
2960 4037 3178 4104 fuisset,
3219 4040 3412 4096 ordine

1835 4125 2064 4192 pedestri
2111 4125 2530 4196 Hierosolymam
2577 4142 2698 4184 cum
2741 4129 3026 4186 devmioue
3064 4133 3410 4187 sanctissima

1835 4307 1960 4360 licet
1989 4307 2203 4378 frustra,
2261 4307 2604 4378 la‘orarerit.
2641 4306 2910 4361 Johannes
2957 4324 3090 4364 vero
3136 4308 3417 4378 Jejunator

1838 4377 2192 4450 dictuspCP.
2226 4377 2531 4450 epist'.,_de
2579 4393 2685 4446 quo
2728 4378 2813 4432 hic
2859 4378 3108 4447 Fredeg.,
3156 4377 3416 4450 Eutycltin

1838 4449 2112 4512 successit,
2147 4464 2235 4500 an.
2266 4448 2390 4501 589...
2432 4447 2690 4501 Famosus
2741 4451 2834 4503 fuit
2857 4451 2925 4502 ob
2976 4447 3277 4504 universalis
3322 4465 3418 4504 seu

173 4491 822 4586 iiiiéﬁﬁiéébatit3.3;};
850 4491 936 4592 EB;
959 4491 1074 4592 ipso
1115 4491 1304 4592 agenic
1343 4515 1520 4569 Gotthi
1549 4491 1730 4570 susce-
1762 4491 1809 4549 ί)
1835 4491 2124 4571 ωεωηίιηὶέὶ
2150 4518 2551 4592 titulum,qnem
2584 4518 2684 4572 sibi
2714 4520 2996 4575 resistente
3023 4520 3283 4592 Gregorio
3314 4521 3417 4574 Ma~

173 4585 363 4656 perant,
393 4603 514 4643 cum
545 4601 712 4641 uxore
733 4601 825 4639 sua
848 4585 1179 4656 subscripsit.

239 4668 257 4695 ε
297 4654 418 4728 Alii,
453 4657 688 4724 Aunufﬁ,
718 4655 943 4723 Aruulﬁ,
976 4654 1430 4728 Monaul/ialianc
1462 4655 1732 4728 historiam

175 4725 232 4779 ad
256 4725 473 4784 Heraclii
506 4737 747 4794 tempora
794 4733 1011 4779 revocat
1039 4725 1236 4779 Paulus
1266 4725 1506 4789 Diacon.,
1559 4726 1650 4779 lib.
1685 4741 1736 4778 tv

178 4798 232 4849 de
259 4797 427 4854 Gestis
451 4799 690 4866 Laugob.
717 4812 836 4862 cap.
862 4794 1257 4866 5:2.)ohannes
1286 4796 1480 4848 Biclar.
1499 4799 1550 4848 in
1581 4796 1736 4848 chro-

179 4869 286 4934 nico
312 4871 554 4924 meminit
576 4864 922 4934 imperatoris
963 4864 1263 4926 Persarum,
1310 4867 1419 4930 qui,
1467 4881 1595 4933 pare
1623 4882 1738 4917 eum

181 4931 414 5004 Mauricio
447 4931 679 4998 firmata,
711 4935 903 4990 Chri~ti
935 4936 1090 4988 [idem
1118 4935 1348 5004 suscepit
1374 4951 1386 4986 :
1419 4931 1534 5002 qum
1559 4935 1735 4988 omnia

182 5003 241 5059 de
265 5007 496 5063 Chosroe
529 5008 740 5074 iuniore
765 5007 1189 5073 interpretantur
1234 5003 1332 5058 viri
1367 5005 1594 5067 eruditi,
1645 5005 1734 5072 qui

182 5088 270 5140 ope
291 5077 519 5132 Mauricii
551 5079 680 5146 imp.
714 5077 995 5129 Baramum
1027 5084 1303 5146 tyranuum
1335 5076 1619 5146 oppressit,
1653 5091 1737 5127 re-

181 5150 429 5217 gnumque
456 5150 688 5217 recepit,
722 5161 788 5200 ex
817 5162 923 5217 quo
961 5145 1144 5217 pulsus
1187 5145 1379 5217 fuerat.
1413 5145 1739 5217 lluuc_t:uri.

183 5216 391 5282 stianum
413 5215 974 5282 fuisse'b’redegarius,
996 5215 1337 5278 Biclarensis,
1362 5216 1467 5268 imo
1492 5223 1546 5268 et
1565 5215 1741 5268 Theo-

185 5281 442 5349 phylactus
472 5287 712 5341 arbitrati
764 5281 907 5350 sunt,
949 5285 1087 5351 quod
1139 5284 1328 5354 Syram
1382 5283 1738 5339 Christianam

189 5364 395 5426 uxorem
421 5358 664 5422 duxerit,
692 5356 971 5426 palamque
995 5355 1265 5426 professus
1295 5355 1450 5426 fuerit
1479 5369 1538 5426 se
1566 5355 1738 5409 sancti

189 5417 341 5494 §ergii
379 5417 659 5497 _utartyris'
681 5417 783 5494 ope
813 5427 864 5480 in
887 5417 1067 5497 'regno
1092 5425 1386 5497 restitutum
1419 5425 1601 5497 fuisse,
1639 5441 1736 5479 cu-

188 5485 263 5564 ius
282 5485 817 5564 ecclesiae'przecl'ara
850 5485 988 5550 dona
1020 5495 1228 5549 obtulit.
1267 5485 1734 5564 VideiEvagrium,

301 5577 348 5615 Vl
379 5564 514 5618 llist.
538 5554 655 5634 cap.
684 5566 748 5619 19
777 5574 828 5619 et
848 5565 938 5618 ‘20.
971 5565 1144 5632 Ipsum
1173 5573 1349 5618 tamen
1377 5554 1736 5620 Christianum

196 5624 341 5702 fuisse
380 5646 570 5702 negant
606 5624 716 5688 'viri
767 5624 1088 5690 eruditi.'Et
1126 5634 1339 5701 quidem
1385 5634 1736 5689 Domitianum

197 5692 622 5773 {teliteuaavejiise
656 5706 831 5758 laudat
860 5692 1156 5772 Gregorius
1178 5704 1392 5772 Magnus
1415 5705 1506 5756 lib.
1539 5719 1598 5769 tt,
1624 5705 1735 5759 iud.

199 5760 259 5843 3,
302 5783 382 5836 ep.
429 5760 526 5842 (ἰδ’,
557 5760 709 5852 quod
742 5777 808 5831 ad
838 5760 1288 5845 imp."Persaruni'
1307 5760 1734 5842 conversionem,

1840 4603 1942 4657 gito
1971 4588 2275 4654 anrogahat.

1909 4655 1934 4692 ἀ
1974 4657 2242 4728 Successit
2291 4665 2475 4712 saneto
2518 4660 2797 4712 Anastasio
2850 4657 2903 4713 in
2957 4660 3203 4714 exsilium
3242 4661 3417 4728 pulsa,

1839 4742 1926 4799 an.
1960 4727 2085 4799 57L
2139 4729 2266 4781 lium
2315 4729 2530 4783 laudant
2563 4729 2847 4798 Evagrins,
2896 4730 2992 4786 lib.
3038 4746 3131 4796 γι,
3188 4727 3416 4799 passim;

1839 4797 2210 4868 'i‘tietipltanes,
2269 4807 2328 4868 et
2380 4799 2533 4853 Joan.
2577 4797 2849 4866 Moschus,
2898 4799 3039 4854 Prati
3087 4797 3257 4868 Spirit.
3291 4816 3414 4868 cap.

1842 4865 1962 4920 N0.
1987 4866 2124 4920 Obiit
2163 4883 2250 4948 an.
2276 4867 2407 4934 5,92;
2441 4884 2546 4939 quo
2585 4865 2870 4937 defuncto,
2901 4865 3216 4926 Anastasius
3242 4865 3417 4928 st-detI

1841 4951 1990 4988 suam
2024 4950 2244 5003 reCeptt.

1886 5014 1940 5127 d°
1981 5006 2201 5076 Boher.,
2250 5024 2362 5060 cum
2394 5010 2592 5064 clericis
2642 5011 2689 5064 ci
2734 5010 2965 5065 ὀπτα...

1922 5092 1971 5127 α.

1841 5091 1971 5128 διαα.

1919 5144 1936 5182 ί
1982 5146 2032 5197 Id
2064 5145 2620 5218 est,__Septimauiam,
2654 5159 2710 5201 ιιι
2741 5149 3018 5204 evidenter
3055 5155 3198 5218 patet
3232 5163 3294 5201 ex
3330 5147 3416 5202 lib.

1844 5231 1897 5268 ιχ
1927 5229 2045 5277 cap.
2077 5215 2142 5270 51
2175 5215 2422 5270 Historia:
2445 5219 2710 5285 Gregorii.
3057 5215 3069 5218 ἡ
3439 5251 3444 5270 ς

1915 5295 1940 5332 ις
1985 5287 2056 5340 Ea
2097 5295 2200 5349 est,
2252 5296 2313 5338 ut
2362 5288 2519 5355 vulgo
2550 5296 2753 5355 putant,
2811 5285 2999 5356 Joppe,
3055 5287 3182 5340 urbs
3225 5289 3276 5342 in
3331 5287 3404 5342 Pa

1846 5355 2051 5410 ltestina
2091 5356 2352 5422 celebris,
2397 5359 2534 5428 _olim
2567 5355 3016 5428 sede‘episcopali
3043 5370 3250 5428 ornata,
3303 5374 3419 5428 qua‘

1842 5430 2147 5482 etiamnunc
2180 5429 2335 5495 vulgo
2379 5425 2506 5495 Jafa
2560 5424 2875 5494 appellatur,
2913 5424 3074 5481 'ltalis
3119 5427 3286 5494 Julia,
3323 5424 3418 5484 'vol

1840 5495 2012 5564 Za/fo.
2066 5498 2358 5565 Detunica
2401 5497 2501 5551 hac
2553 5497 2675 5549 vide
2721 5496 2816 5553 lib.
2873 5512 2888 5550 ι
2946 5497 3013 5551 de
3053 5498 3234 5552 Gloria
3265 5501 3418 5556 Mart.

1841 5581 1958 5624 catt.
1989 5568 2042 5621 8.

1915 5635 1942 5708 ξι
1986 5636 2304 5707 Fredegario
2329 5636 2549 5694 “totum
2581 5653 2775 5692 nomen
2810 5637 3114 5704 Obrepsisse
3145 5648 3292 5708 putat
3325 5639 3422 5691 ινδ.

1845 5707 2184 5788 pebroehius,
2245 5725 2339 5788 pro
2391 5712 2564 5788 Amos,
2611 5724 2771 5788 quem
2821 5723 2883 5760 ex
2920 5707 3421 5788 _Grteeis’catalot'ﬁi

1843 5786 1973 5834 tunc
2000 5779 2466 5837 Jerosoivmitanaa
2507 5779 2762 5836 Ecclesia:
2804 5779 3081 5844 przefuisse
3126 5780 3405 5836 existimat

3015 5027 3045 5061 ιι
3053 5010 3105 5062 ni
3112 5025 3250 5061 versa
3301 5007 3400 5060 Per
