4020 6194
610 267 721 323 015

1797 252 2213 309 FREDEGARII
2252 250 2694 307 SCIIOLASTICI

3792 250 3904 305 616

610 403 1001 472 perduxerunt,
1053 407 1279 461 eamque
1309 392 1361 445 in
1390 390 1508 444 loco
1543 389 1631 443 ubi
1662 403 1791 443 crux
1825 386 2034 443 Domini
2067 386 2271 445 adosA
2299 386 2536 451 micavit,
2569 395 2624 441 et
2652 387 2725 439 ita
2758 384 2941 440 Warni
2984 384 3227 440 trucidati
3271 385 3395 439 victi
3435 393 3580 451 sunt,
3610 393 3674 440 ut
3702 404 3902 455 parum

613 503 771 546 ratur
814 504 934 542 cum
990 484 1263 553 triumpho
1310 491 1626 550 posuerunt.
1682 480 1757 533 Eo
1811 488 1836 516 λ
1885 494 2026 531 anno
2074 479 2195 531 luna

613 582 894 635 obscurata
922 586 1027 633 est.
1081 576 1159 630 Eo
1206 587 1347 628 anno
1376 574 1516 625 inter
1561 571 1800 624 Francos
1828 582 1882 626 et
1914 570 2198 623 Britannos

612 688 776 743 super
802 672 1024 726 ﬂuvium
1050 666 1329 723 Vicinonia
1361 665 1556 719 bellum
1576 673 1659 717 est
1690 672 1887 717 ortum.

685 783 801 839 XII.
842 780 1176 849 lleppelenus
1217 778 1321 832 dux
1359 776 1684 831 Francorum
1727 772 1959 827 factione
1996 772 2199 828 Hebra.

604 876 804 942 charii,
852 876 1084 941 itemque
1108 871 1283 935 ducis,
1313 886 1342 924 ιι
1376 868 1645 923 Britannis
1676 867 2014 922 interficitur.
2047 865 2199 921 llntle

617 980 737 1041 ι-οδι
786 967 1178 1024 Ilebracharius
1227 965 1292 1019 ad
1321 977 1585 1019 summam
1618 968 1987 1030 paupertatem
2017 958 2085 1014 de
2114 974 2201 1013 re-

615 1067 712 1120 bus
735 1064 844 1118 suis
872 1060 1126 1129 spoliatus
1154 1055 1414 1116 pervenit.

688 1180 787 1229 AN.
826 1188 965 1227 nitet.
1017 1202 1086 1211 -—
1138 1169 1274 1224 XIII.
1320 1171 1474 1222 Anno
1511 1168 1571 1223 51
1610 1166 1757 1236 regni
1808 1162 2196 1219 Guntcliratnni

614 1264 1021 1321 Tlicudefi-edus
1049 1264 1155 1314 dux
1192 1260 1340 1315 Ultra
1365 1258 1596 1311 Juranus
1625 1256 1651 1293 ιι
1684 1255 1929 1319 moritur,
1962 1255 2046 1307 cui
2078 1267 2201 1305 suc-

615 1358 779 1411 cessit
822 1355 1233 1410 Wandalmarus
1258 1351 1310 1403 iit
1339 1350 1544 1403 honore
1575 1350 1821 1401 ducatus.
1851 1347 2077 1415 Ipsoque
2116 1361 2200 1397 an-

617 1463 688 1504 no
724 1448 883 1518 601
916 1446 1031 1512 Ago
1071 1444 1178 1496 dux
1219 1442 1272 1495 in
1320 1440 1467 1493 Italia
1511 1454 1671 1507 super
1717 1436 2097 1506 Langobardos
2146 1436 2199 1489 in

618 1556 785 1612 regno
816 1539 1152 1593 sublimatnr.

688 1654 790 1708 AN.
824 1666 984 1705 nxcn.
1026 1678 1095 1689 —
1136 1648 1286 1699 Anno
1316 1642 1385 1697 ’52
1424 1642 1569 1710 regni
1612 1628 2019 1698 Gontchranini,
2060 1638 2128 1690 ita
2169 1652 2198 1689 a

617 1759 773 1799 mane
814 1756 979 1809 usque
1018 1738 1102 1823 ad.
1123 1735 1352 1791 mediam
1391 1734 1529 1786 diem
1572 1732 1650 1784 sol
1684 1732 1978 1783 minorazos
2008 1738 2110 1791 est,
2143 1736 2199 1780 ut
2230 1750 2276 1808 Β

614 1836 769 1890 tertia
800 1848 924 1903 pars
953 1846 1019 1887 ex
1051 1832 1165 1899 ipso
1193 1829 1278 1881 vix
1306 1833 1604 1893 appareret.

692 1949 790 2001 AN.
820 1959 1006 1999 nxcut.
1030 1939 1257 1995 —XIV.
1301 1942 1455 1991 Anno
1494 1934 1563 1987 55
1605 1934 1751 1999 regni
1790 1931 2197 1987 Gunlchramni.

616 2037 692 2093 Eo
722 2052 860 2089 anno
892 2050 943 2099 ν,
972 2033 1239 2087 Kalendas
1266 2028 1483 2097 Aprilis,
1512 2024 1627 2092 ipse
1659 2042 1747 2079 rex
1778 2026 2000 2078 moritor
2030 2034 2075 2085 ε,
2110 2036 2199 2077 se-

618 2128 797 2197 pultus
834 2134 916 2179 est
956 2125 1005 2177 in
1042 2120 1270 2176 ecclesia
1311 2118 1479 2172 sancti
1506 2115 1755 2181 Marcelli,
1790 2116 1839 2166 in
1874 2112 2201 2167 monasterio

616 2221 757 2289 quod
786 2218 902 2287 ipse
930 2222 1320 2270 construxerat.
1354 2211 1590 2280 Regnum
1623 2208 1859 2276 ejusdem
1889 2206 2202 2260 Chilileber-

616 2321 706 2365 tus
735 2306 1040 2372 assumpsit.
1078 2304 1277 2357 Eodem
1318 2316 1458 2354 anno
1487 2301 1732 2365 Quintrio
1773 2296 1799 2332 ά
1841 2298 1947 2350 dux
1976 2297 2197 2365 Campa-

622 2400 808 2454 tieusis
859 2410 980 2450 cum
1027 2391 1265 2447 exercitu
1314 2390 1368 2443 in
1414 2404 1634 2458 regnum
1674 2387 1968 2441 Cblotharii
2020 2387 2201 2455 ingre-

615 2492 782 2545 ditur.
804 2486 1146 2542 Cltlotltarius
1176 2497 1295 2535 cum
1327 2479 1438 2535 suis
1458 2479 1665 2534 obviam
1690 2493 1916 2547 pergens
1939 2478 2203 2534 hostiliter

621 2580 990 2651 Quintrionem
1025 2578 1077 2631 in
1119 2572 1295 2645 fugam
1328 2576 1507 2639 vertit,
1540 2571 1633 2627 sed
1666 2572 1914 2641 utrinque
1935 2573 2204 2627 exercitus

622 2677 847 2731 nimium
880 2670 1175 2725 trucidatus
1200 2676 1302 2722 est.

694 2788 797 2842 Au.
830 2800 1004 2840 nxctv.
1035 2812 1105 2824 —-
1146 2780 1263 2836 XV.
1302 2780 1460 2835 Anno
1487 2778 1523 2833 ἓ
1546 2793 1668 2834 cum
1698 2777 2072 2834 Ctiildebertus
2115 2794 2205 2833 re-

622 2904 781 2961 gnum
814 2887 1105 2954 accepisset
1124 2881 1468 2953 Burgundize,
1501 2882 1768 2936 exercitus
1802 2881 2122 2935 Francorum
2152 2890 2205 2935 et

624 2982 998 3037 Britannorum
1048 2974 1280 3030 invicem
1333 2974 1658 3043 prteliantes,
1712 2981 1934 3041 uterque
1980 2970 2202 3026 nimium

622 3074 802 3145 gladio
827 3069 1181 3126 trucidantur.

693 3186 795 3237 An.
846 3196 1000 3235 nxcv.
1032 3180 1281 3233 -—-—Anno
1329 3179 1363 3231 3
1405 3176 1747 3232 Cliildelierto
1800 3177 1853 3231 in
1899 3177 2200 3247 Burgundia

624 3283 901 3344 regnante,
925 3272 1088 3325 multa
1119 3270 1266 3338 signa
1294 3269 1346 3322 in
1377 3270 1515 3324 coelo
1547 3277 1759 3322 ostensa
1794 3280 1936 3332 sunt,
1957 3270 2202 3336 apparuit

620 3366 777 3420 stella
806 3372 1064 3418 cometes.
1117 3362 1191 3413 Eo
1233 3374 1375 3413 anno
1412 3360 1674 3412 exercitus
1705 3360 2028 3417 Cliildeherti
2080 3376 2197 3413 cum

628 3455 842 3512 Warnis
875 3464 923 3517 ε,
955 3453 1045 3522 qui
1085 3452 1345 3507 rebellare
1388 3452 1563 3503 conati
1608 3448 1846 3516 fuerant,
1876 3448 2082 3503 fortittr
2117 3452 2201 3502 di-

622 3698 723 3750 Sed
749 3706 802 3750 et
830 3694 917 3747 hic
940 3697 1109 3755 Amos,
1138 3706 1254 3752 seu,
1280 3699 1336 3744 ut
1370 3705 1397 3741 a
1432 3690 1575 3751 Nice,
1599 3688 1732 3743 lioro
1775 3687 1995 3741 Callisto
2021 3690 2203 3753 appel-

625 3770 787 3829 latur,
822 3764 1073 3828 Neamns,
1104 3765 1154 3815 ιιι
1186 3763 1385 3827 aliquot
1413 3759 2035 3828 eatalogisdesideratur.
2062 3760 2203 3811 Thu-

624 3852 738 3892 mas
779 3835 971 3889 dicitur
1020 3835 1087 3886 ab
1117 3833 1384 3890 Aitnoino.
1418 3831 1508 3884 lib.
1558 3846 1612 3883 ιιι
1660 3830 1795 3883 IIi-t.
1823 3845 1941 3898 cap.
1991 3833 2077 3885 78.
2128 3830 2201 3883 De

622 3907 879 3977 Cicgorio
908 3915 961 3957 et
983 3904 1229 3977 Iohanne
1252 3912 1428 3956 actum
1451 3912 1531 3955 est
1556 3916 1743 3977 supra.

766 3978 890 4030 Ilaec
922 3991 1084 4041 usque
1109 3974 1174 4027 ad
1203 3975 1360 4028 linem
1392 3988 1510 4041 cap.
1537 3972 1733 4025 desunt
1755 3970 1806 4023 iit
1837 3969 1989 4025 Colb.
2014 3981 2066 4024 et
2086 3971 2201 4036 plc-

622 4051 804 4114 risque
828 4046 1005 4100 editis.

693 4111 728 4156 b'
765 4115 1101 4184 Ultrajurana
1132 4116 1279 4177 regio
1310 4113 1388 4167 sic
1415 4112 1555 4184 dicta
1602 4126 1629 4163 a
1657 4111 1785 4184 .lora
1828 4112 2204 4184 nionte,_in'er

627 4187 901 4242 Ilelvetios
916 4180 984 4239 'et
1003 4187 1301 4251 Sequanos,
1333 4183 1423 4250 qui
1467 4182 1629 4250 vulgo.
1663 4183 1840 4235 Sancti
1871 4180 2071 4235 Cland’ii
2111 4200 2205 4249 ap-

627 4261 875 4320 pellatur,
924 4271 953 4309 a
1000 4256 1197 4309 celebri
1240 4254 1565 4308 monasterio
1593 4254 1796 4305 ordinis
1843 4252 2200 4307 Benedictini.

625 4329 830 4383 Dicitur
868 4340 1079 4395 quoque
1106 4325 1457 4395 ΒιιιςςιιιιιιιιιΔ
1483 4321 1845 4395 Transjurana
1875 4362 1891 4386 ,
1943 4338 2061 4391 qua:
2110 4326 2207 4377 ali-

622 4412 751 4453 noot
810 4391 1217 4465 reges'liabuit
1254 4391 1373 4448 'sub
1430 4391 1589 4446 ﬁnem
1648 4392 1827 4445 saeculi
1878 4407 1931 4446 ix
1995 4400 2051 4446 et
2122 4406 2207 4448 se-

664 4472 831 4523 uenti.

620 4487 831 4539 queutt.

705 4548 726 4575 ε
748 4537 1033 4591 Contendit
1061 4534 1321 4599 Valesius,
1354 4532 1445 4587 lib.
1474 4547 1544 4586 xv
1577 4532 1701 4585 Rer.
1748 4531 2010 4595 Francic.,
2034 4534 2204 4589 Gunt-

618 4618 892 4662 tramnum
928 4623 957 4659 e
1004 4608 1145 4659 vivis
1184 4606 1478 4659 excessisse
1508 4618 1595 4655 an.
1619 4602 1755 4667 592;
1787 4603 1925 4658 unde
1955 4605 2040 4658 ubi
2070 4606 2200 4659 infra

624 4681 711 4747 leg
740 4690 824 4747 tor
869 4692 1005 4747 anno
1044 4678 1089 4747 2
1115 4674 1467 4747 Cliildebeeti,
1522 4673 1803 4747 legendum
1855 4689 1993 4747 esse,
2019 4686 2204 4730 censet

618 4743 764 4803 ait'tto
797 4746 843 4807 l,
876 4754 929 4799 et
957 4745 1033 4798 sic
1062 4745 1329 4811 deinceps.
1377 4743 1914 4815 Contranminomen
1946 4745 2205 4815 Martyro-

620 4820 763 4883 Iogia
798 4825 975 4870 vetera
1012 4824 1067 4869 et
1115 4819 1343 4868 recentia
1388 4813 1586 4866 habent
1630 4830 1657 4863 ν
1703 4814 1819 4867 Kal.
1850 4813 2202 4883 Aprilis.‘qua

613 4891 711 4945 die
742 4890 933 4941 festum
977 4883 1095 4955 ejus
1122 4895 1446 4936 memoratur
1477 4884 1528 4936 in
1556 4884 1920 4955 vetustissimo
1940 4885 2203 4939 Kalenda-

625 4962 708 5016 rio
738 4954 1069 5014 Murbacensi
1101 4955 1168 5009 ab
1193 4957 1345 5006 anuis
1370 4956 1473 5007 1:00
1501 4954 1822 5019 conscripto.

701 5030 725 5067 ά
759 5031 918 5095 Infra,
964 5040 1083 5094 cap.
1112 5025 1198 5085 18.
1248 5022 1695 5095 in_Clar._dicitur
1728 5025 1972 5088 Wintrio,
2004 5024 2070 5095 de
2099 5040 2204 5092 quo

618 5102 747 5157 vide
777 5092 930 5153 notas
974 5092 1045 5151 in'
1073 5096 1166 5149 lib.
1189 5110 1281 5147 vtn
1309 5092 1444 5146 Hist.
1463 5093 1700 5162 Gregorii
1731 5109 1847 5161 cap.
1878 5095 1965 5147 I8.
2000 5094 2076 5149 De
2106 5097 2206 5149 hoc

622 5175 767 5225 bello
819 5170 1012 5223 Paulus
1053 5167 1206 5219 Diae.
1260 5164 1352 5217 lib.
1415 5179 1465 5217 tv
1515 5164 1648 5219 Ilist.
1692 5164 1929 5232 Laugob.
1978 5180 2096 5232 cap.
2146 5170 2198 5219 4.

620 5244 996 5309 Quintrionem
1046 5256 1074 5292 a
1103 5235 1597 5309 Wintrioneﬂpatre
1643 5246 1835 5309 sancta:
1866 5234 2205 5290 Glodesindis

620 5304 905 5375 distinguit
926 5310 1171 5363 Cointius
1200 5306 1265 5359 ad
1297 5320 1383 5358 an.
1412 5304 1534 5368 749,
1569 5305 1802 5359 1111111.ἳῦ
1828 5313 1882 5359 et
1905 5320 2062 5372 seqq.

704 5390 727 5418 °
758 5381 860 5434 llos
888 5380 1219 5447 suspicamur
1242 5390 1361 5447 esse
1386 5376 1651 5447 Werinos,
1683 5375 2080 5447 qttoruni_leges
2107 5376 2205 5431 sub

624 5451 733 5503 hoc
782 5450 938 5502 titulo
970 5444 1253 5515 habentur,
1280 5446 1435 5510 Leges
1465 5446 1759 5515 Angliornm
1788 5454 1834 5499 et
1862 5444 2200 5512 Wirinorum,

625 5522 725 5571 hoc
762 5528 834 5570 est
869 5518 1270 5586 Thuringorum.
1320 5517 1546 5569 Warnus
1591 5526 1850 5569 memorat
1895 5516 2202 5583 Procopius,

627 5602 855 5657 quorum
887 5603 980 5641 rex
1012 5588 1240 5657 Badiger
1266 5586 1554 5657 Clilodovei
1587 5587 1755 5657 Magni
1790 5586 1951 5639 ﬁliam
1980 5587 2206 5641 duxerat

633 5655 873 5711 uxorem.
907 5657 1040 5710 Vide
1064 5655 1356 5718 Cointiutn,
1385 5655 1449 5705 ad
1475 5670 1560 5707 an.
1586 5656 1707 5721 564,
1743 5666 1846 5710 etc.

706 5726 723 5766 ῐ
756 5724 887 5781 Cum
919 5742 1101 5791 uxore,
1134 5730 1179 5783 si
1205 5723 1369 5781 Paulo
1393 5725 1560 5796 Diac.,
1594 5728 1683 5782 lib.
1718 5742 1792 5794 tv,
1824 5739 1940 5794 cap.
1969 5727 2053 5794 lit,
2090 5742 2205 5781 cre-

2300 493 2364 530 ex
2399 478 2477 530 eis
2509 476 2876 531 remansisset.

2370 590 2471 641 AN.
2502 603 2753 641 υκαι-ν
2782 586 2921 641 XVI.
2958 589 3113 641 Anno
3144 588 3175 639 4
3209 596 3485 656 postquam
3510 587 3723 645 Cliildel
3748 603 3903 644 erttts

2299 693 2519 743 regnum
2552 686 2830 744 acceperat
2864 675 3271 737 Guntehramni,
3306 677 3591 743 defunctus
3619 687 3705 730 est
3736 676 3783 732 ⁸.
3819 694 3903 731 re-

2298 781 2570 835 gnumque
2600 767 2716 831 ejus
2745 765 2837 818 ﬁlii
2882 767 2963 819 sui
3000 765 3409 821 Th'endebertus
3445 777 3498 819 et
3524 767 3904 821 Tlieuderirns

2298 853 2587 923 accipiunt.
2631 852 3039 907 Theudebertus
3079 856 3301 908 sortitus
3329 864 3415 909 est
3449 858 3667 918 Auster,
3710 859 3901 909 sedem

2299 944 2505 1000 habens
2548 946 2901 1015 Mettensem,
2945 946 3107 1016 602
3145 932 3511 1001 Theodericus
3557 949 3772 1016 accepit
3818 965 3904 1002 re-

2297 1053 2459 1107 gnum
2486 1037 2868 1094 Guntchramni
2896 1038 2948 1094 in
2982 1040 3304 1109 Bnrgundia,
3338 1040 3522 1096 sedem
3553 1040 3763 1094 habens
3798 1044 3895 1096 Au~

2300 1127 2539 1183 I'CIIJIIIS.

2379 1244 2547 1301 XVII.
2592 1245 2669 1297 Eo
2711 1258 2853 1297 anno
2883 1242 3251 1309 I’redegundis
3281 1258 3400 1297 cum
3445 1244 3553 1297 lilio
3578 1243 3904 1298 Clilotltario

2300 1355 2427 1409 rege
2450 1338 2683 1392 Parisios
2710 1336 2793 1389 vel
2826 1336 3060 1402 reliquas
3097 1335 3339 1389 civitates
3368 1336 3469 1388 ritu
3497 1335 3729 1389 barbaro
3760 1346 3787 1383 ε
3817 1353 3905 1389 oc-

2302 1428 2536 1500 citpavit,
2564 1438 2616 1481 et
2642 1436 2828 1481 contra
2856 1426 2994 1479 ﬁlios
3014 1425 3345 1479 Cltildeberti
3376 1427 3518 1495 regis
3548 1427 3899 1481 TIlelldCIt“l'-

2305 1533 2413 1575 tum
2444 1532 2497 1573 et
2518 1518 2913 1572 Theodericum
2957 1518 3117 1570 movit
3147 1518 3439 1570 exercitum
3475 1520 3594 1569 loco
3624 1517 3905 1571 nominato

2305 1608 2525 1665 Latofao
2574 1607 2623 1661 ιι.
2682 1608 2867 1662 Castra
2919 1617 3143 1674 uterque
3195 1622 3259 1661 ex
3319 1607 3545 1661 adverso
3605 1623 3902 1675 ponentes.

2304 1701 2650 1757 Clilutliarius
2677 1714 2797 1751 cum
2829 1699 2939 1751 suis
2977 1713 3140 1766 super
3166 1697 3596 1751 Tliendebertum
3646 1710 3704 1751 et
3723 1700 3905 1753 Theu-

2306 1800 2543 1854 derii-utu
2575 1798 2806 1859 irruens,
2834 1809 3022 1850 eorum
3059 1795 3353 1848 exercitum
3391 1792 3632 1864 graviter
3662 1795 3904 1849 trucida-

2305 1893 2403 1945 vit.

2377 2003 2479 2057 AN.
2511 2016 2707 2056 nxcvn.
2732 2031 2799 2041 —
2823 2000 2977 2054 Auno
3005 1998 3039 2051 2
3068 2003 3215 2067 regni
3239 1999 3557 2054 Theoderici
3588 2000 3903 2072 Fredegnn-

2304 2096 2389 2150 dis
2417 2096 2637 2148 moritur
2666 2092 2710 2147 ί.

2377 2209 2476 2262 Au.
2519 2222 2734 2261 nxcvut.
2758 2204 3035 2259 ——XVIII.
3082 2207 3235 2257 Anno
3264 2202 3296 2255 5
3328 2205 3472 2275 regni
3504 2204 3899 2271 Theudeiierti,

2305 2300 2576 2356 Wintriol
2616 2299 2746 2362 dux,
2779 2298 3064 2367 inStigatite
3108 2296 3469 2360 Βτιιιιὶοιιίιάιι,
3504 2296 3857 2350 interﬁcitur.

2381 2418 2477 2469 AN.
2522 2429 2703 2468 nxcnx.
2735 2441 2803 2453 -—
2827 2412 2981 2465 Anno
3011 2409 3043 2460 4
3069 2409 3217 2480 regni
3242 2407 3584 2473 Theoderici,
3619 2408 3901 2473 Quolemts

2308 2505 2420 2579 [Αἰ.
2445 2500 2701 2572 Colenus]
2721 2546 2733 2568 ,
2765 2516 2965 2571 genere
3004 2499 3263 2564 Francus,
3292 2500 3542 2568 patricius
3586 2500 3899 2553 ordinatur.

2310 2595 2389 2650 Eo
2427 2609 2569 2648 anno
2608 2592 2789 2647 clades
2829 2590 3159 2661 glaudolaria
3192 2588 3212 2624 ιε
3248 2588 3530 2643 Massiliam
3559 2598 3613 2641 et
3651 2589 3899 2658 reliquas

2310 2687 2603 2742 Provinciae
2639 2684 2886 2738 civitates
2922 2683 3154 2750 graviter
3190 2681 3438 2735 vastavit.
3473 2681 3547 2734 Eo
3574 2695 3718 2733 anno
3764 2695 3898 2742 aqua

2306 2776 2631 2831 calidissima
2682 2774 2732 2827 in
2784 2773 2898 2826 lacu
2942 2770 3198 2837 Dunensi,
3240 2786 3396 2838 quem
3441 2766 3647 2822 Arulal
3696 2769 3897 2825 ﬂumen

2309 2867 2498 2930 influit,
2534 2867 2610 2920 sic
2644 2864 2816 2918 valide
2855 2862 3125 2927 ebullivit,
3156 2872 3213 2915 ut
3240 2861 3635 2916 multitudinem
3670 2862 3898 2931 piscium

2308 2960 2565 3013 COXISSCI.
2631 2957 2708 3010 Eo
2771 2971 2910 3009 anno
2951 2953 3363 3007 Warnacliarius
3402 2962 3440 2988 ιη
3491 2954 3667 3020 tnajor
3711 2955 3899 3006 domos

2308 3049 2628 3106 Theoderici
2660 3048 2871 3112 transit,
2915 3045 3003 3112 qui
3047 3059 3259 3098 onmem
3306 3044 3612 3097 facultatem
3647 3058 3802 3099 suam
3847 3045 3897 3098 in

2232 3136 2277 3196 C
2310 3139 2576 3209 alimoniis
2608 3152 2894 3206 pauperum
2923 3134 3213 3189 distribuit.

2382 3253 2526 3310 XIX.
2569 3253 2646 3307 Eo
2685 3266 2826 3305 anno
2857 3248 3219 3303 Brunicliildis
3269 3248 3334 3301 ab
3382 3248 3679 3301 Austrasiis
3731 3247 3899 3314 ejecta

2311 3358 2413 3413 est,
2454 3356 2507 3400 et
2552 3350 2602 3399 in
2632 3343 2939 3399 Arciacensi
2982 3340 3271 3409 Campania
3299 3349 3325 3375 η
3356 3355 3382 3391 a
3412 3338 3646 3408 quodam
3686 3340 3898 3393 homine

2310 3454 2542 3507 paupere
2583 3437 2789 3506 singula
2837 3435 3119 3503 reperitur.
3168 3431 3475 3488 Secundum
3522 3438 3643 3500 ejus
3678 3432 3901 3501 petitio-

2307 3700 2517 3761 dainos,
2564 3712 2773 3751 veneno
2802 3695 3099 3751 exstinctos
3147 3702 3251 3753 est.
3284 3691 3424 3761 quod
3474 3691 3640 3746 silent
3692 3701 3897 3746 veteres

2308 3779 2574 3823 auctores.

2384 3850 2408 3887 ι
2437 3839 2486 3892 Id
2524 3848 2625 3902 est,
2655 3852 2747 3904 per
2786 3836 3156 3904 irroptionem,
3187 3832 3383 3887 bellum
3418 3832 3706 3904 inferendo
3752 3843 3898 3886 ante-

2310 3926 2467 3979 quam
2500 3902 2685 3962 fuisse‘t
2729 3907 3018 3967 indictum,
3050 3915 3107 3958 ut
3136 3903 3312 3957 facere
3345 3904 3521 3956 solent
3550 3902 3793 3957 barbari.

2380 3978 2407 4016 ιι
2440 3978 2589 4033 llunc
2636 3978 2808 4030 locum
2861 3980 2914 4029 in
2955 3976 3251 4030 Senonensi
3300 3974 3516 4027 diteces't
3570 3975 3737 4028 situm
3780 3985 3897 4027 esse

2491 3995 2589 4031 IIIIC
2637 3988 2808 4030 IOCIIIII
2861 3993 2914 4029 ιιι
2955 3988 3251 4030 δειιοιιεηδι
3300 3988 3516 4027 αιωεεει
3570 3988 3737 4028 διιιιιιι
3780 3988 3839 4027 es

2311 4052 2524 4119 quidam
2556 4046 2878 4119 existimant.

2390 4118 2404 4156 ί
2439 4121 2653 4186 Sepulta
2690 4126 2776 4170 est
2817 4118 2965 4183 juxta
3000 4114 3171 4169 virum
3204 4128 3357 4169 suum
3391 4116 3442 4170 in
3474 4116 3696 4169 basilica
3729 4113 3893 4186 sancti

2310 4183 2573 4243 Vincentii
2619 4202 2710 4241 seu
2756 4188 2922 4239 sancti
2953 4186 3202 4240 Germani
3243 4202 3269 4237 a
3304 4186 3490 4249 Pratis,
3527 4187 3615 4238 ubi
3668 4183 3890 4248 sepulcri

2310 4260 2425 4328 ejus
2458 4260 2587 4328 lapis
2631 4259 2939 4310 etiamnunc
2966 4256 3176 4328 visitur,
3204 4272 3308 4321 quo
3349 4256 3577 4310 fortasse
3625 4272 3695 4309 an
3726 4255 3891 4320 iquios

2311 4326 2519 4397 regnm'
2544 4337 2845 4381 no-trorunt
2893 4326 3178 4393 sepultum:
3225 4334 3656 4389 monumentum,
3694 4340 3761 4378 ex
3790 4339 3889 4397 quo

2311 4393 2596 4452 Christiani
2650 4397 2772 4450 facti
2817 4406 2959 4459 sunt,
2996 4410 3251 4462 nusquam
3284 4406 3475 4450 exstat.
3532 4397 3664 4464 Ejus
3715 4393 3887 4445 Iaudes

2311 4470 2456 4524 canit
2486 4468 2803 4521 Fortunatus-
2833 4466 2926 4521 lib.
2958 4481 3010 4519 ιι
3058 4480 3227 4519 carm.
3264 4465 3288 4519 ί
3318 4475 3372 4521 et
3400 4481 3572 4536 seqq.,
3601 4479 3765 4536 quam
3792 4477 3886 4515 cr.-

2313 4542 2408 4594 teri
2434 4547 2678 4592 aui-tores
2704 4546 3070 4590 exsecrantur.

2385 4613 2399 4660 ι
2442 4609 2533 4663 Sic
2569 4608 2712 4663 Clar.
2756 4616 2811 4661 et
2843 4606 3004 4665 Ches.
3048 4606 3146 4671 aI.;
3186 4605 3387 4671 (πίει-ἰ,
3420 4605 3684 4673 Quintrio,
3718 4611 3773 4656 ut
3800 4617 3884 4657 su-

2311 4695 2620 4809 ωἶέυιυ..
2670 4744 3066 4809 Graudoraria;
3125 4744 3327 4814 aliquot
3373 4745 3545 4813 editi,
3596 4742 3878 4815 grandinis.

2310 4818 2472 4888 Clitis:
2505 4818 2575 4871 al.
2610 4818 2835 4888 glandis,
2858 4815 2937 4869 vel
2958 4816 3203 4888 inguinis.

2387 4887 2405 4926 λ
2430 4880 2630 4943 ϐὴεειιῖ
2660 4895 2714 4939 et
2738 4886 2920 4947 Freh.,
2945 4880 3122 4947 Arela.
3154 4885 3309 4954 vulgo
3330 4885 3538 4955 I‘Aigre,
3560 4885 3726 4949 paulo
3752 4880 3878 4955 infra

2315 4959 2525 5013 Donum
2558 4955 3002 5023 (Chanaan-Dim)
3036 4955 3146 5009 fere
3173 4949 3330 5008 simul
3359 4949 3479 5009 eum
3510 4956 3625 5008 lacn
3662 4949 3883 5023 Doriensi

2310 5029 2361 5082 in
2396 5018 2595 5083 Ledum
2653 5027 2721 5095 (le
2744 5026 2887 5093 Loir)
2916 5018 3109 5077 inllu't.
3162 5024 3313 5080 llonc
3362 5037 3539 5079 tamen
3583 5018 3880 5091 Fredegarii

2312 5100 2481 5151 locum
2528 5098 2595 5150 de
2626 5096 2775 5150 Duno
2803 5095 3092 5148 Carnutum
3136 5095 3353 5163 intelligi
3396 5111 3501 5148 non
3550 5108 3709 5161 posse
3759 5104 3879 5163 cott-

2313 5168 2482 5222 tettdit
2522 5166 2765 5220 Valesius
2794 5180 2914 5219 enm
2943 5164 3158 5218 Lalibeo
3195 5176 3249 5219 et
3275 5158 3484 5219 caeteris
3514 5158 3602 5232 qui
3636 5164 3720 5216 hic
3745 5158 3881 5232 desi-

2309 5238 2459 5301 gnari
2510 5246 2694 5304 putant
2741 5236 2912 5288 lacum
2942 5234 3033 5301 qui
3062 5244 3235 5287 exstat
3263 5250 3427 5303 prope
3457 5231 3691 5287 castrum
3724 5231 3879 5304 Elite-

2310 5296 2550 5361 dunens'e
2574 5304 2865 5374 (luet-dun),
2893 5313 2943 5357 et
2961 5296 3127 5374 hodie
3149 5296 3568 5374 Elirodoitensis,
3600 5318 3694 5357 seu
3717 5316 3756 5374 _a_
3778 5296 3877 5351 No-

2313 5369 2600 5429 vo~Castro
2628 5376 2987 5429 Helvetiorum
3024 5371 3353 5443 lNeufc/zdtd
3395 5390 3457 5427 en
3488 5374 3691 5439 Suisse)
3717 5369 3876 5443 ξοην

2314 5448 2593 5515 burgensis
2624 5447 2833 5505 dicitur,
2885 5444 2975 5513 qni
3007 5437 3353 5497 lacus'siuiul
3402 5458 3523 5497 cum
3555 5437 3697 5498 Ilrba
3726 5437 3878 5492 ﬂuvio

2313 5533 2434 5571 sese
2461 5518 2511 5569 in
2543 5518 2753 5568 Arolam
2788 5516 2941 5581 (l‘Ar)
2968 5523 3242 5568 exonerat.

2384 5597 2423 5623 ιη
2456 5585 2577 5651 Alii,
2608 5584 2995 5644 I‘Varneharins,
3019 5594 3103 5635 aut
3137 5584 3530 5642 Warncltan'tts.

2384 5666 2408 5693 ³
2442 5658 2532 5711 Sic
2568 5656 2707 5708 dicta
2742 5656 2809 5708 ab
2843 5654 3063 5707 At'claco
3093 5657 3387 5721 oppido-ad
3426 5660 3616 5712 Albam
3646 5653 3872 5711 ﬂuvium.

2310 5727 2379 5784 de
2423 5742 2530 5794 quo
2579 5726 2634 5780 in
2674 5724 2937 5794 Epitome.
2990 5722 3137 5777 Ilanc
3180 5728 3546 5784 narrationem
3590 5725 3874 5783 fabulosam
