4020 6194
157 283 245 337 Gl't'
1560 282 1979 339 CIIRONICUM.

3306 295 3408 348 618

159 416 268 454 nem
302 398 464 467 ipsam
516 395 581 448 ad
615 394 1003 453 Theodericum
1047 394 1310 463 perducit.
1363 396 1726 452 Theodericus
1755 399 1809 459 Α
1831 396 1963 450 doro
1993 410 2114 449 cum
2145 405 2328 450 saneto
2358 396 2490 452 Urso
2515 408 2538 444 ε
2568 412 2756 469 passos
2781 399 2974 467 fuerat,
3005 418 3032 455 a
3062 407 3216 461 beato
3242 405 3380 463 1Eco

157 492 316 543 aviam
361 502 507 549 suam
552 486 951 545 Brunichildem
1002 487 1233 542 libenter
1279 490 1566 559 recipiens,
1608 492 1729 561 glo-

159 582 287 636 riose
310 577 469 649 603
500 585 748 641 honorat.
780 576 949 645 Hujus
984 577 1352 635 vicissitudine
1396 583 1568 636 meriti
1617 585 1729 649 epi-

158 683 423 742 seopatum
478 669 1023 736 Antissiodorensem,
1079 670 1306 727 faciente
1355 672 1725 738 Brunicbilde,

160 764 449 830 a~sumpsit.

222 856 315 907 Att.
359 868 533 907 nc.—
560 849 682 905 XX.
714 853 871 909 Anno
910 849 942 903 5
969 851 1116 921 regni
1151 850 1495 916 Theoderici,
1538 854 1728 909 iterum

158 942 295 1013 signa
337 957 453 1010 quae
497 956 641 995 anno
686 930 961 1007 superiore
1000 942 1109 994 visa
1143 940 1371 1007 fuerant,
1405 942 1547 1011 globi
1590 943 1728 1012 ignei

159 1048 243 1101 per
275 1034 471 1086 caelum
512 1040 815 1095 currentes,
845 1038 899 1089 et
942 1031 1007 1084 ad
1041 1032 1209 1085 instar
1255 1033 1606 1088 multitudinis
1638 1035 1730 1086 ba-

158 1131 347 1177 starum
387 1123 658 1190 ignearum
688 1122 754 1175 ad
784 1122 1115 1177 occidentem
1165 1134 1546 1192 apparuerunt.
1579 1125 1728 1194 Ipso-

156 1226 251 1279 que
289 1226 431 1265 anno
452 1210 862 1267 Theudebertos
890 1220 945 1265 et
969 1211 1336 1267 Theodericus
1366 1228 1518 1280 reges
1543 1224 1729 1268 contra

157 1300 511 1355 Chlotbarium
545 1314 726 1371 regem
757 1309 974 1355 movent
1013 1302 1331 1367 exercitum,
1370 1312 1425 1357 et
1452 1317 1612 1372 super
1635 1302 1730 1357 fiu-

158 1392 287 1445 vium
333 1394 641 1447 Aroannam
688 1400 738 1456 ⁸,
789 1406 887 1447 nec
939 1393 1123 1461 procul
1171 1409 1201 1448 a
1244 1395 1544 1449 Doromello
1589 1394 1727 1459 vico,

158 1483 385 1548 praelium
447 1483 796 1553 confiigentes
841 1484 1156 1551 junxerunt.
1221 1485 1400 1553 Ibique
1461 1486 1731 1542 exercitus

158 1574 444 1629 Chlotharii
494 1575 809 1644 gravissime
853 1576 1146 1633 trucidatus
1186 1586 1288 1632 est.
1334 1578 1558 1647 Ipsoque
1608 1594 1726 1633 cum

158 1666 231 1719 bis
258 1667 345 1737 qui
378 1678 757 1723 remanserunt
788 1669 838 1723 in
871 1668 1045 1740 fugam
1088 1684 1265 1735 verso,
1310 1688 1473 1741 pagos
1513 1684 1567 1728 et
1606 1675 1731 1730 civi-

1834 486 1924 539 nio
1959 483 2206 553 pontifice
2235 484 2642 542 Mauriennense
2672 487 2701 525 ιι
2731 490 3016 547 invenitur.
3048 495 3283 560 Quadam
3313 515 3410 554 no-

1829 583 1914 629 cte
1942 575 1994 628 in
2024 589 2117 628 sua
2149 574 2362 631 civitate
2393 577 2441 631 ei
2474 578 2739 634 revelatur
2763 596 2857 650 per
2886 586 3173 651 somnium,
3208 599 3263 643 ut
3287 604 3409 644 snr-

1822 678 1961 734 gens
1992 665 2234 733 protinus
2284 666 2387 721 iret
2414 668 2479 723 ad
2512 669 2817 737 ecclesiam,
2870 691 3026 743 quam
3059 679 3347 737 Sedeleuba
3385 684 3405 724 ι

1834 757 2018 826 regina
2049 758 2100 811 in
2131 759 2438 814 suburbano
2465 760 2762 818 Genavensi
2790 778 3179 836 construxerat,
3213 773 3263 825 in
3297 790 3408 828 me-

1830 849 1919 903 dio
1960 852 2203 905 ecclesiae
2227 853 2506 921 designato
2536 855 2669 919 loco,
2705 857 2792 910 ubi
2823 869 3063 914 sanctum
3094 878 3286 930 corpus
3318 868 3409 920 ad—

1828 949 1995 994 esset.
2049 942 2289 1012 Cumque
2318 944 2585 999 Genavam
2631 947 2854 1002 festinus
2901 956 3238 1020 perrexisset,
3287 972 3408 1013 cum

1830 1034 1998 1088 beatis
2043 1032 2281 1088 Ru<ticio
2330 1045 2382 1089 et
2425 1036 2653 1091 Patricio
2700 1037 2714 1088 i
2771 1041 3057 1110 episcOpis,
3104 1047 3407 1103 triduanum

1826 1123 2088 1193 jejunium
2119 1125 2395 1190 fac'entes,
2431 1125 2607 1180 lumen
2641 1142 2732 1195 per
2762 1138 2992 1198 noctem,
3025 1135 3110 1186 uhi
3143 1136 3270 1190 illud
3300 1139 3411 1208 glo-

1829 1216 2031 1267 riosum
2080 1223 2134 1267 et
2176 1214 2511 1282 splendidum
2556 1230 2750 1284 corpus
2797 1230 2932 1285 erat,
2976 1230 3241 1293 apparuit,
3272 1234 3412 1298 quod

1828 1318 1950 1357 cum
1980 1304 2192 1356 silentio
2220 1304 2269 1356 hi
2304 1313 2411 1359 tres
2443 1306 2720 1372 pontifices
2768 1323 2888 1363 cum
2919 1312 3167 1381 Iacrytnis
3196 1330 3248 1371 ct
3290 1334 3413 1373 ora—

1828 1390 2063 1446 tionibus
2104 1392 2316 1447 elevato
2347 1393 2522 1463 lapide
2571 1395 2622 1449 in
2649 1411 2771 1451 arca
2816 1413 3063 1468 argentea
3099 1406 3413 1464 invenerunt

1827 1484 2112 1550 sepu'tom,
2144 1481 2298 1551 cujus
2327 1481 2517 1537 faciem
2558 1487 2834 1542 rubentem
2882 1495 3030 1560 quasi
3067 1496 3167 1549 vivi
3200 1514 3415 1566 repere-

1828 1585 1972 1627 runt.
2032 1573 2218 1642 Ibique
2249 1576 2495 1643 princeps
2520 1575 2884 1635 Theodericus
2927 1600 3158 1649 prmsens
3205 1589 3408 1661 aderat,

1832 1664 2122 1734 multisque
2164 1665 2324 1718 rebus
2354 1665 2512 1733 hujus
2556 1669 2798 1724 ecclesiae
2830 1672 3092 1741 tribuens,
3126 1682 3411 1735 maximam

158 1767 279 1814 mes
308 1761 436 1827 τερα,
463 1761 681 1830 δξεοηω
708 1759 757 1824 δ,
788 1762 878 1829 qui
916 1776 975 1817 se
1006 1762 1070 1817 ad
1099 1762 1469 1817 cmolhmmm
1500 1765 1732 1819 "adid..-
1764 1773 1811 1832 Β
1839 1763 2041 1818 partem
2088 1752 2360 1808 facultatis
2390 1752 2761 1811 Warnacharii
2808 1760 3005 1815 ibidem
3056 1766 3413 1823 confirmavit.

158 1860 283 1915 rant,
310 1850 709 1920 depopulantur
734 1862 788 1905 et
818 1859 1043 1906 vastant.
1068 1852 1325 1907 Civitates
1352 1865 1543 1921 ruptas,
1567 1856 1727 1910 nimis

159 1941 364 2007 pluritas
400 1945 733 2011 captivorum
765 1942 832 1998 ab
858 1944 1096 1999 exercitu
1124 1944 1443 2001 Theoderici
1472 1957 1527 2001 et
1552 1947 1729 2003 Theu-

159 2032 350 2089 deberti
375 2034 574 2089 exinde
601 2034 830 2091 ducitur.
863 2034 1205 2093 Chlotharius
1233 2051 1540 2105 oppressus,
1570 2040 1730 2094 veilet

160 2124 329 2188 nollet,
358 2139 452 2191 per
483 2124 747 2193 pactionis
778 2124 1043 2178 vinculum
1088 2124 1340 2191 firmavit,
1373 2136 1428 2180 ut
1478 2128 1618 2182 inter
1645 2128 1729 2182 Si-

158 2227 333 2283 genam
360 2226 411 2268 et
440 2213 686 2285 Ligerem
732 2230 899 2282 usque
945 2229 1091 2269 mare
1142 2216 1411 2273 Oceanum
1442 2226 1497 2273 et
1524 2219 1730 2273 Britan-

162 2317 332 2357 norum
374 2305 599 2371 limitem
633 2320 754 2375 pars
791 2306 1112 2363 Theudorici
1145 2308 1392 2373 haberet;
1432 2319 1487 2365 et
1529 2326 1623 2378 per
1647 2312 1730 2366 Si-

162 2409 331 2461 gonam
354 2407 408 2450 et
436 2398 634 2451 Isaram
663 2399 913 2453 Ducatotn
938 2400 1201 2469 integrum
1228 2402 1489 2457 Deutelini
1518 2414 1539 2442 ο
1566 2419 1731 2474 usque

165 2489 412 2545 Oceanum
462 2503 615 2551 mare
659 2489 1067 2545 Theudebertos
1106 2493 1389 2561 reciperet.
1442 2493 1729 2550 Duodecim

167 2587 345 2632 tantum
374 2580 490 2649 pagi
522 2579 661 2634 inter
689 2579 885 2633 Isaratn
919 2581 1245 2652 etSigonam
1276 2592 1332 2637 et
1359 2599 1507 2639 mare
1537 2585 1731 2641 littoris

168 2669 339 2721 Uceani
372 2668 687 2723 Chlothario
716 2681 1091 2725 remanserunt

228 2762 317 2813 Att.
355 2776 461 2816 DCI.
481 2790 555 2799 —
576 2762 731 2813 Anno
764 2761 795 2815 6
825 2763 969 2832 regni
996 2762 1310 2821 Theoderici
1340 2766 1597 2821 Cautinos
1624 2766 1731 2821 dux

169 2849 507 2907 Theudeberti
544 2852 863 2907 interficitur

228 2944 316 2998 Aa.
355 2960 476 2998 ncu.
507 2972 581 2983 —
610 2942 750 2999 XXI.
794 2947 950 2999 Anno
979 2946 1010 3000 7
1040 2943 1066 2983 ά
1100 2948 1249 3017 regni
1295 2948 1613 3006 Theoderici
1664 2950 1733 3005 de

171 3036 437 3095 concubina
508 3034 653 3089 ﬁlius
720 3036 979 3103 nascitur,
1020 3038 1238 3095 nomine
1296 3038 1621 3108 Sigibertos;
1679 3050 1733 3096 et

1837 1842 1916 1896 Ad
1943 1844 2248 1912 sepulcrum
2300 1844 2432 1900 illud
2472 1854 2713 1901 sanctum
2745 1849 2893 1905 mirae
2921 1855 3142 1910 virtutes
3187 1874 3250 1913 ex
3303 1862 3413 1930 ipsa

1829 1934 1938 1998 die,
1970 1950 2071 2002 qua
2118 1946 2385 2005 repertum
2430 1946 2545 2004 est,
2602 1949 2886 2006 praestante
2913 1944 3160 2013 Domino,
3208 1951 3414 2021 integra

1831 2024 2143 2078 assiduitate
2171 2025 2543 2080 ostenduntur.
2572 2027 2647 2081 Eo
2674 2042 2815 2083 anno
2831 2029 3108 2089 Etherius
3131 2040 3414 2107 episcopus

1835 2116 2207 2185 Lugdunensis
2233 2118 2367 2173 obiit
2391 2136 2404 2173 :
2428 2119 2708 2175 ordinatur
2736 2123 2855 2178 loco
2880 2122 3048 2193 ipsius
3074 2128 3415 2187 Secundinus

1837 2206 2120 2275 episcopus

1906 2296 2097 2351 XXIII.
2140 2297 2217 2352 Eo
2246 2313 2386 2353 anno
2414 2299 2585 2354 Focas
2610 2298 2637 2338 ι
2667 2301 2771 2356 dux
2801 2314 2853 2357 et
2882 2306 3131 2371 patricius
3163 2309 3413 2377 reipubli-

1833 2403 1929 2453 cte,
1959 2388 2129 2443 victor
2155 2405 2188 2443 a
2216 2390 2396 2446 Persis
2424 2393 2663 2460 rediens,
2696 2394 3005 2451 Mauricium
3040 2401 3411 2467 imperatorem

1833 2478 2121 2546 interfecit,
2155 2491 2205 2536 et
2236 2483 2355 2537 loco
2384 2483 2557 2552 ipsius
2586 2485 2867 2554 imperium
2896 2493 3183 2561 assumpsit

1903 2578 2004 2626 AN.
2056 2588 2201 2627 ncut.
2225 2573 2505 2629 —XXIV.
2541 2578 2694 2629 Anno
2736 2576 2769 2629 8
2811 2582 2955 2649 regni
2986 2582 3300 2639 Theudorth
3349 2587 3415 2641 de

1830 2667 2127 2718 concubina
2161 2670 2395 2720 nascitur
2421 2668 2468 2721 ei
2494 2666 2653 2733 filius,
2689 2671 2903 2725 notnine
2930 2672 3329 2743 Cltildebertus,
3361 2690 3417 2735 et

1833 2758 2073 2827 synodus
2094 2757 2373 2815 Cabillono
2392 2760 2551 2830 605
2583 2762 2868 2831 colligitur.
2903 2765 3231 2822 Desiderinm
3258 2771 3417 2824 νεου-

1835 2862 2057 2903 nensem
2108 2850 2417 2917 episcopum
2458 2850 2737 2919 dejiciunt,
2788 2864 2840 2907 et
2890 2855 3174 2925 instigante
3206 2861 3411 2926 Aridin,

1835 2940 2178 3011 Lugdunensi
2207 2942 2480 3010 episcopo,
2512 2954 2565 2996 et
2595 2943 2956 3013 Brunicltilde,
2985 2948 3302 3019 subrogatus
3332 2963 3416 3008 est

1832 3031 1953 3087 loco
1984 3032 2151 3100 ipsius
2188 3032 2505 3086 sacerdotali
2548 3033 2724 3087 officio
2755 3034 3078 3102 Domnolus;
3114 3039 3415 3095 Desiderius

171 3126 323 3196 Aigila
357 3138 379 3165 θ
412 3129 706 3199 patricius,
752 3129 916 3184 nullis
959 3131 1129 3199 culpis
1176 3132 1529 3195 exstantibus.
1581 3132 1731 3186 insti-
1760 3132 1807 3197 ο
1837 3136 1964 3177 vero
1990 3121 2046 3174 in
2070 3120 2298 3176 insulam
2325 3120 2606 3191 quamdam
2634 3123 2822 3177 exsilio
2846 3126 3154 3181 retruditur.
3182 3129 3256 3182 Eo
3276 3145 3415 3187 anno

172 3231 303 3286 gante
344 3219 714 3285 Brunichilde,
765 3219 958 3289 ligatus
1008 3222 1344 3292 interficitur,
1382 3223 1484 3277 nisi
1527 3232 1731 3279 tantum

173 3309 449 3377 cupiditatis
494 3310 777 3375 instinctu,
809 3318 865 3363 ut
913 3310 1192 3365 facultates
1236 3311 1355 3382 ejus
1386 3312 1544 3367 fiscos
1584 3327 1735 3367 asso~

175 3410 338 3455 meret.
385 3402 457 3457 Eo
486 3415 634 3454 anno
660 3401 1068 3456 Theudebertos
1097 3413 1149 3456 et
1172 3401 1537 3458 Theodericus
1582 3418 1737 3458 excr-

175 3489 311 3544 citum
337 3501 522 3547 contra
547 3491 839 3546 Wascones
864 3491 1119 3561 dirigunt,
1146 3492 1415 3561 ipsosque,
1442 3492 1606 3565 605
1629 3494 1737 3548 Deo

175 3581 469 3649 auxiliante,
514 3581 760 3653 dejeclos
808 3598 920 3638 suae
966 3583 1315 3638 dominationi
1363 3586 1632 3654 redigunt,
1684 3594 1737 3638 ct

178 3671 457 3730 tributarios
499 3674 729 3729 faciunt.
765 3674 961 3730 Ducem
992 3689 1154 3745 super
1183 3679 1346 3746 ipsos,
1394 3678 1608 3732 nomine
1634 3678 1736 3733 Ge-

178 3764 344 3818 nialem
365 3764 409 3832 τ,
441 3766 755 3831 instituunt,
788 3765 877 3832 qui
903 3780 996 3820 eos
1027 3768 1248 3821 feliciter
1276 3767 1587 3820 dominavit.

237 3851 384 3909 XXII.
431 3856 506 3909 Eo
552 3869 695 3909 anno
736 3869 930 3925 corpus
978 3857 1148 3912 sancti
1178 3856 1404 3911 Victoris
1456 3858 1548 3915 oui
1593 3857 1739 3911 Salo-

177 4022 276 4063 esse
296 4011 566 4066 contendit
597 4010 838 4064 Cointius
868 4010 932 4063 ad
964 4026 1051 4063 an.
1081 4008 1205 4071 599,
1234 4010 1372 4079 quod
1404 4009 1737 4063 Antissirdo-

178 4081 321 4133 reusis
337 4085 572 4136 Ecclesia
606 4092 731 4133 tunc
760 4098 861 4132 non
882 4090 1111 4143 vacaret,
1138 4080 1382 4149 quodque
1409 4080 1735 4145 Desidet'ius,

180 4153 251 4212 ιιιιί
284 4152 474 4221 aliquot
509 4167 697 4219 postea
744 4155 897 4204 annis
927 4154 1266 4204 Aunachario
1297 4153 1570 4213 successit,
1606 4166 1737 4219 pau-

181 4232 259 4291 per
302 4238 399 4275 nnn
450 4222 645 4281 fuerit,
702 4236 800 4274 nec
846 4221 961 4291 tglis
990 4224 1075 4291 qui
1126 4222 1209 4272 hic
1261 4221 1596 4283 describitur,
1630 4223 1737 4291 imo

183 4290 512 4346 nobilissimus
538 4293 736 4345 dicitur
770 4292 819 4344 itt
850 4290 986 4344 Hist.
1010 4290 1399 4358 episcoporum
1442 4290 1732 4343 Antissind.

182 4369 277 4424 cap.
301 4362 361 4414 I9
388 4373 439 4415 et
462 4366 555 4427 20,
591 4372 640 4415 et
675 4378 856 4432 regum
888 4372 1190 4432 nostrorum
1225 4363 1559 4427 prapiuquus.
1594 4362 1739 4415 Obiit

184 4440 303 4482 anno
330 4432 449 4496 625,
482 4444 532 4486 et
567 4432 808 4498 sepultus
837 4445 915 4484 t'Sl
962 4433 1014 4483 in
1047 4431 1263 4483 basilica
1292 4434 1457 4483 sancti
1485 4433 1735 4485 Germani

1835 3215 1915 3269 sol
1944 3214 2253 3269 obscuratus
2280 3222 2383 3268 est.
2413 3213 2489 3268 Eo
2519 3228 2729 3283 quoque
2759 3224 3001 3285 tempore
3035 3219 3414 3288 Berthoaldus,

1834 3319 2031 3375 genere
2054 3302 2313 3370 Francos,
2346 3302 2519 3370 major
2558 3304 2748 3358 domus
2789 3306 2965 3372 palatii
3015 3318 3132 3361 erat
3171 3310 3417 3366 Theude-

1835 3394 1968 3460 rici,
2015 3394 2252 3449 moribus
2299 3401 2664 3460 mensuratos,
2714 3397 2956 3465 sapiens,
3007 3407 3062 3453 et
3104 3410 3290 3456 cautus
3360 3404 3415 3458 in

1836 3490 2017 3557 ι)γωίίο
2052 3488 2226 3555 fortis,
2259 3488 2414 3544 fidem
2440 3505 2560 3542 cum
2592 3491 2837 3547 omnibus
2864 3507 3106 3550 servans.

1905 3584 2004 3635 AN.
2035 3597 2176 3637 ncrv.
2199 3611 2269 3621 —-
2296 3585 2449 3637 Anno
2481 3585 2512 3639 9
2541 3584 2688 3653 regni
2721 3583 3039 3639 Theoderici
3092 3588 3327 3643 nascitur
3366 3591 3415 3643 ei

1839 3674 1974 3727 filius
2003 3674 2070 3729 de
2107 3676 2430 3738 concubina,
2464 3668 2932 3731 nomineCorbus.
2964 3676 3097 3731 Cum
3131 3680 3241 3747 jam
3287 3681 3416 3735 Pro-

1841 3765 2013 3818 tadios
2055 3780 2252 3833 genere
2302 3767 2571 3821 Romanus
2599 3768 2942 3823 vehementer
2966 3770 3034 3823 ab
3072 3772 3317 3826 omnibus
3362 3775 3414 3828 in

1840 3857 2029 3925 palatio
2058 3865 2424 3921 veneraretur,
2449 3868 2502 3912 et
2532 3858 2885 3914 Brunicbildis
2912 3862 3079 3928 stupri
3105 3863 3267 3932 gratia
3292 3880 3411 3918 eum

1840 4008 2015 4083 minus
2042 4008 2331 4083 at_llan_num
2359 4006 2412 4061 9.
2445 4009 2607 4063 Iidem
2637 4024 2756 4062 cum
2790 4008 2920 4064 Bob.
2953 4010 3115 4065 tilium
3149 4012 3289 4068 hunc
3320 4029 3416 4083 ap-

1839 4079 2040 4148 pellant
2070 4078 2423 4146 Sigobertum.

1914 4156 1938 4223 f
1977 4147 2126 4223 golb.
2160 4148 2581 4223 cumhplerisque
2612 4148 2791 4223 editis,
2820 4151 2989 4223 Agilo.

1916 4215 1934 4255 τ
1978 4218 2153 4281 Colb.,
2184 4215 2751 4288 Gelionemfplerique
2778 4215 2889 4286 "edi,
2923 4220 3200 4276 Gentialem

1911 4299 1935 4337 ε
1978 4289 2111 4343 Bolt.
2142 4298 2195 4343 et
2221 4289 2421 4359 aliquot
2458 4291 2565 4355 cd.,
2594 4289 2828 4345 Ursione.
2865 4293 2927 4347 Hi
2959 4302 3194 4346 erantex
3228 4307 3415 4360 perce-

1841 4359 1971 4431 Iebri
2007 4360 2356 4431 Thebmorotn
2392 4361 2641 4431 legimie,
2673 4376 2789 4429 qua)
2819 4363 2868 4415 in
2902 4364 3015 4416 istis
3049 4359 3287 4426 partibus
3316 4368 3417 4418 sub

1845 4430 2158 4500 Maximiano
2192 4430 2438 4484 llercuiin
2460 4430 2781 4500 ’tnartyriutn
2812 4433 3228 4485 cothotnmavit.
3284 4434 3417 4489 Vide

184 4511 285 4572 gum
326 4505 433 4559 suis
461 4503 904 4572 praccssoribos.
951 4501 1157 4555 Colitur
1186 4502 1258 4554 uti
1290 4510 1505 4555 sanctos
1533 4517 1585 4553 vr
1615 4500 1731 4554 Kal.
1764 4498 1819 4558 D
1844 4502 1972 4554 Arta
2011 4499 2304 4572 martyrum
2339 4504 2542 4553 sincera
2565 4545 2590 4572 ,γ
2611 4498 2624 4500 “
2649 4515 2764 4571 pag.
2798 4502 2923 4569 9.93,
2975 4510 3029 4553 ct
3052 4504 3295 4566 Sorium,
3349 4506 3416 4558 ad

185 4564 469 4626 Novembris

243 4647 265 4675 ⁸
284 4639 375 4694 Vix
401 4642 585 4697 incolis
614 4653 792 4703 nctus,
815 4642 970 4710 vulgo
991 4641 1207 4694 Uuaine.
1235 4642 1446 4695 Lustrat
1467 4640 1735 4707 Senonum

186 4706 314 4772 lines,
334 4724 391 4781 iet
420 4714 468 4765 in
501 4713 704 4777 Lupatn
740 4713 808 4779 (te
823 4706 972 4780 Laio)
1005 4712 1336 4781 immergitur
1367 4726 1528 4777 prope
1554 4713 1739 4765 Morit-

189 4784 300 4831 tutn.
330 4780 711 4841 Doromellnm,
746 4785 902 4850 volgo
929 4781 1223 4846 Dormeille,
1255 4781 1566 4850 appellatur.
1600 4787 1736 4836 Aro-

188 4859 353 4921 a_nnatn
403 4862 577 4905 tamen
606 4851 849 4921 Cointius
880 4867 945 4904 ex
978 4850 1247 4905 Faucheto
1285 4853 1360 4903 ait
1405 4852 1533 4903 oriri
1574 4868 1738 4921 prope

188 4914 379 4989 [ΓΙ-φης,
412 4938 471 4974 ac
501 4936 669 4989 prope
696 4920 965 4975 Senonum
1001 4926 1181 4974 urbem
1226 4923 1278 4974 in
1308 4924 1550 4974 lcaunam
1574 4914 1731 4975 'labi.

190 4983 236 5035 In
255 4983 579 5044 Testamento
606 4983 774 5044 sancti
804 4991 1181 5044 Bertichratnni
1211 4997 1373 5055 episc.
1402 4990 1733 5046 Cenomann.

194 5068 487 5131 memoratur
518 5064 719 5113 Aroena
758 5061 1019 5128 ﬂoviolus,
1069 5062 1119 5115 in
1147 5061 1298 5131 cujus
1328 5061 1439 5129 ripa
1471 5065 1626 5115 situm
1653 5069 1738 5115 est

192 5126 405 5189 oppidum
430 5129 704 5183 Diablintis
732 5126 869 5195 apud
901 5126 1294 5185 Cenomanttns.

196 5195 275 5274 ,ηδ
300 5198 391 5252 Ch.
422 5203 515 5263 aL,
547 5201 831 5274 Sequanae;
870 5217 1029 5274 quam
1055 5202 1298 5271 Sigonam
1337 5215 1430 5256 seu
1461 5200 1735 5274 Segonam,

195 5261 270 5314 ille
294 5278 465 5338 auctor
492 5261 547 5323 ut
573 5261 854 5338 plurimum
883 5261 1129 5336 appellat:

257 5343 276 5371 ι
304 5336 451 5396 Infra.
501 5336 617 5404 cap.
648 5341 736 5393 57.
787 5340 946 5393 Freh.
998 5352 1051 5394 et
1080 5341 1180 5395 Ch.
1223 5341 1319 5405 a|.,
1351 5340 1637 5403 Dcnzefim',
1687 5348 1741 5392 ct

198 5406 402 5479 capiti,
444 5408 729 5464 Danziieni.
783 5412 1244 5475 Complectebatur
1294 5413 1584 5479 regionem,
1619 5425 1738 5469 uua:

195 5483 320 5550 [aget
363 5479 412 5530 in
437 5494 495 5550 er
521 5480 839 5550 Sequanam,
884 5480 1103 5543 Isaram,
1155 5495 1248 5533 seu
1300 5481 1528 5542 Oesiatn,
1587 5479 1744 5547 vulgo

201 5540 359 5618 t‘Oise,
405 5540 725 5615 etLigci-un.
759 5540 907 5603 Unde
933 5565 1061 5604 vero
1087 5540 1226 5605 istud
1252 5567 1442 5607 nOmen
1476 5540 1741 5618 habuerit,

201 5609 409 5678 ignotum
432 5609 563 5669 11111ιῖ
575 5629 674 5673 est.

262 5679 282 5717 J
310 5684 430 5741 (Iotl.
462 5688 611 5741 Colb.
638 5698 693 5743 ct
722 5687 909 5753 Freh.,
940 5690 1088 5744 Anno
1113 5691 1181 5748 vi.
1213 5700 1265 5747 et
1296 5692 1369 5748 sic
1400 5706 1504 5747 uno
1532 5703 1747 5758 semper

476 5799 745 5864 Ρηιιοι.
793 5803 901 5864 LX
916 5803 963 5861 Χ
977 5802 1024 5862 I.

1839 4573 1978 4624 diem
2010 4569 2078 4621 50
2108 4569 2380 4643 Septemb.
2432 4569 2754 4643 Solodurntjt
2804 4575 2949 4634 urbs,
2983 4572 3141 4643 vulgo
3177 4573 3414 4642 Soleure,

1839 4650 1997 4708 caput
2041 4648 2125 4693 est
2174 4641 2289 4709 pagi
2341 4642 2673 4711 cognominis
2714 4641 3094 4697 Helvetiorum
3129 4641 3420 4699 catholico-

1843 4726 1982 4764 runt.

1913 4778 1939 4815 ιι
1967 4779 2140 4833 Mallet
2188 4780 2429 4834 Vale-sius
2472 4781 2647 4849 legere
2686 4779 2903 4837 /Eom‘o.
2956 4779 3074 4850 Ipse
3122 4799 3251 4837 vero
3297 4798 3419 4837 sese

1844 4848 2123 4921 Biennium
2149 4852 2381 4921 appellat
2411 4856 2462 4903 in
2489 4848 2642 4904 conc.
2676 4853 2877 4907 Matisc.
2910 4868 2924 4906 ι
2953 4848 3006 4906 et
3031 4868 3090 4917 ll,
3119 4854 3312 4921 quibus
3340 4854 3422 4906 itt-

1844 4918 2042 4991 terfuit.
2077 4921 2285 4991 Primus
2315 4920 2408 4972 fuit
2438 4921 2594 4987 hujus
2626 4922 2769 4975 sedis
2794 4923 3093 4991 episcopus.

1924 4990 1937 5025 ί
1966 4989 2088 5042 Ilaec
2113 4988 2207 5041 fuit
2234 5006 2387 5042 snrur
2406 4992 2687 5044 Citlotildts
2711 4988 2888 5045 uxoris
2907 4992 3197 5046 Chlodovei
3220 4990 3416 5059 Magni.

1846 5060 1977 5113 Vide
2005 5060 2228 5127 Gregor.
2260 5060 2392 5113 Ilisl.
2426 5062 2515 5113 lib.
2542 5076 2577 5112 Il
2606 5076 2720 5127 cap.
2743 5060 2834 5116 28.

1918 5134 1932 5178 i
1974 5131 2098 5191 Alli,
2149 5128 2356 5181 Rustico
2386 5138 2431 5182 et
2468 5131 2707 5192 Patrico;
2739 5132 2928 5185 melius
2960 5129 3096 5183 forte
3121 5130 3339 5184 Rustico
3369 5142 3424 5186 et

1850 5199 2092 5271 Patricio.
2128 5199 2409 5271 Utriusque
2438 5201 2632 5253 nodum
2664 5215 2854 5253 nomen
2888 5202 3144 5271 exstatfin
3175 5204 3419 5271 catalogo

1847 5272 2014 5336 episc.
2044 5269 2463 5332 Genavensiutn;
2518 5273 2774 5320 alteruter
2806 5280 2979 5322 tamen
3013 5269 3175 5327 fuisse
3205 5269 3418 5326 videtur

1847 5340 2126 5409 episcopus
2154 5340 2535 5409 Octodurensis
2566 5353 2657 5409 seu
2685 5337 3034 5409 Sednnensis.
3250 5380 3253 5381 ν

1920 5408 1947 5446 ¹ι
1981 5411 2089 5462 Ilnc
2118 5411 2229 5474 ipso
2259 5423 2396 5460 anno
2420 5408 2609 5461 Phoco:
2646 5408 2847 5474 impetit
2882 5408 3085 5461 initium
3118 5409 3338 5464 habetur
3363 5411 3417 5466 itt

1850 5480 2206 5533 instrumento
2235 5479 2465 5546 publico,
2513 5478 2652 5545 quod
2687 5478 2865 5530 Rome
2894 5493 2922 5529 a
2950 5486 3135 5532 sancto
3162 5477 3420 5549 Gregorio

1852 5550 2238 5617 promulgatum
2282 5558 2391 5612 e.t;
2443 5550 2580 5600 unde
2609 5548 2846 5601 Iirtnatur
2892 5549 3232 5616 chronologta
3262 5548 3420 5618 quam

1852 5620 1938 5673 hic
1966 5626 2258 5685 setluitlttli'.
2284 5619 2465 5672 ExStat
2491 5618 2641 5673 initio
2670 5620 2789 5675 11ὺεί
2818 5633 2873 5673 xt
2902 5619 3247 5688 epistularum
3281 5619 3423 5689 ejus-

1852 5690 1972 5744 dem
2005 5690 2286 5743 pontificis.

2956 5807 3032 5864 :30
