4020 6194
575 282 681 335 «619

1780 274 2201 331 FREDEGARII
2237 274 2677 331 SCIIOLASTICI

3762 281 3878 331 δῖε)

579 396 735 448 vellet
790 392 1076 447 honoribus
1116 391 1369 445 exaltare
1395 410 1410 456 -,
1471 390 1722 444 defuncto
1781 388 2163 444 Wandalmaro
2190 392 2241 449 Α
2274 407 2395 457 pars
2419 395 2686 447 exercitus
2711 391 3025 447 Theudorici
3054 394 3377 459 transierat,
3409 394 3597 447 initum
3623 403 3707 448 est
3739 410 3875 461 pra-

576 486 731 547 doce,
766 485 816 537 in
866 498 999 553 pago
1045 482 1427 539 UItra-Jurano
1458 492 1510 535 et
1558 482 1932 551 Scotingorum
1965 491 1988 517 ⁸
2025 481 2155 533 Pro-

579 576 749 629 tadius
782 576 1031 641 patricius
1059 573 1340 628 ordinatur
1383 572 1724 642 instigatione
1778 570 2153 624 Brunichildis.

529 710 532 713 λ
578 666 645 721 Ut
676 665 997 721 Bertoaldus
1026 665 1197 734 potius
1242 663 1519 727 interiret,
1551 676 1673 716 eum
1714 663 1767 715 in
1814 663 1984 729 ripam
2020 663 2163 728 Sigo-

577 774 698 812 nam
732 772 897 825 usque
928 756 1194 810 Oceanum
1226 768 1374 808 mare
1403 768 1495 822 per
1526 767 1689 822 pagos
1717 763 1770 807 et
1798 751 2040 806 civitates
2072 752 2162 805 lis-

577 865 699 902 cum
728 846 1098 915 inquirendum
1120 844 1370 913 dirigunt.

654 942 816 996 XXV.
853 939 1159 995 Bertoaldus
1187 953 1216 991 a
1247 937 1587 991 Theoderico
1616 936 1748 1008 [Αι.,
1770 934 1839 989 ad
1866 932 2164 987 Theoderi-

579 1031 723 1102 cum]
752 1033 1006 1097 directus,
1034 1044 1153 1083 cum
1188 1029 1440 1083 trecentis
1487 1037 1689 1081 tantum
1725 1027 1848 1079 viris
1897 1025 2000 1078 illis
2045 1039 2164 1093 par-

582 1124 723 1177 tibus
750 1122 1081 1191 properavit;
1117 1134 1344 1185 cumque
1384 1117 1451 1172 ad
1497 1117 1691 1171 Arelao
1716 1115 1744 1153 b
1778 1116 1953 1169 villam
1987 1115 2164 1169 venis-

580 1226 689 1277 set,
722 1224 776 1269 et
809 1215 1143 1267 venationem
1176 1211 1302 1265 inibi
1333 1221 1646 1275 exerceret,
1679 1209 1793 1261 lucc
1830 1208 2166 1275 comperiens

583 1304 948 1368 Chlotharius,
980 1303 1143 1355 lilium
1173 1316 1325 1355 suum
1358 1300 1657 1354 Mcroveum
1686 1308 1739 1352 et
1767 1296 2113 1350 Landericum
2143 1306 2162 1333 ε

580 1399 838 1463 majorem
870 1395 1059 1449 domos
1103 1408 1225 1447 cum
1272 1391 1509 1446 exercitu
1547 1391 1621 1444 ad.
1664 1388 2000 1442 Bt‘l'ltlilidllm
2045 1403 2165 1456 pre-

586 1487 838 1541 mendum
866 1486 1093 1551 direxit;
1124 1494 1178 1538 et
1206 1485 1488 1537 maximam
1521 1490 1722 1549 partem
1754 1483 1889 1532 inter
1917 1478 2166 1548 Sigonam

583 1589 636 1630 et
670 1578 909 1647 Ligerem
960 1590 1121 1646 pagos
1150 1584 1204 1630 et
1237 1574 1475 1628 civitates
1516 1572 1583 1626 de
1632 1586 1796 1640 regno
1846 1571 2166 1623 Theoderici

578 1670 919 1738 praesumpsit
971 1676 1158 1723 contra
1212 1678 1419 1733 pactum
1473 1665 1786 1733 pervadere.
1849 1662 2164 1714 Bertoaldus

583 1764 698 1817 Iure
745 1762 985 1829 audiens,
1019 1774 1138 1814 cunt
1171 1757 1433 1813 sustinere
1482 1771 1585 1809 non
1620 1755 1927 1823 praevaleret
1950 1794 1965 1817 ,
2020 1764 2164 1819 terga
2201 1764 2246 1822 Β

584 1868 824 1920 vertens,
856 1854 1158 1911 Aurelianis
1200 1851 1512 1921 ingreditur,
1548 1848 1725 1917 ibique
1754 1862 1783 1900 a
1816 1848 1930 1900 viro
1977 1848 2171 1901 beatis-

584 1951 721 2002 simo
753 1946 1003 2001 Austrino
1042 1946 1294 2013 episcopo
1343 1942 1646 2007 suscipitur.
1698 1937 2022 1992 Landericus
2050 1952 2170 1991 cum

583 2040 821 2093 exercito
847 2036 1146 2090 Anreliauis
1175 2032 1515 2087 circumdatis
1538 2029 1762 2084 vocabat
1793 2029 2133 2082 Bertoaldnm
2155 2068 2170 2092 ,

581 2141 641 2183 ut
673 2130 845 2183 exiret
891 2128 954 2180 ad
991 2125 1247 2192 prmlium.
1288 2122 1600 2176 Bertoaldus
1630 2121 1698 2173 de
1750 2134 1902 2173 muro
1949 2133 2169 2185 respon-

582 2222 714 2274 dens
740 2236 752 2271 :
781 2218 947 2288 606
975 2216 1083 2269 Nos
1114 2215 1218 2267 duo
1247 2213 1515 2281 singulare
1554 2221 1824 2265 certamen
1843 2252 1856 2273 ,
1891 2212 1935 2264 si
1968 2227 2053 2263 me
2081 2226 2171 2263 ex-

584 2319 826 2378 spectare
864 2307 1154 2368 deliberas,
1196 2304 1395 2369 reliqua
1439 2302 1775 2355 multitudine
1821 2302 2001 2368 procul
2050 2317 2172 2354 sus-

584 2412 752 2467 pensa
773 2440 785 2460 ,
814 2397 1097 2464 iungamus
1126 2395 1188 2446 ad
1221 2394 1483 2462 prmliuui.
1513 2400 1549 2444 Α
1598 2392 1821 2444 Domino
1848 2391 2169 2459 judicemnr.

585 2489 692 2545 Sed
726 2487 840 2542 hinc
869 2486 1193 2542 Landeiicus
1224 2484 1399 2538 facere
1428 2482 1650 2535 distulit.
1687 2482 1900 2536 Addens
1931 2482 2172 2535 Bertoal-

581 2579 686 2635 dus
714 2578 857 2633 dixit
882 2596 893 2630 :
922 2576 1053 2630 Dum
1083 2576 1258 2628 facere
1286 2588 1389 2626 non
1420 2572 1604 2637 audes,
1637 2572 1882 2640 proximo
1910 2581 2171 2636 tempore,

582 2671 786 2725 domini
831 2667 994 2722 nostri
1037 2680 1130 2733 pro
1177 2664 1241 2719 iis
1280 2680 1399 2733 qua:
1441 2662 1611 2716 facitis
1647 2662 1875 2732 jungent
1921 2663 1993 2715 ad-
2040 2679 2173 2729 pra:-

584 2765 737 2821 Iium.
775 2763 1058 2818 Induamur
1106 2768 1345 2829 uterque.
1379 2772 1480 2826 ego
1508 2765 1562 2810 et
1592 2765 1678 2823 tu,
1711 2757 1948 2810 vestibus
1981 2758 2176 2809 vermi-

586 2858 685 2910 cIis
708 2852 757 2920 δ,
789 2854 1153 2921 pnecedatuus
1184 2863 1409 2905 carteros
1440 2849 1527 2903 ubi
1559 2863 1875 2916 congressus
1921 2850 2027 2901 erit
2057 2865 2171 2901 ter-

587 2948 835 3013 taminis;
865 2947 1065 3016 ibique,
1087 2954 1139 2999 et
1166 2959 1279 2997 mea
1307 2953 1362 2996 et
1387 2950 1472 2995 tua
1504 2940 1778 3009 apparebit
1808 2940 2030 3005 utilitas,
2062 2957 2176 3010 pro-

587 3045 860 3096 mittentes
889 3047 1015 3093 ante
1046 3037 1210 3091 Deum
1242 3035 1309 3089 ab
1340 3035 1563 3089 invicem
1614 3032 1983 3103 promissionis
2014 3035 2171 3102 hujus

590 3136 885 3187 veritateui—
901 3130 1210 3184 subsistere.

661 3222 848 3276 XXVI.
879 3219 1117 3286 Cumque
1144 3217 1322 3271 hocin
1354 3215 1437 3269 die
1467 3216 1584 3270 festi
1615 3218 1787 3271 sancti
1828 3217 2031 3271 Martini
2072 3233 2169 3270 au-

591 3314 772 3367 tistitis
818 3321 993 3363 actum
1035 3307 1248 3372 fuisset,
1290 3306 1760 3373 'IIteudericusque
1794 3311 1906 3360 haec
1950 3323 2168 3375 compe-

590 3406 779 3467 risset,
811 3401 948 3471 quod
980 3416 1008 3454 a
1040 3400 1347 3455 Chlothario
1380 3414 1497 3465 pars
1548 3400 1694 3466 regni
1718 3396 1800 3450 sui
1824 3407 2012 3451 contra
2046 3414 2171 3464 puc-

593 3505 702 3548 tuni
733 3491 907 3546 fuerat
937 3506 1176 3559 pervasa,
1210 3491 1485 3544 nativitate
1531 3490 1736 3542 Domini
1780 3490 2013 3557 protinu-
2049 3506 2169 3544 cum

593 3588 828 3643 exercitu
857 3586 1104 3653 Stampas
1137 3592 1159 3621 ε
1191 3598 1282 3651 per
1314 3583 1529 3636 ﬂuvium
1562 3584 1670 3637 Loa
1698 3584 1964 3651 pervenit,
1996 3583 2174 3651 ibique

592 3683 801 3737 obviam
831 3680 1106 3734 Meroveus
1138 3678 1277 3731 ﬁlius
1308 3676 1600 3731 Chlotharii
1636 3677 1795 3745 regis,
1827 3692 1945 3731 cum
1979 3676 2175 3731 Laude-

595 3774 704 3829 rico
744 3781 797 3828 et
827 3786 1017 3839 magno
1045 3769 1281 3824 exercitu
1316 3767 1479 3822 tenit.
1508 3765 1639 3822 Cum
1669 3778 1811 3821 esset
1839 3777 2017 3822 arctos
2058 3783 2174 3833 per-

593 3866 759 3921 vius'
797 3866 903 3932 ille,
937 3866 1025 3920 ubi
1076 3864 1183 3918 Loa
1240 3864 1431 3917 ﬂuvius
1482 3872 1857 3927 transmeatur,
1888 3862 1973 3915 vix
2021 3865 2173 3915 tertia

669 4052 695 4078 ⁸
727 4042 1086 4109 Scotingorum
1116 4054 1209 4091 seu
1246 4037 1608 4109 Scutingorum
1657 4035 1772 4109 pagi
1805 4034 1963 4109 situm
2013 4036 2173 4091 disci-

596 4129 716 4169 mus
743 4128 807 4165 ex
839 4105 954 4163 Vlia
982 4110 1149 4162 sancti
1182 4108 1408 4161 Anatolii
1431 4105 1708 4176 episcopi,
1738 4105 2039 4160 Salinarom
2086 4124 2175 4172 pa-

597 4184 734 4239 troni
754 4223 769 4246 ,
792 4196 909 4249 quae
938 4180 1093 4233 habet
1125 4177 1383 4248 Scodinga
1414 4181 1467 4231 in
1492 4176 1770 4249 Sequanis,
1798 4176 1883 4228 ubi
1914 4192 2047 4249 nime
2075 4177 2173 4230 Sa-

596 4246 823 4308 linaruni
840 4253 997 4303 locus.
1027 4249 1219 4303 Saluta:
1248 4246 1394 4311 vero,
1420 4247 1575 4315 vulgo
1601 4248 1796 4307 Salius,
1823 4246 2071 4311 Oppidum
2094 4259 2174 4300 est

598 4327 661 4377 ad
706 4321 944 4376 Foricatn
977 4335 1186 4372 amnem
1234 4319 1283 4370 in
1333 4318 1645 4386 Burgundio!
1690 4315 1940 4368 comitatu
1988 4316 2172 4369 Dolatn

598 4396 737 4448 inter
778 4400 832 4445 et
875 4391 1247 4444 Vesontionem
1269 4426 1282 4449 ,
1312 4392 1450 4456 quod
1484 4386 1943 4456 architli‘aconatus
1974 4400 2172 4451 COgIIO-

601 4463 759 4518 minis
798 4472 879 4514 est
922 4466 1099 4528 caput.
1140 4458 1267 4511 Vide
1314 4454 1551 4511 notitiam
1604 4454 1794 4508 \‘alesii
1840 4455 1904 4507 ad
1956 4460 2169 4509 verbum

597 4532 851 4601 Sculingi.

670 4600 698 4638 ι»
735 4592 871 4652 Εᾶιιί
921 4599 1195 4668 plerique,
1229 4597 1498 4659 Arelaum,
1552 4595 1679 4648 Βοὴ.
1725 4604 1778 4648 et
1823 4592 2023 4653 Ciiesn.
2053 4614 2170 4652 cum

600 4670 869 4732 Aimoiuo,
902 4669 1240 4733 Arelaunum,
1267 4669 1407 4736 quod
1438 4680 1626 4720 nomen
1652 4675 1769 4719 erat
1794 4669 1939 4719 silvw
1962 4680 2010 4723 et
2036 4670 2176 4723 villtc

599 4740 760 4811 regiae
785 4739 944 4811 ‘haud
990 4742 1169 4811 procul
1208 4756 1237 4811 a
1274 4738 1664 4811 Fontanelleusi
1698 4741 2018 4811 monasterio
2059 4756 2177 4804 per-

600 4807 800 4865 celebri
841 4809 1084 4861 diwcesis
1128 4808 1586 4877 Itothomagcnsis,
1633 4807 1682 4858 in
1717 4810 1985 4871 peninsula
2019 4826 2173 4877 quam

601 4884 843 4950 Sequana
868 4877 1127 4950 eﬂ'ormat.
1160 4879 1290 4930 Vide
1314 4879 1408 4950 lib.
1440 4891 1487 4928 tv
1518 4879 1582 4927 de
1614 4878 1689 4930 Ite
1719 4878 2077 4950 diplomatica.
2112 4884 2178 4935 At

601 4947 718 5004 aliis
747 4952 972 5005 fortasse
1002 4949 1262 5002 Videbitur
1294 4947 1547 5012 majorem
1578 4962 1695 4999 esse
1741 4949 1878 5002 inter
1928 4952 2063 5002 hunc
2098 4953 2174 5003 Io-

600 5038 718 5076 ouui
745 5031 799 5075 et
823 5019 1135 5075 Genuahum
1180 5018 1514 5078 distuuiam,
1546 5030 1595 5067 ιιι
1626 5019 1817 5070 exinde
1867 5020 2175 5077 Bertoaldus

601 5094 804 5162 fugiens
828 5092 1108 5162 seseiintra
1140 5090 1547 5162 Aurchatienscs
1578 5102 1756 5162 muros
1788 5092 2065 5156 receperit.

680 5173 700 5199 ε
732 5164 909 5226 (3011),,
938 5161 1282 5223 Landricum,‘
1309 5157 1427 5221 alii,
1463 5156 1818 5211 Lrtndert'cum.

678 5233 704 5269 ά
735 5232 823 5286 Sic
866 5247 993 5287 mss.
1024 5244 1078 5285 et
1105 5232 1264 5295 editi,
1295 5240 1484 5297 praeter
1534 5229 1728 5279 (Litesn.
1759 5239 1812 5279 et
1851 5229 2038 5295 Freh.,
2066 5247 2178 5284 vers

605 5302 792 5353 miolis.
821 5303 987 5367 Quam
1016 5318 1198 5357 vocem
1226 5300 1502 5353 Aimoinns
1530 5297 1705 5352 habet.
1732 5297 1827 5350 IIic
1857 5308 2030 5353 tamen
2062 5319 2178 5356 ver-

607 5373 917 5427 miculatum
940 5374 1173 5426 colorem
1201 5368 1463 5437 designari
1492 5377 1674 5433 putant
1695 5370 1790 5440 viri
1815 5371 2035 5436 eruditi,
2061 5389 2178 5440 qua:

605 5457 711 5493 vox
757 5442 952 5507 passim
982 5443 1118 5505 apud
1150 5452 1394 5493 auctores
1436 5441 1685 5493 occurrit.
1722 5439 1853 5491 llinc
1897 5439 2177 5497 vernaCola

607 5526 709 5562 vox
744 5510 944 5562 vermeil
973 5526 991 5564 :
1022 5520 1193 5563 vestes
1224 5522 1399 5561 autem
1431 5508 1716 5574 verniiclte,
1769 5508 1817 5560 id
1866 5522 1946 5562 est
1988 5528 2182 5580 porpu«

607 5594 734 5643 rem,
768 5588 855 5631 aut
883 5581 1156 5632 scarletete
1192 5580 1505 5647 (d‘écurlale)
1524 5582 1613 5647 sic
1644 5580 1891 5631 dicuntur
1919 5588 2064 5647 quasi
2094 5600 2185 5636 eo-

610 5650 735 5700 Ioris
764 5650 1057 5719 Vermiculi.
1092 5652 1155 5701 Iit
1194 5646 1404 5719 quidem
1438 5647 1488 5698 iii
1522 5646 1635 5701 Vita
1666 5648 1837 5703 Caroli
1890 5646 2060 5719 IIIagui
2094 5655 2179 5707 ubi

609 5718 927 5772 describitur
957 5714 1281 5786 antiquorum
1319 5714 1641 5771 Francorum
1672 5728 1881 5774 ornatus
1912 5714 1998 5774 vei
2030 5740 2183 5791 para-

2264 480 2427 548 lium;
2460 483 2635 550 ibique
2667 480 2973 536 Bertoaldos
3020 481 3315 536 secundum
3362 480 3615 549 placitum
3659 496 3875 551 aggre-

2263 574 2427 638 ditur,
2460 574 2700 627 vocitans
2734 572 3108 627 Landericum.
3138 573 3240 627 Sed
3284 572 3610 627 Landericus
3641 588 3757 626 non
3791 584 3874 626 cst

2264 680 2452 732 ausus,
2486 678 2539 720 ot
2589 664 2936 735 promiserat,
2967 674 3169 718 tantam
3200 664 3360 732 hujus
3387 663 3701 719 certaminis
3737 681 3875 717 con-

2264 760 2597 828 gressionem
2628 758 2798 813 adire.
2836 757 3019 826 Ibique
3051 757 3362 811 Bertoaldus
3395 772 3518 810 cum
3566 756 3731 809 nimis
3764 770 3876 811 cc-

2266 858 2411 903 teros
2442 851 2800 918 prwcessisset
2822 892 2836 913 ,
2883 848 2950 902 ab
2980 850 3218 904 exercitu
3249 848 3548 903 Chlotharii
3592 863 3720 902 cum
3758 849 3877 902 suis

2266 938 2610 993 interﬁcitur:
2644 954 2745 993 nec
2782 939 2987 994 vellens
3030 938 3224 993 exinde
3267 938 3517 993 evadere.
3562 936 3690 991 dum
3748 952 3878 991 sen-

2267 1037 2411 1083 serat
2441 1045 2499 1083 se
2529 1032 2595 1084 de
2625 1030 2704 1083 sui
2736 1028 2934 1099 gradus
2979 1030 3184 1083 honore
3211 1044 3239 1081 a
3286 1029 3535 1083 Protadio
3564 1028 3877 1098 degradan-

2268 1119 2415 1172 dum.
2450 1120 2631 1188 Ibique
2662 1121 2943 1175 Meroveus
2975 1120 3114 1173 titius
3144 1119 3438 1173 Chlotharii
3469 1119 3700 1187 capitur,
3740 1120 3875 1173 Lan-

2269 1210 2482 1263 dericus
2509 1210 2562 1263 iti
2604 1209 2780 1279 fugam
2812 1225 3000 1265 versus
3028 1221 3139 1275 est,
3176 1209 3337 1263 nimia
3378 1210 3665 1264 multitudo
3712 1226 3873 1264 exere

2270 1301 2407 1353 citus
2438 1300 2733 1354 Chlotharii
2786 1301 2840 1354 in
2884 1315 2952 1355 eo
2996 1301 3179 1370 prtelio
3230 1302 3406 1370 gladio
3445 1302 3713 1356 trucidata
3766 1313 3874 1357 est.

2269 1388 2634 1445 Theodericus
2661 1390 2829 1444 victor
2854 1388 3087 1443 Parisios
3109 1390 3423 1458 ingreditur,
3451 1389 3874 1445 Theodebertus

2275 1496 2460 1549 pacem
2502 1496 2622 1535 cum
2670 1481 2986 1536 Chlothario
3033 1481 3364 1548 Compendio
3404 1481 3529 1535 villa
3581 1483 3773 1547 init-il;
3824 1491 3875 1535 et

2274 1582 2503 1641 uterque
2554 1575 2826 1628 exercitus
2876 1586 3063 1627 eorum
3113 1572 3273 1641 607
3330 1573 3528 1628 illaesos
3585 1573 3753 1627 rediit
3808 1572 3872 1626 ad

2275 1668 2509 1733 propria.

2348 1756 2447 1808 Au.
2472 1770 2590 1810 nev.
2616 1784 2682 1793 —-
2706 1753 2917 1808 XXVII.
2946 1756 3099 1808 Anno
3130 1754 3192 1808 IO
3214 1755 3357 1824 regni
3388 1753 3709 1809 Theoderici
3745 1755 3872 1809 Pro-

2273 1845 2465 1910 tadius,
2514 1846 2797 1911 instigante
2844 1844 3202 1904 Brunichilde.
3236 1844 3569 1900 Theoderico
3610 1846 3874 1913 jubente,

2274 1937 2444 2003 major
2483 1937 2673 1991 domus
2721 1936 3085 1992 substituitur.
3132 1938 3230 2002 Qui
3278 1952 3397 1990 cum
3449 1948 3595 1991 esset
3644 1938 3873 1992 nimium

2272 2029 2668 2096 argutissimus,
2698 2040 2752 2084 et
2796 2040 3045 2084 strenuos
3093 2030 3143 2083 in
3189 2030 3415 2095 cunctis,
3447 2030 3542 2083 sed
3590 2045 3738 2083 saeva
3797 2030 3873 2083 illi

2274 2121 2372 2174 fuit
2420 2131 2606 2175 contra
2664 2135 2919 2190 personas
2974 2122 3258 2188 iniquitas,
3314 2119 3442 2174 fisco
3498 2122 3723 2174 nimium
3776 2123 3871 2175 tri-

2274 2213 2444 2268 buens
2474 2223 2517 2279 8,
2551 2214 2618 2267 de
2649 2214 2807 2267 rebus
2838 2228 3184 2281 personarum
3224 2214 3498 2284 ingeniose
3545 2215 3736 2267 tiscum
3772 2214 3870 2265 vel.

2275 2305 2388 2358 lens
2430 2304 2673 2372 implere,
2710 2314 2763 2359 et
2792 2304 3029 2371 seipsum
3055 2303 3250 2359 ditare.
3284 2306 3645 2371 Quoscunqne
3669 2319 3871 2371 genere

2275 2394 2479 2449 nobiles
2510 2395 2795 2463 reperiret,
2828 2403 2967 2448 totos
2998 2394 3279 2450 humiliare
3309 2395 3623 2455 conabatur,
3658 2403 3715 2447 ut
3751 2398 3868 2448 nu?-

2276 2486 2356 2540 lus
2410 2488 2735 2556 reperiretur
2783 2486 2872 2556 qui
2919 2487 3143 2555 gradum
3196 2501 3353 2555 quem
3411 2484 3709 2553 arripuerat
3762 2501 3867 2554 po-

2275 2578 2467 2632 tuisset
2489 2592 2782 2632 assumere.
2811 2578 2903 2631 llis
2924 2587 2978 2631 et
2998 2578 3116 2631 aliis
3142 2578 3302 2630 nimia
3326 2577 3607 2646 sagacitate
3627 2579 3865 2640 vexatis,

2276 2669 2504 2721 maxime
2527 2678 2747 2723 cunctos
2776 2670 2827 2722 in
2855 2684 3020 2737 regno
3053 2670 3369 2737 Burgundios
3399 2669 3528 2722 fecit
3554 2669 3651 2722 sibi
3682 2668 3868 2722 inimi-

2276 2773 2386 2812 cos.
2419 2760 2550 2814 Cum
2598 2761 2954 2815 Brunichildis
3002 2772 3248 2828 nepotem
3285 2776 3437 2813 suum
3467 2759 3863 2816 Theodericum

2278 2857 2480 2924 integra
2529 2854 2845 2909 assiduitate
2892 2864 3164 2914 moneret,
3199 2864 3255 2906 ut
3299 2862 3482 2907 contra
3517 2852 3865 2908 Theodeber-

2278 2958 2385 3002 tum
2411 2957 2647 3001 movi-ret
2667 2948 2965 3001 exercitqu
2987 2986 3000 3011 ,
3024 2947 3209 3000 dicens
3235 2963 3247 2996 :
3274 2944 3435 3012 Quasi
3457 2944 3865 2999 Theudehertus

2278 3055 2381 3092 non
2412 3048 2553 3092 esset
2586 3039 2721 3092 tilius
2767 3037 3092 3093 Childeberti
3127 3038 3175 3102 ιι,
3210 3037 3309 3091 nisi
3343 3036 3627 3105 ciijusdarn
3680 3038 3863 3091 hortu-

2197 3139 2243 3202 C
2274 3132 2417 3199 laui,
2465 3144 2517 3185 et
2566 3132 2846 3186 Protadius
2891 3130 2989 3198 ipsi
3042 3146 3253 3201 quoque
3298 3128 3525 3185 consilio
3578 3131 3862 3194 assistens,

2277 3227 2489 3280 tandem
2517 3227 2669 3293 jussu
2717 3224 3037 3279 Theoderici
3090 3234 3341 3279 movetur
3387 3224 3683 3279 exercitus.
3718 3223 3866 3292 Quod

2274 3332 2392 3371 cum
2446 3316 2584 3380 loco,
2638 3316 2848 3369 nomine
2892 3314 3177 3369 Caraciaco
3226 3312 3268 3377 ί,
3323 3314 3698 3369 Theodericus
3748 3331 3865 3368 eum

2275 3411 2509 3465 exercitu
2559 3420 2732 3463 castra
2783 3418 3069 3471 trietasset,
3123 3407 3479 3462 hortabatori
3541 3423 3569 3461 a
3625 3409 3713 3463 leo
3738 3406 3865 3461 ‘ibos

2275 3504 2405 3567 suis,
2439 3514 2491 3555 ut
2540 3517 2661 3556 cum
2711 3501 3086 3555 Tlieudetierto
3132 3517 3314 3570 pacem
3348 3503 3525 3555 iniret.
3583 3502 3863 3557 Protadius

2276 3596 2516 3664 singulos
2595 3593 2936 3654 hortabatur,
2997 3600 3052 3645 ut
3106 3594 3346 3660 praelium
3404 3594 3863 3649 committeretur.

2278 3685 2685 3741 Theudehertus
2714 3699 2811 3738 nec
2844 3684 3025 3750 procnl
3070 3698 3190 3737 cum
3221 3685 3458 3737 exercitu
3506 3685 3709 3740 exinde
3741 3686 3863 3737 resi-

2277 3779 2452 3832 debat.
2487 3778 2635 3832 Tunc
2665 3779 2838 3831 omnis
2882 3776 3146 3831 exercitus
3175 3778 3494 3834 Theoderici
3528 3780 3746 3836 inventa
3779 3795 3863 3832 oc-

2275 3870 2489 3923 casione
2531 3883 2688 3936 supra
2732 3867 3034 3922 Protadium
3084 3868 3326 3935 irruunt,
3370 3869 3612 3923 dicentes
3674 3870 3860 3923 melius

2278 4054 2420 4106 tura,
2456 4042 2591 4094 inter
2631 4052 2850 4096 exteras
2879 4052 3054 4098 vestes
3095 4052 3438 4098 recensentur
3480 4045 3718 4114 fasciola:
3746 4061 3860 4096 cru-

2278 4115 2409 4166 iales
2440 4114 2799 4165 vermiculutw.

2353 4197 2375 4218 ε
2404 4183 2529 4245 CIL,
2559 4199 2709 4247 super
2732 4183 2944 4251 ﬂuvium
2973 4182 3102 4237 Loa.
3137 4187 3203 4238 At
3231 4186 3465 4254 btampze
3505 4186 3762 4254 oppidum
3790 4184 3858 4236 si-

2281 4263 2389 4307 tum
2426 4264 2509 4306 est
2537 4254 2602 4305 ad
2632 4254 2860 4306 Juonam
2890 4254 3106 4307 ﬂuvium
3139 4254 3214 4323 (la
3241 4257 3437 4321 Jm'ne),
3470 4259 3558 4323 qui
3590 4264 3750 4323 paulo
3789 4256 3858 4304 in-

2281 4326 2439 4377 Ierius
2470 4324 2574 4378 Lua
2608 4323 2795 4390 majori
2827 4337 2888 4377 ac
2914 4326 3103 4378 minori
3133 4325 3304 4380 ﬂuviis
3330 4327 3407 4394 (Ie
3434 4325 3536 4379 Loe
3557 4336 3613 4381 et
3643 4329 3693 4382 le
3723 4324 3855 4389 Lact)

2279 4406 2521 4463 augetur.

2360 4485 2376 4522 τ
2410 4488 2498 4540 Sic
2545 4486 2686 4540 Clar.
2713 4496 2767 4539 et
2801 4487 2930 4540 Bob.
2965 4489 3031 4541 At
3074 4488 3252 4553 Colb.,
3281 4505 3490 4558 cumque
3532 4500 3664 4544 esset
3701 4496 3856 4539 arclus

2281 4558 2481 4626 pervius
2507 4558 2592 4610 ille
2620 4559 2776 4610 locus.
2823 4558 2877 4612 In
2910 4558 3068 4611 Frelt.
3095 4560 3238 4612 deest
3265 4576 3363 4613 vox
3398 4561 3558 4613 locus.
3586 4562 3626 4611 A
3645 4561 3693 4612 lii
3720 4573 3856 4614 verr.

2282 4642 2395 4679 cum
2431 4639 2556 4680 esset
2593 4640 2758 4679 autent
2805 4632 3022 4697 pervius.
3054 4631 3313 4684 Chronic:
3347 4632 3514 4683 sancti
3563 4627 3779 4696 Benigni
3808 4634 3854 4677 et

2282 4697 2571 4763 Besuense,
2601 4712 2713 4749 cum
2745 4711 2869 4753 esset
2898 4702 3115 4763 arduus,
3142 4709 3242 4752 etc.

2340 4800 2378 4911 ὑπ
2411 4792 2560 4846 Colh.
2589 4801 2644 4844 et
2689 4792 2888 4861 aliquot
2924 4793 3086 4856 editi,
3136 4794 3351 4846 nimium
3400 4794 3682 4862 stringens,
3720 4797 3762 4843 et
3802 4786 3854 4837 de

2372 4879 2450 4911 IIS.
2480 4872 2583 4911 etc.

2282 4872 2450 4920 rebus,
2480 4872 2583 4914 etc.

2357 4951 2380 4986 ιι
2416 4951 2525 5003 Iloe
2553 4952 2737 5003 falsum
2771 4966 2888 5005 eSse
2916 4952 3224 5005 existimant
3249 4951 3343 5007 viri
3372 4953 3600 5017 eruditi,
3629 4949 3765 5021 quod
3790 4960 3851 5001 ex

2288 5020 2527 5089 Gregorii
2573 5022 2831 5086 Historia,
2864 5022 2954 5075 lib.
2986 5037 3110 5082 vut,
3141 5039 3257 5091 cap.
3288 5022 3374 5084 57,
3408 5034 3462 5077 et
3507 5025 3599 5077 lib.
3631 5020 3711 5083 ix,
3742 5031 3848 5083 cap-

2285 5090 2351 5161 αξ.
2386 5102 2630 5143 constare
2681 5092 2906 5145 videtur.
2954 5090 3293 5159 Uterque’cx
3342 5092 3591 5147 FaiIeuia
3638 5091 3850 5161 legitima

2286 5159 2614 5232 Clitldelierti
2646 5178 2808 5214 uxore
2838 5172 2993 5214 natus
3022 5174 3157 5215 erat.
3190 5164 3318 5228 Quae
3347 5163 3393 5217 si
3422 5159 3706 5232 aliquando
3732 5173 3850 5215 cim—

2287 5231 2475 5303 cubina
2524 5232 2659 5303 apud
2712 5234 2997 5284 nonnullos
3043 5244 3288 5287 auctores
3316 5234 3459 5287 dicta
3493 5231 3714 5303 legatur,
3746 5243 3853 5282 me—

2289 5301 2506 5355 ttiinis-e
2547 5302 2803 5373 debemus
2832 5317 2904 5373 ea
2940 5319 3066 5355 voce
3100 5304 3361 5373 legitimas
3392 5301 3589 5358 Ultores
3621 5307 3847 5371 frequen-

2291 5380 2369 5423 ter
2418 5373 2720 5441 designatas
2770 5371 2953 5436 tuiSse,
2984 5388 3101 5441 quae
3142 5371 3206 5428 ex
3257 5374 3439 5427 intimo
3486 5389 3683 5442 genere
3729 5378 3850 5425 naue

2287 5452 2457 5494 erant.

2366 5510 2379 5549 ί
2421 5512 2511 5564 Est
2540 5511 2899 5577 Carisiacum,
2942 5513 3079 5580 quod
3131 5524 3309 5581 postea
3355 5514 3489 5567 adeo
3520 5516 3721 5568 celebre
3763 5508 3848 5560 ίυιι

2289 5581 2425 5635 inter
2457 5581 2644 5647 palatia
2680 5585 2843 5649 regia.
2883 5586 3013 5636 Boh.
3048 5584 3237 5645 habet,
3268 5582 3556 5638 Car..ciate.

2363 5653 2375 5702 i
2416 5652 2540 5707 Mss.
2566 5661 2620 5707 et
2646 5652 2843 5721 aliquot
2873 5653 2983 5721 cd.,
3013 5654 3237 5722 singu’os
3265 5653 3582 5710 hortabatur.
