4020 6194
213 233 315 285 £2!

1663 227 2084 286 CHRUNICI'M.

3378 240 3477 300 6:33

216 358 337 397 e~se
365 360 532 399 unum
559 345 824 401 hominem
856 349 1165 402 moriturum
1194 358 1240 411 ει,
1271 362 1424 415 qnam
1455 357 1619 399 totum
1642 361 1795 399 exer-
1823 349 1871 405 Α
1901 351 1987 416 qui
2013 352 2207 406 exinde
2236 351 2648 426 Ermenbergam
2682 358 2840 412 tiliam
2864 360 2981 427 ejus
3009 362 3340 418 Theoderico
3366 382 3474 419 ma-

214 447 383 488 Clltllll
409 451 461 487 tn
487 439 779 503 periculum
804 439 964 491 tnitti.
991 437 1269 491 Pretadius
1295 438 1344 490 in
1370 437 1597 490 tentorio
1621 435 1800 488 Theu-

216 527 390 580 derici
422 527 563 595 regis
590 544 709 582 cum
756 530 913 583 Petro
956 530 1226 583 archiatro
1255 530 1320 582 ad
1355 529 1583 582 tabulam
1616 527 1801 581 ludens

218 622 474 683 sedebat,
509 639 666 691 quem
700 625 932 694 undique
958 641 1075 678 cum
1118 625 1225 692 jam
1271 627 1533 678 exercitus
1576 625 1802 678 circnm-

218 712 439 776 dasset,
470 721 523 765 ct
551 713 939 768 Theodericum
967 715 1147 769 lcudes
1172 716 1253 767 sui
1281 715 1559 779 tenebant,
1590 728 1656 767 ne
1682 714 1806 766 illuc

215 803 559 869 graderetur,
603 804 743 855 misit
778 803 1123 867 Uncilenum,
1159 814 1215 857 ut
1259 819 1367 857 sua:
1393 804 1647 872 jnssionis
1686 819 1806 857 ver-

220 892 346 944 bum
398 895 662 946 nuntiaret
711 896 1000 959 exercitui,
1034 903 1092 947 ut
1120 910 1179 948 se
1222 895 1288 947 de
1321 894 1525 947 insidiis
1572 894 1805 947 Protadii

220 992 586 1035 removerent.
625 982 907 1037 Uncilenus
941 985 1180 1052 pratinus
1229 985 1397 1054 608
1425 985 1488 1036 ad
1516 985 1804 1038 exercitum

219 1081 497 1135 nuntans,
530 1073 662 1127 dixit
688 1094 701 1130 :
732 1074 820 1128 Sic
865 1075 1016 1143 jubet
1062 1076 1290 1128 dnmnus
1330 1074 1707 1137 Theudericus,
1754 1082 1809 1126 nt

223 1162 576 1215 interliciatur
610 1164 908 1218 Protadius.
953 1164 1218 1218 Irruentes
1267 1180 1425 1230 super
1450 1179 1602 1227 eum,
1638 1173 1809 1216 tento-

228 1259 369 1309 rium
399 1258 542 1327 regis
570 1258 744 1324 gladio
774 1256 1007 1326 undique
1036 1258 1350 1323 incidentes,
1385 1256 1689 1310 Protadium
1733 1259 1806 1308 in-

228 1350 521 1404 terliciunt.
554 1350 920 1404 Theudericus
948 1351 1279 1404 confusus'et
1308 1356 1522 1402 coactus
1552 1362 1672 1401 cum
1706 1347 1811 1401 fra-

227 1452 311 1497 tre
359 1443 736 1498 Theudeberto
790 1459 969 1511 pacem
1019 1443 1201 1506 inivit,
1248 1451 1301 1496 et
1351 1441 1547 1495 illaasus
1593 1450 1811 1509 uterque

227 1532 498 1584 exercitus
526 1533 808 1585 revertitur
838 1532 900 1583 ad
933 1531 1176 1599 pr0prias
1204 1530 1360 1584 sedes
1393 1538 1510 1598 post
1535 1529 1809 1584 decessum

231 1622 360 1692 1.41.,
387 1619 611 1692 caedem]
642 1620 898 1675 Protadii.

1909 442 2153 494 trimonio
2179 444 2481 498 sociandam
2528 448 2871 503 adducerent.
2918 450 3095 519 Ibique
3126 452 3262 507 datis
3292 468 3473 508 sacra-

1908 530 2204 593 mentis,-ut
2232 546 2267 584 -a
2310 532 2643 588 Theuderico
2675 552 2738 589 ne
2766 536 2929 606 609
2969 554 3193 606 unquam
3240 555 3271 593 a
3314 558 3479 609 regno

1907 616 2309 686 degradaretur,
2340 622 2615 693 ipsamque
2639 626 2789 694 aceip
2813 639 2902 679 unt
2920 668 2934 689 ,
2956 639 3009 680 et
3032 627 3358 684 'l‘heuderico
3375 632 3478 685 Ca-

1908 706 2110 761 billono
2160 722 2520 778 praesentem,
2571 731 2728 782 quam
2782 717 2872 769 ille
2920 718 3155 786 gaudens
3198 702 3503 790 diligentch

1910 800 2159 865 Suscepit.
2212 801 2444 871 Eadem,
2497 804 2723 860 factione
2768 808 2902 860 avia:
2949 823 3060 862 sua:
3107 810 3474 877 Bruniclnldic,

1912 888 2115 942 virilem
2167 890 2364 945 coitum
2414 908 2517 946 non
2567 897 2830 966 cognovit.
2884 897 3258 966 Instig-ntihus
3306 901 3479 954 verbis

1912 975 2262 1032 Brunichilda:
2291 979 2429 1032 aviae
2474 992 2528 1035 et
2570 982 2913 1038 Theudilana:
2942 993 2965 1029 κ
2998 1001 3265 1052 germana:
3307 986 3478 1040 elﬁci-

1913 1076 1998 1120 tur
2020 1069 2220 1122 odiosa.
2250 1070 2376 1124 Pos't
2400 1072 2520 1125 anni
2547 1074 2802 1129 circulum
2828 1072 2855 1110 δ
2873 1075 3233 1131 Theudericus
3260 1078 3479 1131 Ermen-

1912 1161 2125 1230 bergam
2155 1164 2501 1232 exspoliatam
2532 1180 2559 1218 a
2592 1166 2849 1222 thesauris
2890 1169 2942 1222 in
2971 1168 3221 1238 Spaniam
3250 1183 3481 1226 retrans-

1913 1263 2073 1305 Inlsn.

1986 1342 2177 1397 XXXI.
2221 1343 2518 1401 Bettericus
2557 1346 2673 1403 haec
2725 1349 3003 1417 indignans
3048 1350 3364 1420 legationem
3414 1352 3481 1406 ad

1914 1432 2281 1488 Chlotharium
2312 1437 2519 1492 direxit
2548 1457 2560 1490 :
2594 1441 2800 1509 legatus
2825 1439 3121 1495 Chlotharii
3153 1458 3272 1495 cum
3303 1444 3481 1497 Bette-

1913 1525 2007 1577 rici
2037 1526 2210 1594 legato
2238 1528 2301 1580 ad
2331 1528 2763 1585 Theudebertum
2798 1533 3047 1601 perrexit.
3084 1534 3276 1587 lterum
3304 1534 3483 1589 Theu-

1913 1617 2118 1672 deberti
2148 1620 2302 1688 legati
2324 1637 2443 1675 cum
2469 1622 2760 1677 Chlotharii
2782 1634 2836 1678 et
2855 1626 3099 1681 Betterici
3126 1627 3392 1694 legatariis
3418 1628 3485 1681 ad

300 1716 404 1766 AN.
438 1725 578 1766 ncvt.
608 1740 676 1753 —
709 1710 941 1765 XXVIII.
991 1712 1145 1765 Auno
1194 1710 1253 1762 ll
1308 1712 1451 1779 regni
1496 1709 1809 1763 Theuderici
1842 1719 1887 1780 Β
1920 1714 2152 1775 λςοηεηι
2192 1707 2207 1746 ί
2241 1725 2417 1778 regem
2451 1711 2616 1766 Italiae
2664 1728 3007 1768 accesserunt
3029 1757 3043 1779 ,
3073 1726 3126 1770 et
3165 1717 3486 1771 unanimiter

230 1800 553 1870 subrogatur
575 1802 741 1867 major
762 1802 952 1855 domus
970 1799 1240 1863 Claudius,
1263 1814 1454 1869 genere
1480 1798 1811 1863 Romanusb,

236 1894 397 1945 homo
430 1892 682 1959 prudens,
710 1891 975 1960 iucundus
1005 1890 1055 1944 in
1089 1889 1302 1956 fabulis,
1331 1900 1576 1943 strenuus
1609 1892 1659 1943 in
1689 1904 1819 1942 cun-

231 1984 356 2047 ctis,
394 1984 655 2050 patientia!
681 1983 909 2050 deditus,
937 1982 1262 2050 plenitudine
1283 1979 1486 2035 consilii
1518 1981 1815 2045 abundans,

230 2071 535 2126 l;tterarum
558 2071 748 2125 studiis
765 2075 1023 2136 eruditus,
1043 2071 1146 2125 [ide
1170 2072 1374 2139 plenus,
1389 2071 1547 2124 amici
1575 2072 1676 2123 iam
1695 2085 1818 2125 cum

233 2161 481 2213 omnibus
506 2173 735 2214 sectans.
772 2162 1012 2214 Priorum
1044 2161 1292 2229 exeutpla
1335 2170 1595 2227 metuens,
1643 2160 1816 2215 lenem

233 2267 294 2305 se
322 2263 375 2305 et
408 2251 699 2321 patientem
736 2253 892 2323 hujus
917 2254 1110 2320 gradus
1136 2267 1390 2306 ascensus
1412 2251 1549 2323 μμ,
1574 2250 1821 2321 ascenqu

238 2344 501 2398 ostendit.
534 2344 639 2398 Sed
691 2346 790 2398 hoc
838 2352 1037 2397 tantum
1086 2344 1527 2413 impedimentum
1561 2344 1821 2412 habebat,

230 2435 381 2505 quod
412 2435 593 2503 sagina
620 2443 767 2488 esset
795 2435 1036 2503 corporis
1066 2449 1398 2503 aggravaius.

313 2529 413 2581 AN.
434 2540 593 2580 ncvn.
616 2554 687 2563 -—
708 2529 861 2579 Auno
886 2524 950 2576 12
976 2525 1123 2593 regni
1154 2524 1475 2579 'l‘heuderici
1504 2524 1820 2587 Uncilenns,

233 2618 329 2687 qui
358 2617 422 2670 ad
454 2628 679 2671 mortem
706 2616 935 2670 Pretadii
957 2615 1212 2669 insidiose
1238 2616 1406 2670 fuerat
1428 2618 1655 2679 locutus,
1686 2617 1828 2670 iusti.

234 2719 400 2778 gante
431 2707 788 2768 Brunichilde,
828 2709 963 2775 pede
994 2705 1350 2771 lruucatn,de
1378 2706 1537 2760 rebus
1566 2708 1832 2776 exspolia-

236 2809 331 2851 ttts
353 2797 415 2848 ad
445 2795 773 2851 debilitatem
802 2805 824 2834 ο
861 2795 1144 2863 perductus
1172 2805 1273 2851 est.

322 2886 514 2940 XXIX.
550 2887 734 2940 Vullus
774 2883 1049 2954 patricius,
1078 2886 1343 2956 idemque,
1376 2883 1719 2940 Brunichilde
1748 2884 1833 2941 in-

242 2987 477 3046 strgante
497 2978 747 3046 consilio,
767 2977 854 3045 qui
884 2977 933 3028 in
958 2987 1184 3030 mortem
1209 2975 1441 3029 Protadii
1463 2982 1827 3039 consenserat,

1926 1797 1976 1850 1ιί
2004 1807 2228 1865 quatuor
2260 1815 2414 1870 reges
2442 1816 2564 1855 cum
2596 1806 2831 1856 exercitu
2863 1806 3096 1873 undique
3124 1822 3285 1875 super
3312 1809 3488 1862 Theu-

1922 1886 2160 1942 dericum
2208 1890 2505 1953 irruerunt,
2561 1900 2621 1945 ut
2666 1907 2884 1962 regnum
2926 1894 3047 1962 ejus
3089 1896 3393 1961 auferrent,
3434 1909 3489 1952 et

1923 1991 2044 2031 eum
2087 1987 2258 2032 morte
2300 1979 2648 2047 damnarent,
2680 1997 2745 2034 eo
2774 1982 2911 2048 quod
2944 1992 3139 2037 tantam
3166 1985 3234 2039 de
3261 1985 3377 2053 ipso
3406 2003 3490 2040 re-

1928 2068 2222 2120 verentiam
2248 2067 2533 2122 ducebant.
2561 2069 2784 2139 Legatus
2812 2087 2939 2126 vero
2963 2072 3276 2128 Gotthorum
3302 2085 3491 2130 evectu

1927 2157 2101 2211 nauli
2135 2161 2202 2213 de
2230 2157 2375 2212 Italia
2409 2175 2501 2227 per
2530 2176 2676 2215 mare
2704 2160 2757 2214 in
2784 2162 3032 2231 Spaniam
3060 2165 3360 2222 revertitur.
3384 2166 3492 2222 Sed

1929 2247 2030 2302 hoc
2072 2249 2352 2303 consilium
2400 2250 2585 2304 divino
2633 2262 2761 2306 nutu
2809 2268 2912 2306 non
2950 2255 3173 2308 sortitur
3210 2256 3489 2327 ellectum,

1928 2341 2068 2409 quod
2093 2356 2217 2395 cum
2249 2342 2586 2397 Theuderico
2615 2356 2944 2413 compertum
2993 2345 3218 2414 fuisset,
3262 2348 3492 2403 fortissi-

1928 2430 2065 2482 sime
2090 2430 2158 2481 ab
2187 2431 2374 2485 eodem
2406 2432 2714 2501 despicitur.

2003 2519 2215 2576 XXXII.
2244 2521 2320 2574 Eo
2343 2536 2482 2576 anno
2501 2523 2891 2589 Theudericus,
2918 2526 3141 2580 consilio
3169 2527 3331 2582 Aridii
3382 2530 3495 2598 epi-

1934 2614 2081 2681 sc0pi
2127 2614 2499 2682 Lugdunensis
2542 2615 2727 2684 pcrlidi
2756 2626 2945 2682 utens,
2971 2630 3025 2673 et
3070 2634 3321 2688 persuasu
3364 2623 3496 2676 avias

1932 2720 2043 2758 sum
2076 2704 2434 2761 Brunichilda:
2465 2717 2707 2761 sanctum
2739 2709 3067 2764 Desidl-rium
3097 2711 3164 2764 de
3190 2713 3379 2766 exsilio
3411 2730 3496 2768 re-

1933 2808 2173 2863 gressum
2216 2796 2456 2865 lapidare
2498 2799 2792 2866 pracepiti
2829 2815 2845 2852 :
2887 2800 2952 2854 ad
2994 2801 3146 2870 cujus
3188 2805 3496 2871 sepulcrum

1937 2886 2085 2939 mira:
2120 2884 2348 2941 virtutes
2385 2902 2415 2940 a
2454 2887 2542 2942 die
2573 2897 2828 2943 transitus
2865 2892 2945 2945 sui
2990 2892 3240 2947 Dominus
3296 2895 3498 2964 integra

1937 2975 2248 3029 assiduitate
2275 2977 2561 3032 ostendere
2592 2978 2858 3048 dignatur.
2886 2980 2985 3034 Per
3007 2981 3145 3049 quod
3175 2983 3499 3043 credendum

244 3071 569 3127 Fauriniaeo
596 3068 622 3107 ἀ
662 3071 807 3134 villa,
830 3069 1053 3140 jnbente
1090 3066 1423 3122 Theuderico
1458 3066 1750 3131 occiditur;
1781 3074 1835 3119 et
1860 3089 1909 3154 ρ
1938 3077 2052 3133 est,
2091 3084 2185 3136 pro
2215 3068 2317 3123 hoc
2342 3071 2482 3124 malo
2507 3080 2655 3140 gesto
2697 3087 2913 3141 regnum
2941 3074 3257 3130 Tbeudciici
3280 3086 3336 3131 et
3367 3078 3501 3134 lilio-

246 3167 306 3219 in
340 3164 675 3231 patriciatum
726 3162 841 3231 ejus
892 3160 1246 3226 Richomeris,
1298 3159 1570 3213 Romanus
1612 3172 1828 3226 genere,

244 3257 599 3325 subrogatur.
651 3254 850 3308 Eodem
897 3268 1040 3306 anno
1094 3263 1248 3305 natus
1292 3261 1376 3305 est
1424 3250 1491 3304 dc
1538 3249 1830 3304 concubina

250 3345 575 3403 Theoderici
620 3345 782 3412 Iilins,
812 3346 1027 3397 nomine
1058 3342 1356 3407 Meroveus,
1380 3355 1537 3411 quem
1583 3340 1832 3395 Cllltlllta'

250 3443 373 3494 rius
394 3438 462 3493 de
489 3446 676 3491 sancto
705 3437 918 3490 lavacro
942 3435 1198 3503 suscepit.

336 3526 501 3581 XXX.
536 3526 733 3580 Eodem
782 3540 922 3579 anno
954 3523 1317 3578 Theudericus
1346 3520 1585 3574 Aridinm
1631 3521 1839 3588 episco-

253 3636 385 3690 pum
418 3619 854 3688 Lngdunensetn,
884 3616 1185 3670 Rocconem
1216 3622 1238 3649 ε
1274 3626 1327 3667 et
1356 3612 1708 3682 Epporinum
1750 3626 1838 3664 co-

255 3712 613 3767 mestabulum
654 3710 718 3763 ad
763 3709 1079 3764 Bettericum
1112 3704 1131 3744 ί
1164 3721 1342 3775 regem
1373 3704 1583 3772 Spania:
1611 3705 1835 3769 direxit,

339 3854 364 3881 “
396 3844 529 3909 Alii,
560 3857 848 3908 mortuum;
877 3843 969 3904 aL,
1000 3844 1126 3896 mori
1151 3858 1306 3912 quam
1335 3850 1550 3894 tantum.

338 3914 364 3954 δ
396 3917 528 3979 Alii,
567 3915 842 3966 Docudius.
874 3914 1139 3966 Romanos
1177 3913 1336 3966 etiam
1380 3916 1477 3964 iste
1524 3918 1709 3963 auctor
1736 3926 1839 3978 ap-

257 3986 429 4055 pellat
447 4028 473 4055 ,
493 4000 587 4055 eos
612 3986 700 4052 qui
733 3999 926 4051 genere
964 3981 1154 4037 Franci
1181 3998 1283 4035 non
1310 3990 1465 4055 erant
1484 4019 1498 4042 ,
1531 3983 1622 4033 sed
1651 3995 1714 4033 ex
1741 3996 1837 4055 an-

261 4049 428 4122 tiquis
451 4049 751 4109 Galliarum
773 4054 1005 4116 fatndiis,
1033 4070 1150 4120 qua:
1178 4062 1303 4105 ante
1334 4051 1655 4122 Francorum
1686 4049 1841 4103 Stabi-

254 4118 417 4180 litnm
446 4124 498 4176 in
528 4125 710 4177 Galliis
736 4125 1012 4191 imperium
1042 4118 1291 4175 Romanis
1313 4130 1462 4191 erant
1489 4118 1764 4187 subjectae.

345 4204 366 4231 ε
399 4192 595 4247 Chesn.
624 4203 678 4247 et
703 4190 823 4257 alii,
846 4194 1152 4247 brevitatem.
1188 4193 1341 4253 Boh.,
1365 4190 1625 4241 vilitatem.

343 4262 369 4300 ά
403 4264 572 4317 Lucus“
608 4266 676 4318 ob
705 4265 1082 4316 monasterium
1110 4262 1313 4316 ordinis
1342 4257 1666 4314 Benedictini
1685 4299 1700 4321 ,
1737 4259 1844 4327 pri-

264 4350 417 4389 mum
448 4335 734 4401 virginum,
761 4346 871 4386 tum
900 4336 1164 4397 virorum,
1196 4331 1441 4393 celebris,
1471 4331 1626 4398 vulgo
1655 4328 1843 4401 Faver-

264 4422 397 4474 nay,
430 4403 497 4455 ad
529 4398 814 4474 Lantanam
845 4404 1119 4474 lluviolutn
1146 4405 1197 4455 in
1245 4400 1558 4474 Burgundize
1587 4398 1841 4474 comitatu

264 4455 1157 4540 (liaecesiqueVesontionensblu
1207 4455 1402 4525 statuto
1448 4468 1701 4540 Ludovici
1767 4470 1843 4522 Pii
1872 4455 1924 4515 D

1940 3172 2056 3209 rum
2091 3171 2306 3212 suorum
2336 3158 2497 3229 610
2524 3160 2686 3214 fuisse
2714 3160 3063 3215 destructum.

2008 3244 2247 3300 XXXIII.
2283 3247 2359 3300 Eo
2389 3245 2418 3284 κ
2450 3263 2610 3315 anno,
2645 3261 2855 3304 mortuo
2887 3252 3180 3313 Betterico,
3211 3253 3503 3311 Sisebodus

1937 3340 2195 3394 successit
2215 3339 2271 3393 in
2296 3339 2508 3408 Spaniae
2537 3355 2779 3410 regnum,
2804 3343 2883 3396 vir
2904 3345 3118 3413 sapiens
3139 3355 3192 3401 et
3223 3362 3315 3415 per
3339 3326 3503 3405 totam

1942 3431 2192 3497 Spaniam
2228 3431 2508 3486 laudabilis
2543 3432 2728 3501 valde,
2762 3436 2958 3503 pietate
2987 3436 3340 3503 plenissimus.
3374 3439 3505 3495 Nam

1939 3531 1994 3574 et
2021 3523 2286 3576 adversus
2324 3538 2537 3576 manum
2581 3524 2843 3591 publicam
2893 3521 2911 3562 ι
2961 3524 3167 3581 fortiter
3211 3528 3502 3583 dimicavit.

1941 3611 2274 3666 Provinciam
2300 3613 2640 3668 Cantabriam
2665 3625 2702 3651 ω
2729 3615 3045 3671 Getthorum
3074 3632 3236 3684 regno
3264 3618 3504 3687 subegit,

1940 3717 2098 3772 quam
2127 3702 2413 3771 aliquando
2439 3703 2631 3759 Franci
2668 3705 3036 3773 possederant.
3082 3708 3194 3760 Dux
3214 3748 3228 3772 ,
3277 3706 3501 3763 Francia

1941 3839 2112 3907 dictus
2142 3846 2251 3903 est,
2285 3847 2343 3891 ut
2370 3847 2550 3890 monet
2576 3838 2773 3893 Paulus
2822 3839 2964 3893 Diae.
3017 3839 3108 3893 lib.
3152 3854 3205 3891 tv
3244 3841 3415 3907 cap.l
3454 3850 3507 3897 et

1942 3905 2013 3961 45
2033 3950 2047 3970 ,
2078 3910 2145 4027 (ἐξ
2170 3923 2275 3977 quo
2305 3907 2463 3973 vide,
2493 3921 2650 3976 supra
2673 3948 2686 3972 ,
2717 3918 2869 3961 notas
2898 3913 2961 3961 ad
2992 3909 3082 3962 lib.
3117 3926 3147 3962 χ
3180 3905 3322 3962 llist.
3343 3910 3504 3981 Greg.

1942 3993 2059 4027 0J0.
2127 4018 2142 4027 .

1941 3994 2059 4034 can.
2089 3994 2142 4034 ο.

2044 4017 2059 4033 .
2089 3993 2142 4034 ο.

2006 3993 2038 4047 p
2082 4049 2276 4101 Passus
2313 4055 2393 4118 est
2424 4046 2985 4118 sanctusuDesideiius
3029 4046 3348 4101 Viennensis
3388 4050 3507 4118 epi-

1945 4131 2138 4185 sc0pus
2165 4130 2306 4170 anno
2330 4114 2432 4169 607
2452 4116 2539 4170 die
2575 4133 2604 4169 x
2636 4116 2899 4170 Kalendas
2928 4116 3132 4183 lunias,
3164 4119 3214 4170 in
3245 4114 3511 4171 territn'rio

1949 4187 2285 4256 Lugdunensi
2311 4188 2376 4239 ad
2408 4188 2718 4240 Calaronam
2750 4187 2964 4239 ﬂuvium
2996 4188 3012 4254 (
3040 4190 3090 4239 Ia
3117 4187 3439 4240 Chalaronne
3463 4186 3507 4255 ).

1946 4258 2002 4311 In
2042 4260 2158 4325 ipso
2186 4258 2331 4322 loco,
2364 4256 2452 4310 ubi
2490 4271 2678 4325 passus
2707 4266 2818 4319 est,
2849 4270 2989 4310 nunc
3028 4268 3198 4310 exstat
3229 4258 3381 4309 vicus
3412 4272 3509 4311 suo

1948 4328 2113 4395 ipsius
2130 4327 2342 4381 nomine
2362 4327 2607 4379 donatus.
2630 4326 2702 4380 De
2722 4340 2787 4379 eo
2807 4325 3043 4379 Cointius
3066 4336 3208 4379 tomo
3227 4328 3267 4380 II
3290 4327 3353 4379 ad
3372 4327 3512 4382 hunc

1947 4412 2142 4450 annum
2173 4398 2339 4450 Iusins
2364 4396 2603 4459 disserit,
2633 4395 2719 4449 ubi
2749 4396 2983 4447 Aridiuin
3012 4411 3039 4446 a
3071 4397 3364 4449 sceleribus
3390 4410 3510 4459 quae

1950 4468 2034 4520 hic
2068 4479 2118 4519 et
2172 4467 2535 4533 superioribus
2586 4465 2844 4534 capitibus
2889 4465 2987 4532 ipsi
3020 4464 3321 4519 tribuuntur
3350 4468 3512 4534 plurio

264 4546 471 4597 dicitur
519 4543 884 4608 Fariniacum,
928 4554 981 4595 ut
1029 4543 1114 4595 hic
1155 4543 1207 4596 in
1253 4540 1352 4594 Ch.
1387 4548 1445 4593 et
1488 4539 1649 4593 Freh.
1698 4540 1846 4592 Nunc

269 4622 432 4682 vngo
459 4628 488 4665 a
522 4624 758 4682 tempore
787 4614 951 4666 Sancti
997 4612 1288 4682 Bernardi,
1308 4612 1457 4676 cujus
1487 4611 1574 4662 ille
1605 4611 1848 4682 meminit

268 4679 503 4749 epiStnla
532 4683 658 4746 547,
690 4680 1091 4741 Faberniucum,
1122 4692 1212 4735 aut
1243 4679 1636 4749 Faverm'acumﬂ.
1672 4679 1765 4732 Est
1796 4688 1849 4732 et

270 4746 574 4806 Faverth
605 4768 764 4821 prope
792 4751 1103 4821 Fribut'gum
1128 4752 1181 4805 in
1211 4750 1444 4816 Brisgoia
1462 4790 1478 4813 ,
1506 4758 1561 4803 el.
1580 4746 1847 4821 tttternay

271 4824 425 4876 aicu°s
446 4824 583 4877 inter
611 4820 879 4876 Divionem
903 4834 956 4875 et
980 4820 1272 4875 Aussonatn
1302 4822 1365 4889 in
1384 4820 1707 4889 Burgundia.

354 4902 379 4930 °
430 4894 569 4947 lidi'ti
614 4894 880 4961 plerique,
926 4892 1188 4962 Ilogonem
1230 4887 1619 4962 etAEborinum.
1673 4889 1850 4962 t.’ol_b.,

281 4963 570 5017 ﬂocconem
599 4959 645 5017 et
680 4959 987 5025 Ebrom'um,
1007 4959 1070 5015 et
1101 4963 1237 5014 idem
1264 4960 1424 5013 altera
1465 4973 1621 5010 manu
1650 4959 1854 5011 comites

274 5035 502 5096 stabuli;
533 5036 617 5087 cui
647 5036 923 5089 Aintoinus
950 5033 1247 5096 consentit,
1278 5046 1366 5098 qui
1402 5029 1559 5081 habet
1588 5029 1854 5099 prtrfectos

275 5122 539 5159 CGMOTHHL

592 5182 645 5227 et
673 5172 744 5225 al.
770 5171 920 5231 edit.,
952 5168 1294 5225 Bel/inicum.
1326 5169 1371 5221 Is
1417 5176 1497 5222 est
1526 5169 1855 5229 Witterieus.

276 5245 393 5313 qui,
425 5259 601 5296 occso
633 5247 794 5296 Liuba
828 5243 898 5303 ll,
941 5258 1155 5311 regnum
1185 5240 1622 5308 Wisigottltorum
1665 5240 1860 5291 itnasit

277 5332 425 5368 anno
454 5316 575 5368 ωδ.

357 5393 382 5429 ﬁ
415 5384 504 5439 Sic
532 5386 702 5448 Clar.,
734 5382 866 5435 Bob.
893 5392 944 5433 et
967 5383 1171 5445 exteri;
1202 5391 1255 5434 at
1276 5378 1425 5434 Colb.
1450 5394 1567 5432 cum
1599 5379 1861 5449 plerisque

280 5453 399 5517 cd.,
434 5454 818 5507 Tlteodelindw.
855 5452 927 5505 De
954 5452 1083 5511 hac.
1114 5453 1245 5504 inl‘ra
1266 5492 1280 5515 ,
1310 5464 1429 5517 cap.
1464 5449 1554 5501 4'2.

359 5524 388 5559 ι
423 5527 495 5577 Ex
523 5526 605 5578 his
636 5522 811 5577 verbis
843 5523 1078 5575 nonnulli
1108 5519 1344 5573 inferunt
1372 5535 1433 5571 ea
1464 5534 1581 5584 quin
1624 5533 1859 5588 sequun-

285 5606 374 5646 tur
397 5596 459 5647 ad
492 5612 581 5648 an.
604 5592 669 5648 15
692 5592 1004 5646 Theoderici
1036 5606 1157 5646 esse
1186 5590 1505 5642 revocanda.

366 5668 384 5703 ⁸
429 5666 473 5719 Is
512 5675 597 5719 est
634 5660 897 5732 Agilullus
931 5660 1398 5731 Langobardoium
1432 5674 1520 5711 rex
1553 5660 1639 5728 qui
1670 5670 1723 5712 et
1754 5660 1863 5726 Ago

1953 4537 2053 4589 bus
2082 4536 2350 4589 vindicare
2377 4545 2618 4589 cnnatur.
2654 4539 2725 4588 De
2754 4540 2920 4588 sancti
2951 4536 3209 4589 Desiderii
3254 4538 3511 4604 martyrio

1954 4607 2175 4674 legenda
2213 4614 2294 4659 est
2330 4606 2550 4673 epistola
2594 4604 2791 4658 Adonis
2818 4605 2883 4657 ad
2926 4605 3204 4674 ecclesiam
3242 4607 3514 4660 Viennen-

1955 4672 2205 4740 nensem,
2235 4676 2320 4728 cui
2352 4677 2467 4742 ipse
2495 4676 2693 4729 saeculo
2725 4690 2773 4727 Ix
2807 4672 3035 4741 praefuit.

2026 4744 2052 4783 ιι
2097 4746 2206 4799 Hoc
2232 4756 2391 4813 caput
2420 4744 2571 4799 deest
2601 4745 2650 4797 in
2678 4746 2799 4797 cod.
2831 4744 2985 4799 Colb.
3016 4759 3173 4812 quem
3205 4745 3519 4799 .‘llettensem

1954 4816 2188 4884 appellat
2212 4814 2470 4869 Cointius.
2507 4814 2878 4883 lnterpolatum
2920 4825 3095 4869 tamen
3135 4815 3239 4868 dici
3283 4829 3388 4867 non
3424 4828 3523 4884 po.

1958 4883 2100 4950 tést,
2127 4884 2323 4952 quippe
2349 4884 2491 4952 quod
2536 4885 2761 4938 habetur
2788 4885 2840 4937 in
2868 4889 3031 4937 veteri
3072 4884 3364 4952 exemplari
3399 4883 3524 4935 Col-

1956 4956 2075 5023 legii
2107 4959 2433 5008 Claromonl.
2457 4996 2471 5018 ,
2504 4955 2643 5021 quod
2674 4968 2802 5006 sane
2833 4955 2970 5006 haud
3016 4954 3103 5006 diu
3143 4964 3262 5020 post
3290 4952 3523 5005 aucmris

1957 5022 2166 5078 aetatem
2193 5026 2515 5088 descriptum
2546 5036 2647 5077 est.
2693 5025 2886 5076 Eadem
2932 5023 3097 5076 l'erme
3138 5022 3292 5074 habet
3336 5032 3526 5088 auctor

1959 5094 2262 5161 appendieis
2288 5096 2351 5145 ad
2376 5087 2524 5144 Marii
2551 5092 3182 5161 Clll‘OﬂICllﬂl.AC:BiCI'IIlll
3207 5087 3526 5161 Si_s_ebodns,

1959 5156 2053 5217 seu
2084 5175 2137 5218 ut
2167 5165 2293 5216 editi
2329 5162 2559 5226 habent,
2591 5164 2869 5216 Sisebutus
2895 5158 3236 5213 Guntlemaro
3260 5156 3527 5212 Witterici

1961 5237 2259 5287 successori
2300 5232 2618 5284 sultStitntus
2655 5241 2736 5284 est
2773 5245 2913 5281 anno
2958 5229 3097 5282 6P2:
3142 5244 3305 5295 quare
3344 5242 3529 5280 emen-

1963 5304 2169 5356 dandus
2193 5311 2274 5356 est
2306 5301 2607 5367 Fredt-garii
2638 5301 2895 5352 calculus.
2928 5299 3157 5352 Sisebuti
3193 5298 3377 5351 laudes
3407 5298 3530 5351 vide

1964 5378 2100 5440 apud
2133 5373 2387 5426 lsidorum
2408 5412 2424 5435 ,
2458 5366 2506 5423 iu
2537 5366 2833 5431 Chronico,
2866 5368 2931 5421 ad
2962 5384 3121 5421 teram
3151 5367 3275 5421 650.

2043 5441 2060 5480 ι
2108 5445 2159 5495 Id
2198 5450 2281 5496 est
2328 5442 2580 5493 adversus
2628 5441 2929 5499 ltomanos,
2981 5453 3076 5489 seu
3128 5439 3528 5505 imperatorem.

1968 5513 2111 5565 Alias
2139 5514 2335 5581 Stepius
2368 5511 2746 5577 rempublicam
2779 5510 3006 5576 appellat
3027 5547 3040 5572 ,
3071 5518 3125 5560 et
3152 5508 3288 5560 infra
3318 5507 3530 5575 imperii

2008 5592 2197 5637 artem.

1971 5598 2201 5709 pnitde
2243 5651 2549 5721 llispaniam
2590 5648 3048 5704 Tarraconensem
3091 5646 3409 5717 pertinebat,
3440 5646 3509 5698 lio
