4020 6194
504 242 515 257 ”
542 247 643 303 627v

1742 236 2165 293 FBEDEGARII
2206 237 2647 293 SCIIOLASTICI

3708 232 3832 289 623

543 360 789 417 nomine,
820 354 905 423 qui
936 355 1276 410 Cantabriam
1326 366 1566 425 tempore
1602 355 1945 409 Franctvrum
1982 354 2111 407 sub-
2142 355 2194 414 Α
2220 364 2427 406 menter
2465 352 2796 419 diligeretur,
2843 348 3245 416 simplicitatem
3287 345 3654 401 Tliettdcbcrti
3709 345 3830 397 lm-

545 458 737 504 cxerat
763 456 813 509 ι,
844 447 1036 498 tributa
1070 444 1396 499 Francorum
1430 445 1642 514 regibus
1672 445 1842 498 multo
1875 452 2117 510 tempore

542 541 875 607 impleverat.
917 536 1019 589 Sed
1053 551 1174 593 cum
1205 551 1233 588 a
1276 546 1425 603 parte
1465 536 1674 601 imperii
1715 536 1886 589 fuerat
1923 534 2121 588 Canta-

547 634 660 687 bria
690 638 933 685 revocata
964 627 1015 691 δ,
1050 642 1079 679 a
1110 628 1319 682 Gottbis
1340 670 1353 691 ,
1390 637 1444 680 nt
1474 642 1630 695 supra
1663 626 1878 696 legitur,
1913 640 2120 694 praeoc-

546 734 795 792 cupatur,
824 732 877 775 et
909 721 1085 788 plures
1122 720 1364 774 civitates
1402 721 1469 773 ab
1508 719 1733 784 imperio
1765 718 2006 771 Romano
2033 716 2119 770 Si-

549 814 782 869 :ehodus
813 812 865 866 in
898 813 1071 864 littore
1098 811 1259 862 maris
1288 810 1524 871 abstulit,
1544 819 1599 864 et
1627 824 1795 877 usque
1816 807 2123 861 fundamen-

554 913 662 956 tum
690 901 973 957 destruxit.
999 898 1481 966 Ctimqttii'Romani
1509 900 1577 952 ab
1605 898 1841 953 exercitu
1874 897 2118 953 Sisebodi

552 993 964 1053 trucidarentur,
989 989 1279 1045 Sisebodns
1301 991 1511 1044 dicebat
1533 991 1727 1059 pietate
1751 989 1942 1059 plenus
1967 1005 1980 1041 :
2010 987 2120 1042 Heu

552 1099 639 1137 me
668 1083 917 1136 miserum
945 1121 959 1143 ,
991 1079 1139 1145 cujus
1169 1088 1407 1147 tempore
1435 1088 1576 1131 tanta
1605 1079 1877 1148 sanguinis
1904 1076 2121 1130 humani

556 1174 743 1225 effusio
775 1174 931 1225 iitur!
975 1172 1281 1240 Cuicunque
1309 1180 1513 1240 poterat
1542 1184 1823 1223 occurrere
1854 1169 1921 1222 de
1952 1178 2123 1222 morte

555 1265 830 1317 liberabat.
875 1263 1258 1318 Conlirmatum
1304 1274 1384 1315 cst
1436 1276 1659 1329 regnum
1704 1261 2021 1315 Gotthorum
2069 1262 2121 1314 in

553 1352 745 1421 Spania
779 1368 872 1420 per
902 1353 1067 1407 maris
1097 1355 1271 1407 littora
1304 1366 1468 1415 usque
1498 1361 1704 1404 montes
1737 1350 2049 1417 Pyremeos.

596 1441 867 1508 XXXIV.
900 1442 1013 1513 Ago
1040 1458 1131 1497 rex
1159 1441 1624 1509 Langobardorum
1644 1441 1847 1508 accepit
1866 1454 2083 1492 uvorem
2105 1480 2121 1504 ,

555 1531 848 1585 Grimoaldi
890 1541 944 1585 et
980 1532 1280 1585 Gundoaldi
1320 1544 1663 1599 germanam,
1704 1529 1921 1582 nomine
1949 1526 2126 1581 Theu-

554 1619 821 1673 delindam
841 1660 853 1683 ,
880 1636 942 1673 ex
970 1635 1165 1687 genere
1192 1619 1516 1673 Francorum
1546 1627 1593 1683 ο,
1624 1633 1783 1687 quam
1812 1617 2127 1670 Cbildeber-

2227 455 2378 497 neste
2436 455 2814 509 comportans,
2878 439 3012 492 nihil
3076 454 3134 491 se
3199 438 3459 491 minorem
3521 451 3550 487 a
3610 436 3829 489 Iit-uni-

2223 536 2401 589 cbilde
2440 550 2559 587 esse
2599 541 2877 595 censeret,
2920 531 3009 585 sed
3049 530 3243 597 saepius
3286 544 3379 597 per
3421 529 3627 596 legatos
3671 528 3832 580 Bru-

2225 626 2514 678 nichiidem
2554 624 2887 690 despiceret,
2942 620 3065 673 dum
3120 621 3188 673 ab
3237 622 3349 689 ipsa
3399 619 3828 687 incrt'pabatnr,

2222 715 2363 783 quod
2411 715 2601 768 ani-illa
2646 712 2999 766 Brunicbildre
3057 712 3285 773 fuisset,
3349 710 3562 763 tandem
3614 710 3703 761 bis
3765 717 3826 762 et

2224 806 2343 859 aliis
2404 803 2610 868 verbis,
2675 804 2860 871 legatis
2918 802 3377 864 discurrentibus,
3437 800 3506 853 ab
3570 798 3823 853 invicem

2225 905 2566 957 vexarentur,
2624 895 2874 963 placitum
2940 894 3076 947 inter
3126 894 3469 947 Coleronsem
3527 903 3581 945 ct
3631 892 3825 947 Sueu-

2226 993 2426 1040 teusem
2462 995 2487 1032 8
2519 984 2661 1051 ﬂtttr,
2690 994 2748 1037 ut
2787 985 2882 1038 has
2923 984 3056 1038 duas
3095 986 3305 1052 reginas
3350 999 3447 1051 pro
3494 998 3625 1051 pace
3665 984 3826 1036 intcr

2224 1074 2610 1129 Theudericum
2674 1083 2728 1127 et
2788 1074 3217 1127 Thcndebertum
3278 1072 3667 1141 conjungercnt
3745 1070 3823 1123 ει]

2224 1163 2652 1231 colloquendum.
2680 1162 2785 1217 Sed
2812 1162 3107 1216 Bilicbildis
3133 1161 3371 1217 consiliis
3398 1162 3817 1214 Austra-iornm

2228 1255 2355 1307 inibi
2389 1254 2570 1308 venire
2599 1254 2822 1308 distulit.
3546 1242 3555 1251 ⁵

2297 1348 2393 1399 An.
2434 1362 2573 1400 notx.
2602 1376 2671 1387 -—
2698 1347 2933 1400 XXXVI.
2968 1349 3123 1401 Anno
3156 1345 3218 1398 14
3249 1347 3396 1416 regni
3438 1345 3773 1400 Theudorici
3803 1386 3822 1409 ,

2229 1437 2367 1490 beati
2401 1436 2714 1491 Columbini
2747 1435 2777 1477 δ
2808 1449 3049 1493 creverat
3082 1439 3191 1508 jam
3238 1440 3434 1506 passim
3471 1436 3614 1491 fama
3648 1440 3701 1491 in
3740 1441 3825 1492 ci-

2227 1528 2478 1580 vitatibus
2526 1529 2639 1582 sive
2676 1527 2689 1565 ί
2730 1529 2779 1581 in
2832 1530 3111 1583 universas
3163 1529 3365 1583 Gallias
3411 1540 3463 1582 et
3506 1529 3827 1582 Germania!

2232 1619 2532 1682 provincias
2561 1636 2572 1670 :
2608 1628 2832 1687 eratque
2860 1621 3096 1673 omnium
3122 1634 3335 1673 rumore
3361 1619 3665 1684 laudabilis,
3694 1634 3826 1672 om-

559 1723 643 1765 tns
684 1712 943 1766 habuerat
980 1713 1374 1781 deSponsatam.
1420 1709 1553 1764 Cum
1595 1725 1711 1763 eam
1744 1710 1969 1764 consilio
1998 1709 2130 1763 Bru-
2159 1706 2205 1766 Β
2236 1712 2381 1764 nium
2422 1712 2564 1764 cultu
2606 1710 2945 1775 venerabilis,
2989 1713 3038 1764 iu
3083 1721 3284 1765 tantum
3307 1752 3321 1771 ,
3356 1721 3411 1764 ut
3440 1710 3827 1764 Theudoricus

536 1808 807 1861 nichildae
847 1808 1267 1877 postposuissct,
1313 1804 1661 1860 Gundoaldus
1713 1818 1834 1857 cum
1880 1802 2126 1856 omnibus

544 1901 720 1955 rebus
766 1915 949 1954 secum
998 1914 1306 1969 germanam
1349 1895 1772 1951 Tbeudelindam
1824 1894 1877 1947 in
1922 1893 2126 1947 Italiam

558 1991 867 2057 transtulit,
899 2001 954 2046 et
981 1992 1034 2045 in
1061 1990 1458 2045 matrimOnium
1488 1988 1656 2057 Agoni
1700 1986 1934 2041 tradidit.
1978 1984 2127 2039 Gun-

554 2083 779 2137 doaldus
807 2081 872 2135 de
901 2090 1058 2151 gente
1083 2080 1245 2133 nobili
1278 2078 1743 2147 Langobardorum
1769 2075 1975 2141 accepit
1997 2088 2129 2127 uxo-

556 2189 669 2228 rem
690 2213 707 2240 ,
735 2174 801 2227 de
828 2188 929 2241 qua
962 2172 1098 2224 duos
1125 2172 1284 2240 611
1321 2170 1454 2223 illius
1481 2167 1721 2236 accepit,
1768 2165 1857 2220 bis
1898 2165 2127 2218 nomini-

558 2267 690 2325 bus,
725 2263 1123 2318 Gundebertum
1147 2272 1199 2315 et
1219 2259 1593 2314 Cbaribertum
1616 2257 1664 2311 ά.
1694 2258 1806 2327 Ago
1833 2273 1921 2310 rex
1943 2299 1956 2322 ,
1990 2257 2130 2310 lilius

558 2353 803 2408 Autbarii
843 2353 1015 2420 regis,
1055 2350 1122 2405 de
1161 2349 1531 2403 Tbeudelinda
1569 2348 1753 2401 habuit
1792 2346 1955 2399 lilium
1979 2387 1993 2409 ,
2035 2362 2129 2399 no-

560 2443 700 2496 mine
729 2441 1026 2495 Adoaldum
1058 2440 1164 2511 [AL
1190 2435 1542 2507 Odoaldum],
1587 2448 1641 2491 et
1682 2436 1872 2499 ﬁliam,
1917 2435 2129 2489 nomine

564 2533 994 2600 Gnndobergam.
1050 2532 1179 2584 Dum
1211 2529 1553 2585 Gundoaldus
1583 2544 1612 2581 a
1646 2528 2011 2597 Langobardis
2046 2528 2130 2581 ni-

549 2625 729 2677 .mium
768 2623 1099 2693 diligeretur,
1133 2620 1364 2676 factione
1398 2622 1597 2690 Agonis
1634 2621 1773 2688 regis
1807 2630 1861 2674 et
1886 2619 2132 2675 Theudo-

558 2715 751 2779 linda‘,
782 2730 903 2769 cum
936 2714 1107 2783 ipsum
1134 2713 1245 2782 jam
1278 2711 1394 2767 zelo
1421 2711 1530 2785 [AL
1560 2711 1611 2765 in
1644 2710 1839 2780 zelum]
1869 2720 2129 2776 tenerent,

559 2807 648 2861 ubi
688 2807 754 2860 ad
795 2816 1037 2862 ventrem
1079 2805 1413 2875 purgandum
1446 2806 1500 2859 in
1528 2803 1775 2859 faideone
1809 2812 1833 2842 ⁸
1872 2802 2129 2868 sedebat,

556 2898 743 2965 sagitta
775 2896 989 2950 saucius
1016 2897 1264 2950 moritur.

631 2993 728 3048 Au.
761 3008 939 3047 ucvtn.
969 3020 1039 3031 -—
1061 2990 1278 3045 XXXV.
1309 2988 1463 3044 Anno
1496 2990 1563 3044 15
1587 2989 1736 3058 regni
1770 2985 2084 3042 Theuderici
2110 3027 2126 3053 ,

2233 1819 2326 1857 rex
2355 1805 2419 1857 ad
2449 1818 2572 1857 eum
2604 1818 2749 1871 saepe
2778 1803 3091 1857 Lussovium
3118 1808 3133 1852 t
3166 1803 3399 1869 veniret,
3426 1813 3481 1856 et
3504 1803 3824 1855 orationum

2230 1909 2446 1948 suarum
2486 1894 2737 1962 suffragia
2776 1894 2919 1947 omni
2960 1909 3080 1947 cum
3130 1894 3427 1946 humilitate
3469 1892 3823 1959 deposceret.

2230 1985 2310 2038 Ad
2354 2000 2508 2053 quem
2554 1972 2848 2053 Saepissime
2873 1986 3034 2055 612
3064 1999 3182 2037 cum
3228 1985 3471 2050 veniret,
3520 1983 3686 2051 coepit
3734 1983 3826 2036 vir

2233 2074 2330 2129 Dei
2378 2090 2500 2129 eum
2548 2075 2861 2143 increpare,
2916 2092 3012 2129 cur
3055 2076 3476 2129 concubinarum
3530 2075 3826 2129 adulteriis

2231 2165 2564 2228 misceretur,
2607 2174 2661 2218 et
2698 2180 2803 2219 non
2846 2169 3024 2235 potius
3054 2166 3277 2236 legitimi
3319 2164 3553 2235 conjugii
3593 2165 3824 2219 solami-

2232 2261 2387 2314 nibus
2436 2260 2737 2321 frueretur;
2796 2269 2854 2314 ut
2902 2259 3096 2329 regalis
3149 2260 3329 2329 proles
3379 2275 3443 2312 ex
3507 2259 3819 2313 honorabili

2231 2354 2407 2421 regina
2440 2353 2786 2421 procederet,
2820 2364 2873 2407 et
2904 2368 3007 2406 non
3040 2355 3217 2423 potius
3246 2370 3313 2407 ex
3347 2354 3697 2419 lupanaribus
3730 2352 3818 2405 vi-

2231 2446 2446 2499 deretur
2466 2461 2761 2516 emergere.
2791 2446 3153 2515 Cnmqnejam
3182 2445 3246 2498 ad
3276 2445 3372 2498 viri
3402 2444 3490 2499 Dei
3522 2445 3816 2512 imperium

2232 2536 2370 2603 regis
2397 2550 2576 2589 sermo
2607 2537 3034 2604 obtemperaret,
3065 2546 3117 2589 et
3155 2550 3213 2589 se
3240 2535 3305 2587 ab
3333 2536 3572 2587 omnibus
3605 2534 3814 2587 illicitis

2231 2640 2515 2696 segregare
2565 2626 2892 2695 sponderet,
2948 2634 3181 2680 mentem
3239 2625 3593 2679 Brunichildis
3640 2625 3818 2687 aviae,

2232 2716 2465 2770 secunda
2512 2727 2563 2771 at
2601 2726 2715 2771 erat
2752 2716 3013 2771 chabelis
3042 2715 3092 2781 ιι,
3134 2719 3380 2786 antiquus
3420 2715 3609 2785 anguis
3652 2716 3818 2778 adiit,

2232 2820 2459 2873 eamque
2523 2815 2707 2861 contra
2766 2806 2936 2860 virum
2996 2805 3091 2861 Dei
3146 2808 3471 2860 stimnlatam
3543 2807 3819 2875 superbiai

2233 2897 2421 2949 aculeo
2448 2899 2646 2951 excitat
2666 2938 2681 2961 ,
2714 2897 2833 2965 quia
2864 2908 3108 2952 cerneret
3135 2898 3251 2951 viro
3281 2898 3373 2951 Dei
3415 2896 3817 2951 Theudoricum

2232 2988 2468 3043 obedire.
2504 2988 2797 3043 Verebatur
2830 2990 2968 3043 enim
3004 3005 3103 3057 ne,
3146 2988 3189 3043 si
3233 2989 3455 3057 abjectis
3497 2988 3821 3043 concubinis

561 3098 681 3137 cum
726 3081 1132 3135 Theudebertus
1180 3079 1513 3134 Bilithddetn
1547 3077 1565 3116 ί
1600 3077 1827 3131 habebat
1870 3090 2120 3139 uxorem,
2153 3065 2197 3129 C
2233 3078 2472 3147 reginam
2514 3080 2649 3134 aula:
2677 3078 3036 3149 prmiecisset,
3072 3079 3343 3147 dignitatis
3381 3090 3542 3149 atque
3589 3079 3821 3133 honoris

556 3186 717 3241 quam
751 3169 1106 3224 Brunicbildis
1148 3184 1178 3222 a
1218 3169 1641 3238 negotiatoribus
1675 3177 2004 3222 mercaverat
2029 3211 2043 3235 ,
2074 3176 2129 3221 et

550 3275 698 3321 esset
726 3263 1023 3319 Bilicbildis
1065 3261 1242 3327 utilis,
1273 3270 1328 3317 et
1354 3278 1383 3317 a
1415 3263 1622 3317 cunctis
1648 3261 1939 3316 Austrasiis
1964 3260 2128 3314 vehe-

548 3415 644 3471 die
670 3416 825 3484 vulgo
858 3414 1075 3485 Biscaya
1111 3412 1449 3485 (laABiscaye)
1481 3413 1694 3485 dicitur.
1727 3414 1880 3483 cujus
1912 3413 2117 3470 incolas

558 3483 795 3539 nonnulli
826 3486 982 3539 etiam
1012 3483 1211 3538 ἐωιίουὶ
1237 3492 1483 3537 auctores
1510 3483 1758 3538 Basculus
1782 3501 1876 3540 seu
1907 3484 2121 3540 Basclos

550 3556 845 3610 .aonellant.

559 3710 721 3764 quare
750 3696 989 3747 Cointius
1021 3702 1167 3760 putat
1194 3695 1331 3764 hunc
1358 3692 1707 3764 Francionem
1728 3709 1757 3748 a
1782 3692 2123 3750 Childéberto

557 3760 610 3819 et
643 3764 871 3817 Clotario
902 3764 1205 3833 praefectum
1240 3761 1400 3815 fuisse
1425 3760 1725 3833 Cantabria:
1744 3806 1758 3827 ,
1782 3780 1940 3833 quam
1967 3767 2125 3820 sube-

558 3844 778 3904 gerant,
809 3841 865 3886 ut
891 3831 1090 3900 colligit
1117 3848 1180 3885 ex
1215 3833 1305 3885 lib.
1340 3832 1564 3904 tu_Hist.
1591 3832 1755 3903 Greg.
1786 3831 1904 3898 cap.
1932 3835 2027 3887 29.

631 3903 658 3941 δ
699 3904 913 3971 Aliquot
937 3904 1048 3967 e-l.,
1080 3912 1364 3956 revocatus.
1399 3902 1564 3956 Porro
1593 3919 1623 3954 a
1651 3902 1793 3970 parte
1816 3905 2037 3970 ἱπιρενίἰ,
2072 3905 2121 3958 id

558 3984 668 4037 est,
704 3973 764 4025 ab
794 3973 1017 4026 exercitu
1049 3972 1406 4039 imperatoris;
1436 3984 1525 4024 aut
1560 3987 1705 4027 certe
1745 3974 2022 4043 legendum
2055 3976 2123 4029 ad

557 4052 943 4114 partem,ietc._,
976 4043 1025 4095 id
1056 4052 1167 4107 est,
1200 4043 1424 4114 imperio
1452 4043 1718 4114 restituta.

633 4123 655 4149 ε
696 4113 846 4182 (ξοιι).
876 4112 970 4182 alt.
1004 4127 1161 4165 manu
1182 4152 1197 4174 ,
1226 4111 1398 4182 eth.
1422 4112 1515 4177 a|.,
1543 4111 1921 4182 Bajuarioram.
1947 4114 2124 4167 Theo-

557 4180 769 4253 delinda
810 4181 1032 4249 primum
1074 4180 1363 4253 Autbario,
1406 4180 1733 4253 Agonis‘seu
1775 4185 1986 4253 Agilulii
2024 4185 2122 4237 de-

557 4250 793 4321 cessori,
833 4250 1270 4321 nupserat.g_Vide
1309 4251 1528 4305 Paulum
1563 4251 1736 4318 Diac.,
1772 4250 1867 4306 lib.
1903 4269 1958 4306 ιιι
1997 4268 2117 4321 cap.

558 4319 647 4385 51,
676 4331 728 4374 et
758 4321 849 4376 lib.
880 4336 933 4375 ιν
964 4335 1081 4387 cap.
1106 4319 1138 4371 5
1166 4330 1220 4374 et
1248 4335 1397 4391 seqq.
1426 4321 1624 4391 Dicitur
1644 4337 1705 4374 ex
1730 4337 1924 4391 genere
1955 4319 2121 4376 Fran-

557 4404 778 4452 corum,
818 4406 924 4443 non
971 4393 1138 4442 solum
1192 4390 1329 4456 quod
1383 4390 1618 4457 Bajoaria
1663 4390 1806 4444 esset
1851 4401 1976 4445 tunc
2019 4394 2119 4445 sub

2230 3172 2309 3224 sui
2346 3169 2559 3224 modum
2600 3179 2946 3239 amputasset.
2981 3171 3167 3224 Evenit
3191 3184 3317 3236 ergo
3352 3179 3409 3223 ut
3444 3170 3676 3236 quadam
3726 3170 3820 3223 die

2228 3262 2415 3317 beatus
2453 3260 2811 3316 Columbanus
2850 3260 2916 3315 ad
2961 3260 3359 3315 Brunirbildem
3407 3260 3636 3315 veniret.
3686 3260 3820 3315 Erat

2212 3415 2472 3481 ,nonnulli
2517 3418 2779 3488 superiori
2826 3416 3061 3472 Eiisatiaa
3097 3417 3407 3470 attribuunt.
3454 3415 3612 3471 Alter
3656 3418 3812 3489 igno-

2230 3497 2310 3540 tus
2340 3492 2441 3539 est.

2306 3554 2329 3627 β
2361 3555 2491 3621 Qum
2517 3557 2601 3611 bic
2630 3556 2891 3611 habentur
2919 3573 3084 3627 usque
3112 3558 3175 3610 ad
3208 3558 3363 3624 hujus
3386 3556 3574 3625 Capitis
3606 3558 3775 3627 linem
3798 3600 3814 3622 ,

2229 3626 2416 3698 iisdem
2447 3632 2667 3682 omnino
2697 3630 2876 3681 verbis
2910 3626 3153 3698 leguntur
3174 3629 3224 3680 iu
3254 3629 3366 3681 Vita
3393 3626 3819 3698 sanctiColum-

2231 3697 2353 3750 bani
2382 3710 2477 3763 per
2506 3698 2695 3752 Jonam
2728 3701 2922 3765 scripta
2946 3697 3140 3760 (nutu.
3171 3699 3233 3753 3i
3270 3708 3321 3751 et
3351 3712 3503 3766 seqq.
3531 3737 3545 3757 ,
3573 3697 3626 3750 in
3658 3700 3815 3753 Actis

2227 3778 2534 3822 sanctorum
2565 3771 2684 3821 ord.
2719 3769 3078 3833 Benedictini,
3112 3784 3238 3823 saec.
3273 3783 3342 3829 ιι,
3378 3782 3497 3835 pag.
3534 3768 3619 3820 17.

2304 3834 2318 3873 ί
2356 3837 2448 3894 Sic
2488 3839 2853 3907 antiquissima
2888 3855 3043 3891 manu
3074 3841 3415 3907 emendatum
3448 3834 3496 3890 tu
3528 3838 3651 3890 cod.
3685 3837 3817 3892 Cla-

2225 3922 2385 3975 rom.,
2418 3909 2504 3976 qui
2536 3906 2664 3961 alias
2696 3918 2751 3960 ut
2789 3909 2951 3970 editi,
2997 3908 3261 3963 habebat:
3298 3906 3483 3960 Beatus
3524 3908 3815 3963 Columba-

2228 3994 2324 4049 ἐιη
2372 3988 2615 4049 creverat,
2635 3982 2749 4049 jam
2792 3979 2979 4044 passim
3013 3980 3150 4048 {arua
3189 3979 3405 4031 civitatis
3434 3993 3543 4049 sua:
3571 3978 3626 4028 in
3648 4020 3661 4037 ,
3698 3990 3810 4033 etc.

2226 4048 2399 4114 Colb.,
2435 4052 2575 4112 fama
2602 4048 2809 4100 invitata
2835 4065 2928 4100 sua
2951 4065 2970 4113 ;
2996 4060 3047 4100 et
3075 4050 3242 4102 altera
3275 4064 3432 4100 manu
3454 4089 3468 4108 ,
3504 4048 3779 4101 invitante.

2300 4129 2314 4167 1
2357 4120 2493 4175 Editi
2523 4134 2643 4171 cum
2673 4118 2851 4177 Colb..
2885 4118 3199 4181 Luxuriam,
3225 4129 3280 4171 et
3309 4121 3385 4171 sic
3414 4118 3569 4169 infra.
3602 4118 3678 4171 Ibi
3702 4120 3809 4174 Co-

2226 4187 2504 4244 lumbunus
2536 4188 2917 4241 monasterium
2948 4188 3292 4249 condiderat,
3323 4188 3464 4257 quod
3494 4202 3560 4239 ex
3592 4198 3726 4243 tunc
3757 4198 3811 4243 et

2224 4261 2508 4313 sanctitate
2544 4267 2597 4311 et
2639 4257 3022 4312 monachorum
3064 4274 3285 4311 nurnero
3330 4258 3641 4325 pert-elebre
3685 4258 3807 4312 fuit.

2224 4327 2482 4395 Superest
2510 4344 2650 4382 nunc
2676 4343 2796 4381 cum
2827 4328 3026 4395 Oppido
3051 4331 3373 4395 cognomini,
3408 4344 3458 4381 .n
3486 4328 3811 4396 Burgundize

2224 4404 2497 4461 Comitatu,
2522 4398 2677 4463 vulgo
2707 4398 2926 4451 Larem!
2950 4402 3171 4463 dictum,
3201 4399 3597 4465 congregationi
3630 4402 3811 4455 sancti

558 4442 1130 4538 Francornnnditione,
1157 4442 1339 4538 ve'rpm
1362 4442 1532 4538 enim
1551 4442 1903 4538 qutud_a_vian_i
1920 4442 2119 4538 ista};
2148 4442 2200 4501 1)
2228 4442 3399 4538 iiiis};{RFJL'ESQLciTééBSdiJiQKEjEEii‘fﬁﬁ

561 4530 661 4588 rit,
703 4540 760 4581 ut
798 4528 952 4582 multi
990 4528 1203 4591 volunt,
1246 4527 1657 4594 Ragintrudem,
1697 4530 2051 4585 Theodeberti
2094 4532 2114 4586 Ι

559 4596 747 4650 ﬁliam.
799 4598 947 4650 Adde
986 4598 1123 4665 quod
1172 4607 1393 4650 matrem
1442 4600 1719 4664 habuerit,
1764 4602 1839 4656 uti
1887 4602 2114 4663 videtur,

555 4665 828 4719 Ultradam
860 4669 1095 4719 relictam
1126 4666 1486 4721 Tiieodcbaldi
1518 4670 1678 4727 regis.

627 4732 653 4772 ἀ
694 4736 827 4788 Abi:
857 4734 1191 4789 Haribertum
1212 4778 1224 4794 ,
1256 4738 1394 4803 quod
1429 4738 1645 4803 perinde
1670 4748 1770 4793 est.

630 4818 654 4842 α
700 4805 827 4858 iliuc
874 4805 1083 4877 dictum_
1117 4804 1499 4877 faldisturium,
1550 4808 1704 4875 vulgo
1745 4827 1814 4863 un
1861 4810 2115 4877 [anteuil,

556 4892 713 4943 quam
762 4889 1011 4947 vo_c_ciii_e
1053 4873 1316 4947 Saturnico
1363 4873 1783 4947 vocabulo—{ald
1823 4873 2114 4935 derivatani

557 4940 759 4999 volunt.
797 4942 924 4997 Vide
952 4941 1134 5010 Cangii
1167 4940 1516 4999 Glossarium.

632 5014 651 5051 τ
692 5015 826 5088 Alii,
865 5012 1199 5088 thpldidis;
1238 5026 1290 5068 et
1328 5013 1495 5081 infra,
1526 5028 1746 5071 cerneret
1774 5036 1789 5073 :
1817 5020 1904 5072 sed
1933 5022 2121 5088 «opius

553 5086 743 5156 legam;
767 5080 1134 5156 Brunichtidac‘.

627 5164 650 5201 κ
689 5154 789 5209 Ch.
830 5161 883 5207 et
912 5151 1092 5215 Freh.,
1120 5153 1357 5223 placitus.
1389 5155 1488 5209 Ch.
1520 5156 1615 5219 aL,
1646 5157 1891 5213 Colcunsc
1920 5169 1966 5210 et
2000 5158 2121 5213 Soi-

553 5232 709 5295 tense,
740 5224 820 5277 vel
849 5223 1165 5295 Seijintgnse.
1192 5226 1330 5287 (20L,
1357 5226 1535 5293 Bign,,
1561 5227 1707 5291 Bar.,
1738 5228 1813 5280 Ill.
1846 5239 1899 5282 et
1927 5229 2114 5295 Βαάλ,

553 5291 800 5356 placitum
828 5303 900 5360 est
931 5294 981 5344 in
1010 5291 1267 5349 Colerensi
1305 5306 1350 5348 et
1394 5291 1678 5351 Soluiteuzi
1719 5300 1845 5360 ﬁeri.
1895 5298 2025 5351 Bob.
2068 5291 2119 5349 ct

554 5360 739 5424 Colb..
768 5359 1115 5434 iu‘Colerense
1142 5372 1189 5416 et
1218 5364 1538 5434 Soginteme.
1567 5366 1627 5419 lli
1657 5359 1767 5434 pagi
1796 5367 2114 5422 contermini

555 5437 741 5506 erant,
768 5430 911 5506 prior
938 5430 990 5506 in
1013 5430 1229 5506 Δᾼιιδιιῆει
1247 5475 1263 5500 ,
1291 5430 1426 5489 alter
1456 5438 1508 5488 in
1535 5430 1832 5505 Burgundia
1853 5476 1869 5500 ,
1901 5439 1949 5491 iu
1979 5452 2112 5506 quo-

556 5512 671 5570 rum
716 5498 906 5570 iniibus
944 5499 1175 5570 habitum
1216 5498 1297 5555 est
1338 5506 1609 5570 placitum.
1642 5498 2113 5568 Suginteiisis'no-

552 5568 693 5641 tuine
720 5566 982 5643 designari
1016 5569 1218 5622 videtur
1246 5574 1290 5623 le
1322 5566 1589 5642 Santgaw,
1623 5576 1673 5627 iu
1705 5566 1972 5643 provincia
2004 5578 2110 5629 Ma-

552 5640 687 5689 xima
729 5636 1093 5698 Sequanorum
1134 5654 1317 5697 versus
1366 5636 1663 5711 Elisatiam,
1707 5636 1871 5714 quem
1914 5661 2103 5715 pagum

2299 4542 2324 4575 ι
2357 4540 2508 4593 Colb.
2540 4549 2591 4591 et
2619 4540 2782 4602 (Bar.,
2807 4537 3063 4591 Zezabelis
3087 4556 3105 4601 ;
3129 4540 3229 4591 Cb.
3257 4540 3353 4601 al.,
3379 4538 3653 4591 diabolica.
3683 4538 3805 4596 Vet.

2226 4607 2313 4662 ed.
2346 4610 2508 4663 Bueh.
2539 4618 2593 4661 et
2631 4611 2830 4671 caeteri,
2871 4608 3146 4662 secundum
3178 4622 3342 4661 vetera
3366 4620 3414 4661 et
3455 4610 3802 4663 detestabilia.

2225 4680 2329 4750 iit.,
2354 4678 2685 4733 detestabilis.
2712 4680 2975 4750 lniiciatur
2998 4680 3235 4732 Cointius
3256 4694 3293 4750 7a
3319 4678 3654 4750 Theoderico
3675 4694 3804 4750 rege

2224 4748 2446 4816 injustas
2473 4762 2666 4802 uxores
2692 4748 2877 4802 ductas
2918 4750 3078 4802 fuisse
3099 4788 3113 4809 ,
3157 4749 3463 4816 nullamque
3501 4748 3660 4815 hujus
3687 4748 3800 4803 odii

2223 4833 2437 4872 causam
2461 4820 2736 4873 exstitisse
2759 4819 3068 4882 arbitratur,
3096 4818 3196 4871 nisi
3226 4820 3369 4888 quod
3388 4818 3756 4873 Columbanus
3774 4835 3801 4872 a

2224 4889 2303 4941 sui
2335 4890 2640 4941 monasterii
2675 4890 2913 4955 ingressu
2943 4890 3228 4943 saeculares
3260 4889 3424 4951 virus,
3448 4889 3611 4941 etiam
3650 4889 3803 4956 prin-

2228 4958 2370 5022 cipes
2392 4998 2407 5022 ,
2440 4959 2715 5025 ipsamque
2760 4959 3151 5012 Brunicbildem
3196 4959 3457 5013 arcuissrt
3478 4999 3490 5013 .
3521 4972 3683 5026 quam
3711 4973 3798 5011 5'1-

2228 5028 2330 5080 lam
2357 5042 2572 5083 cauSam
2605 5038 2868 5081 memorat
2904 5039 3089 5081 auctor
3116 5038 3416 5081 eumtaneus
3449 5027 3581 5080 Vita:
3621 5031 3797 5097 sancti

2232 5098 2369 5165 Agizi
2402 5100 2607 5151 abbatis
2631 5098 3003 5152 Resbacensis.
3032 5097 3189 5151 Forte
3222 5101 3334 5151 haec
3360 5098 3529 5167 prima
3560 5098 3798 5166 fuitjur-

2226 5168 2431 5233 giorum
2460 5172 2706 5233 occasio,
2738 5183 2797 5222 ex
2830 5184 2930 5237 qua
2954 5207 2968 5231 ,
3001 5171 3074 5220 nti
3104 5169 3219 5220 ﬁeri
3254 5172 3419 5231 solet,
3451 5168 3571 5219 alia:
3612 5185 3798 5235 pos;ea

2225 5248 2428 5290 exorta:
2468 5237 2699 5291 inerunt.
2749 5239 2881 5291 Hinc
2911 5252 3035 5290 vero
3064 5237 3243 5290 mirari
3274 5239 3417 5290 subit
3449 5237 3667 5289 Patrum
3704 5254 3796 5291 no-

2221 5317 2452 5361 strorum
2493 5308 2807 5375 religionem
2838 5309 2889 5360 in
2924 5308 3170 5375 fugiendo
3200 5310 3534 5361 stecu'arium
3567 5323 3793 5362 COHSUI"

2222 5378 2317 5429 tio.
2361 5379 2620 5444 Quantam
2662 5394 2787 5432 vero
2824 5380 3147 5447 diligentiam
3189 5379 3239 5429 in
3285 5377 3551 5430 servanda
3583 5378 3683 5429 hac
3714 5395 3796 5431 ar-

2218 5447 2507 5499 cendurum
2540 5448 2874 5502 s:rcularium
2904 5464 2932 5501 a
2964 5448 3300 5501 monasteriis
3328 5448 3609 5514 disciplina
3642 5450 3793 5499 adbi-

2216 5516 2437 5588 hvrent,
2480 5518 2674 5588 vides‘is
2714 5518 2853 5588 apud
2902 5515 3169 5572 Mabillon.
3216 5519 3265 5570 in
3313 5516 3465 5586 praef.
3516 5519 3700 5571 smculi
3754 5532 3791 5570 ι’

2215 5584 2410 5640 Bened.
2440 5602 2587 5641 tium.
2615 5585 2705 5641 53.
