4020 6194
150 308 239 363 625
1594 284 2027 347 CllRONlCUM"
3321 284 3425 340 626

151 429 278 485 enim
317 435 436 481 tunc
478 422 1027 492 apttd'Brucartacum
1056 427 1086 455 ⁸
1118 416 1317 471 villam.
1354 410 1598 479 Cumque
1627 408 1717 462 illa

1825 402 2370 457 adversussanctum
2419 397 2813 455 Columbanum
2865 402 3103 470 excitat,
3164 392 3417 477 omnique

150 538 260 577 eum
283 520 332 577 in
356 520 524 573 aulam
555 517 741 571 venire
767 524 1031 578 cerneret,
1061 512 1199 566 lilios
1221 505 1567 567 Theoderici,
1590 515 1717 571 quos

1828 504 2021 551 conatu
2070 496 2384 564 perturbare
2440 493 2703 560 intendit;
2737 505 2959 564 oratque
2998 512 3250 568 proceres
3283 500 3417 554 auli-

153 616 210 666 de
234 609 541 665 adulterinis
567 606 1014 678 permixtionibus
1044 603 1309 662 habebat,
1339 598 1403 651 ad
1432 596 1601 651 virum
1628 594 1722 647 Dei
1825 603 1939 656 cos,
1972 590 2485 657 optimatesomnes,
2518 596 2576 641 ut
2603 587 2745 655 regis
2772 589 3005 642 animum
3030 598 3216 644 contra
3240 592 3412 645 virum

152 703 387 767 adducit;
424 715 560 770 quos
609 714 729 752 cum
783 697 1028 760 vidisset,
1085 690 1389 750 sciscitatur
1444 688 1570 756 quid
1619 685 1720 739 sibi
1826 680 1922 735 Dei
1955 682 2370 770 perturbarent:
2403 680 2799 750 episcoposqne
2820 682 3111 737 sollicitare
3138 698 3409 754 aggressa,

151 794 348 848 veneni,
403 793 500 845 cui
544 789 904 844 Brunictiitdis
959 790 1032 841 ait
1068 804 1080 839 :
1130 776 1288 855 [tegis
1327 791 1455 837 sunt
1496 780 1620 845 lilii,
1664 787 1720 831 tu
1826 781 1885 825 ut
1910 772 1977 825 de
2011 769 2026 809 ί
2063 773 2180 840 ejus
2220 772 2481 837 religione
2524 773 2895 840 detrahendo,
2932 783 3127 827 statum
3176 778 3405 837 regu‘m,

151 902 232 941 eos
262 884 635 939 benedimiune
666 883 879 935 robora.
928 882 996 933 At
1039 880 1167 933 ille:
1212 878 1559 944 Nequaquam
1584 913 1599 936 ,
1643 870 1723 923 in-
1825 879 1982 930 quam
2013 866 2124 919 suis
2154 864 2563 919 custodiendam
2594 865 2759 937 διε
2785 866 3066 920 monachis
3116 866 3405 929 indiderat,

148 978 280 1044 ηυίι,
331 977 460 1028 istos
509 974 709 1042 regalia
760 979 973 1037 sceptra
1021 978 1373 1035 suscepturus
1420 962 1597 1026 scias;
1652 959 1722 1013 de
1825 953 2175 1006 macularent.
2208 953 2655 1020 Obtemperantes
2706 957 2866 1025 igitur
2915 955 3072 1010 aulici
3120 958 3248 1024 regit
3291 972 3423 1023 μετ-η

150 1043 479 1133 lupanaribus
506 1069 865 1117 emerserunt.
916 1060 1007 1113 Illa
1052 1058 1233 1112 furens
1276 1056 1527 1126 parvulos
1569 1050 1721 1104 abire
1823 1043 2163 1097 ευθείοιιίδιιε
2209 1043 2419 1097 miserm
2470 1044 2704 1113 τεεῑηω.
2758 1046 2995 1098 animum
3046 1048 3184 1115 regis
3224 1060 3437 1099 000³³³

144 1155 299 1223 iub“.
356 1152 651 1223 Egrediens
708 1152 788 1205 vi,
842 1150 932 1204 Dei
994 1149 1192 1216 regiam
1248 1147 1422 1199 aulam
1467 1142 1531 1208 ι),
1592 1141 1717 1193 dum
1824 1135 1995 1189 virum
2028 1136 2119 1190 Dei
2153 1136 2487 1202 perturbant,
2514 1148 2769 1205 cogentes
2804 1138 3261 1192 utaecederetac
3285 1139 3410 1191 reli-

149 1244 356 1298 ιίιηίιρη,
424 1243 755 1306 "augurat,
818 1242 995 1309 fragor
1049 1254 1115 1293 ex
1182 1247 1385 1292 ιειτοτε
1453 1234 1716 1297 incussit,
1820 1228 2033 1295 gionem
2076 1228 2326 1297 probaret
2356 1229 2645 1283 abactnsi.
2678 1231 2979 1298 Itaquearex
3011 1230 3076 1283 ad
3109 1230 3281 1283 virum
3319 1228 3410 1282 ltei

148 1347 237 1386 nec
288 1343 463 1386 tamen
522 1334 733 1384 misera:
786 1330 996 1384 femina:
1056 1329 1291 1382 furorem
1345 1327 1711 1396 compescuit,
1821 1318 2775 1389 Lussoviumvenit,conqnestusque
2801 1335 3228 1383 cumeo,cura
3259 1337 3409 1374 com-

150 1436 393 1495 paratqne
434 1425 633 1480 deinde
678 1424 900 1479 insidias
945 1424 1143 1478 moliri.
1176 1422 1378 1477 Vieinis
1407 1422 1715 1477 monasterii
1820 1412 2238 1485 DFOVinCialibUS
2286 1412 2529 1466 moribus
2560 1412 2921 1478 deSCiSCCTel‘.
2974 1423 3025 1466 ει
3075 1414 3211 1467 infra
3260 1422 3409 1481 septa

147 1532 230 1585 per
274 1519 488 1570 nuntias
533 1518 759 1585 imperat
804 1526 860 1569 ut
906 1514 1038 1569 nulli
1075 1529 1259 1571 eorum
1300 1525 1452 1571 extra
1499 1530 1710 1568 monas-
1819 1506 2111 1561 secretiora
2161 1504 2413 1557 omnibus
2462 1503 2782 1557 Christianis
2822 1505 2998 1557 aditus
3027 1519 3131 1558 non
3184 1513 3407 1573 pateret.

148 1607 249 1660 terii
308 1607 568 1661 terminos
628 1609 729 1659 iter
783 1605 1047 1674 pandatnr
1073 1646 1090 1672 ,
1148 1620 1319 1672 neque
1372 1604 1714 1673 receptacula
1820 1597 2016 1653 Beatus
2046 1598 2225 1666 itaque
2252 1594 2641 1658 Columbanus,
2676 1605 2731 1647 ut
2764 1605 2880 1648 erat
2908 1594 3078 1648 audax
3113 1604 3271 1662 atque
3299 1597 3410 1647 ani-

148 1698 401 1751 ntonachis
447 1698 566 1765 ejus
610 1697 691 1749 vel
740 1696 994 1767 quaelibet
1040 1705 1064 1735 ο
1111 1695 1347 1749 subsidia
1394 1696 1712 1750 tribuantur.
1822 1704 1911 1743 mo
1961 1687 2185 1757 vigens.
2239 1686 2439 1741 talibus
2486 1684 2761 1753 objicienti
2814 1686 2928 1756 regi
2979 1686 3302 1754 respondit:
3339 1686 3421 1739 Se

144 1786 365 1841 Cernens
384 1787 548 1857 613
577 1787 762 1839 beatus
786 1784 1145 1839 Columbanus
1174 1786 1353 1853 regios
1379 1784 1589 1837 animos
1614 1783 1708 1837 ad-
1741 1784 1786 1844 Β
1813 1778 2254 1833 consuetudinem
2292 1790 2394 1828 non
2421 1774 2617 1828 habere
2644 1781 2697 1825 ut
2727 1774 3081 1828 siccularibus
3099 1774 3404 1828 hominibus

148 1895 341 1934 versum
363 1897 420 1933 se
451 1887 744 1948 permotos,
765 1876 831 1930 ad
860 1891 955 1930 eos
980 1886 1251 1946 preperat,
1281 1885 1335 1929 ut
1363 1876 1473 1929 suis
1496 1876 1712 1929 monitis
1817 1882 1871 1927 et
1896 1873 2155 1941 religione
2181 1870 2372 1924 alienis
2401 1864 2724 1920 famulorum
2756 1866 2856 1919 Dei
2894 1865 3237 1921 habitationis
3272 1882 3419 1935 pan-7

147 1968 375 2022 miseram
432 1968 743 2035 pertinaciae
791 1966 1113 2020 incentivam
1160 1964 1407 2034 frangant
1448 1962 1498 2019 ἀ.
1548 1964 1713 2017 Erant
1817 1964 1909 2018 dat
1951 1964 2251 2017 introitum.
2284 1959 2391 2017 Sed
2432 1969 2737 2028 opportuna
2782 1967 3011 2027 aptaque
3039 1961 3151 2012 loca
3195 1960 3258 2013 ad
3304 1961 3413 2013 hoc

147 2059 265 2111 enim
286 2068 405 2112 tunc
424 2057 682 2125 temporis
705 2056 842 2126 apud
868 2055 1134 2124 Spinsiam
1161 2066 1184 2094 ο
1214 2056 1392 2110 villam
1420 2056 1709 2124 publicam.
1817 2054 2015 2109 habere
2042 2063 2245 2123 parata,
2277 2066 2384 2121 quo
2412 2051 2653 2104 omnium
2689 2050 2959 2118 hospitum
2989 2049 3126 2105 adve
3149 2059 3251 2103 itus
3279 2064 3401 2103 sus-

148 2150 249 2213 Quo
276 2166 391 2204 cum
438 2150 553 2219 jam
584 2150 700 2203 sole
743 2149 1095 2204 occumbente
1124 2150 1394 2212 venisset,
1426 2151 1538 2219 regi
1570 2164 1708 2203 nun-
1815 2150 2061 2218 eipiatur.
2109 2147 2189 2203 Ad
2235 2149 2348 2201 hiec
2379 2160 2470 2201 rex
2499 2161 2515 2199 :
2553 2144 2635 2209 Si,
2667 2144 2878 2213 inquit,
2915 2145 3176 2215 largitatis
3206 2154 3402 2198 ιιοεῑτιε

148 2240 260 2294 tiant
290 2242 453 2294 virum
490 2242 583 2295 Dei
615 2220 742 2295 inibi
772 2256 913 2305 esse,
945 2256 1042 2295 nec
1072 2242 1212 2310 regis
1238 2241 1486 2296 domibus
1510 2252 1713 2298 ntetare
1817 2256 2039 2297 munera
2085 2249 2138 2295 et
2185 2239 2465 2294 salaminis
2512 2236 2946 2307 supplementum
2995 2251 3188 2305 capere
3214 2237 3365 2302 cupis
3388 2279 3401 2299 ,

150 2333 281 2388 velle.
307 2334 454 2388 Tunc
484 2332 855 2386 Theuderieus
881 2334 990 2397 ait,
1029 2334 1225 2388 melius
1255 2348 1377 2388 esse
1407 2333 1576 2387 virum
1620 2334 1712 2389 Dei
1816 2336 2067 2389 omnibus
2097 2334 2148 2386 in
2180 2334 2312 2387 locis
2348 2331 2589 2385 omnium
2638 2329 2843 2399 patebit
2874 2328 3143 2382 introitus.
3182 2327 3275 2381 Vir
3301 2327 3403 2382 Dei

150 2426 432 2492 opportunis
483 2425 743 2479 subsidiis
792 2424 1092 2490 honorare,
1124 2440 1283 2494 quam
1327 2426 1606 2480 Dominum
1645 2440 1711 2480 ex
1818 2423 2136 2493 respondit:
2172 2422 2228 2478 Si
2256 2420 2399 2491 quod
2429 2434 2571 2473 nunc
2598 2432 2770 2488 usque
2810 2418 2909 2473 sub
2938 2418 3201 2488 regularis
3240 2416 3403 2471 disci-

152 2527 396 2568 servorum
427 2516 548 2583 ejus
578 2514 783 2567 olfensa
812 2514 878 2567 ad
911 2515 1240 2569 iracundiam
1274 2530 1592 2584 provocare.
1616 2516 1714 2571 ,Ια-
1817 2516 1979 2585 pliute
2012 2514 2235 2569 habenis
2279 2513 2630 2567 constrictum
2688 2511 2798 2588 [AL
2855 2509 3246 2580 constructum]
3302 2507 3403 2563 l'uit

153 2608 225 2660 bet
243 2623 360 2677 ergo
382 2610 534 2675 regio
551 2607 693 2660 cultu
718 2616 1015 2673 opportune
1033 2607 1139 2679 [AL
1160 2607 1483 2680 opportuna]
1501 2623 1710 2677 parare,
1818 2605 2019 2659 violare
2046 2605 2288 2668 conaris,
2324 2617 2421 2657 nec
2448 2602 2553 2656 tuis
2574 2603 2915 2665 muneribus,
2942 2615 3040 2655 nec
3070 2602 3403 2669 quibuscun-

152 2698 228 2752 Dei
257 2698 445 2752 famulo
476 2698 735 2766 dirigere.
769 2699 947 2767 Itaque
980 2708 1263 2763 venerunt,
1298 2710 1349 2753 et
1375 2700 1521 2767 juxta
1546 2699 1714 2769 impe-
1818 2712 1921 2767 que
1949 2696 2204 2751 subsidiis
2235 2711 2318 2748 me
2351 2694 2510 2749 lorea
2544 2703 2596 2748 te
2625 2702 3073 2748 sustentaturum.
3107 2694 3170 2746 Et
3197 2693 3241 2746 si
3270 2694 3402 2747 hanc

153 2788 263 2840 riunt
312 2790 447 2858 regis
477 2787 659 2842 oblata
714 2787 817 2858 [Αι.
866 2786 1126 2858 oblatam]
1174 2788 1429 2843 oll'erunt.
1462 2790 1561 2857 Qui
1592 2805 1715 2846 cum
1819 2790 1887 2845 ob
1914 2804 2141 2843 causam
2162 2797 2216 2842 tu
2247 2786 2347 2842 hoc
2378 2788 2429 2842 in
2462 2788 2581 2842 loco
2609 2787 2806 2841 venisti
2830 2827 2842 2847 ,
2890 2794 2945 2839 ut
2987 2800 3266 2839 servorum
3310 2785 3403 2843 Dei

154 2880 347 2935 vidisset
391 2884 562 2950 dapes
583 2922 597 2946 ,
637 2890 690 2934 et
733 2882 919 2948 pocula
950 2885 1096 2936 cultu
1129 2882 1274 2949 regio
1304 2883 1669 2941 administrata
1695 2923 1710 2948 ,
1818 2882 2062 2938 cmuobia
2091 2882 2357 2947 destruas,
2384 2888 2439 2934 et
2460 2880 2756 2950 regularem
2781 2877 3115 2946 disciplinam
3141 2878 3401 2943 macules,

154 2969 340 3037 inquirit
367 2973 492 3041 quid
526 2971 629 3022 sibi
656 2971 755 3023 ista
780 2971 996 3024 vellent.
1026 2972 1216 3024 Dicunt
1242 2972 1317 3025 illi
1345 2992 1358 3027 :
1383 2972 1500 3025 Tibi
1533 2988 1563 3028 a
1589 2988 1714 3044 rege
1819 2962 1955 3030 scito
1985 2984 2132 3030 tuum
2164 2988 2389 3042 regnum
2424 2972 2662 3025 funditus
2693 2970 2955 3024 ruiturum
2979 3010 2994 3035 ,
3029 2977 3083 3023 et
3107 2983 3228 3023 cum
3260 2970 3403 3025 omni

154 3060 246 3114 lore
264 3061 477 3115 directa.
518 3061 876 3115 Abominatus
904 3075 965 3115 ea
991 3062 1064 3114 ait
1093 3077 1107 3113 :
1139 3063 1407 3129 Scriptum
1436 3072 1518 3117 est
1548 3079 1560 3116 :
1589 3061 1710 3116 Mu-
1820 3066 2111 3137 propagine
2156 3063 2313 3133 regia
2350 3062 2641 3131 periturum
2674 3061 2783 3131 ιΑι.
2806 3058 3224 3131 demersurum].
3253 3061 3405 3125 Quod

155 3166 253 3203 nera
278 3151 554 3217 impiorum
585 3150 821 3219 reprobat
854 3150 1147 3204 Altissimus
1170 3150 1349 3221 (Prov.
1379 3168 1467 3217 xv,
1496 3153 1574 3221 8).
1598 3152 1712 3207 Νοη
1741 3161 1790 3225 c
1822 3163 2004 3224 postea
2035 3154 2109 3208 rei
2140 3152 2383 3222 probavit
2412 3162 2653 3206 eventus.
2686 3150 2804 3205 Jain
2830 3153 2973 3205 enim
2999 3152 3283 3204 temerario
3309 3164 3405 3203 co-

155 3241 271 3293 enim
299 3243 514 3311 dignum
567 3251 649 3295 est
692 3251 747 3293 ut
790 3239 1112 3295 famulorum
1160 3242 1253 3295 Dei
1297 3258 1392 3295 ora
1438 3246 1573 3297 cibis
1597 3243 1714 3312 ejus

156 3335 424 3398 polluantur
456 3334 501 3403 τ,
537 3334 629 3402 qui
661 3348 764 3386 non
798 3334 971 3386 solum
1018 3334 1130 3385 suis
1173 3332 1279 3403 [ΑΙ.
1328 3334 1443 3404 sua]
1467 3375 1482 3399 ,
1530 3350 1714 3389 verum

157 3428 288 3479 etiam
311 3428 536 3481 aliorum
569 3424 885 3479 habitaculis
908 3424 1019 3498 {AL
1041 3424 1364 3496 habitacula]
1385 3426 1596 3481 famulis
1621 3426 1716 3482 Dei

157 3517 328 3570 aditum
372 3520 633 3587 denegat.
670 3516 761 3569 llis
791 3517 946 3570 dictis
967 3557 980 3580 ,
1012 3516 1225 3569 vascula
1260 3519 1435 3570 omnia
1464 3517 1517 3571 in
1549 3515 1715 3571 frusta

158 3610 363 3680 disrupta
392 3622 547 3675 sunt,
582 3610 810 3679 vinaque
838 3625 899 3663 ac
930 3610 1102 3664 sicera
1141 3612 1258 3664 solo
1288 3612 1517 3679 diffusa,
1550 3623 1715 3667 caste-

157 3714 293 3764 raque
337 3700 630 3770 separatim
677 3700 941 3767 dispersa.
998 3700 1263 3754 Pavetacti
1317 3701 1585 3767 ministri,
1638 3703 1714 3756 rei

158 3803 292 3855 gestat
318 3808 496 3849 casum
532 3790 647 3864 [AL
678 3790 914 3863 causam]
947 3792 1054 3860 regi
1088 3793 1353 3846 nuntiant.
1388 3792 1479 3847 llle
1520 3807 1716 3862 pavore

158 3886 401 3945 perculsus
430 3899 563 3941 cum
591 3884 710 3938 avia
732 3883 966 3937 diluculo
991 3884 1055 3936 ad
1084 3884 1254 3937 virum
1290 3886 1380 3938 Dei
1405 3896 1716 3954 properant.

160 3971 417 4031 Precantur
466 3977 535 4030 de
586 3974 880 4029 commisso
939 3974 1184 4039 veniam,
1230 3989 1290 4027 se
1334 3974 1387 4027 in
1442 3984 1715 4043 posterum

162 4068 415 4123 emendare
458 4068 803 4137 pollicentur.
858 4067 950 4120 llis
1006 4076 1225 4135 pacatus
1273 4066 1717 4133 promissionibus

163 4160 516 4216 monasterium
545 4158 735 4225 rediit,
767 4158 859 4213 sed
892 4158 1109 4228 polliciti
1140 4158 1429 4213 vadimOnii
1457 4160 1580 4229 jura
1612 4175 1716 4214 non

163 4250 231 4308 diu
273 4265 475 4313 servata
527 4255 801 4311 violantur
823 4263 847 4301 ε
879 4271 893 4307 :
927 4262 1244 4307 exercentur
1274 4254 1609 4307 miseriarum
1639 4255 1719 4307 in-

163 4358 423 4415 crementa,
450 4348 719 4413 solitoque
748 4358 777 4395 a
804 4343 945 4412 Rege
973 4343 1233 4397 adulteria
1262 4352 1556 4410 patrantur.
1583 4343 1725 4408 Qui-.

162 4436 241 4494 bus
268 4442 468 4506 auditis,
504 4441 698 4496 beatus
727 4435 1085 4492 Columbanus
1116 4436 1319 4490 litteras
1349 4438 1414 4491 ad
1446 4454 1569 4493 eum
1597 4455 1716 4493 ver-

1822 3254 1949 3300 natu
1976 3260 2074 3300 rex
2103 3242 2441 3299 relectorium
2482 3243 2755 3311 ingressus
2798 3240 2991 3295 fuerat.
3033 3238 3124 3296 llis
3152 3255 3280 3310 ergo
3309 3250 3406 3294 ter-

1819 3339 1954 3394 ritus
1982 3337 2141 3393 dictis
2169 3337 2311 3392 foras
2351 3336 2500 3391 celer
2538 3338 2779 3406 repedat.
2818 3335 2975 3389 Duris
3000 3344 3120 3405 post
3166 3334 3279 3390 hazc
3310 3334 3408 3391 viri

1822 3430 1916 3484 Dei
1964 3428 2423 3497 increpationibus
2472 3425 2501 3465 ι
2552 3442 2648 3482 rex
2698 3435 2940 3497 urgetur.
2998 3428 3195 3482 Contra
3250 3442 3407 3496 quem

1818 3519 2186 3574 Theudcricus
2213 3519 2288 3573 ait
2314 3534 2327 3572 :
2354 3518 2864 3589 Martyriicorunam
2896 3534 2982 3573 me
3012 3521 3105 3573 tibi
3130 3519 3398 3573 illaturutn

1819 3626 2044 3681 speras:
2074 3627 2183 3666 non
2211 3626 2332 3667 esse
2363 3626 2449 3665 me
2482 3620 2641 3665 tantis
2686 3611 2970 3665 dementiae
3002 3611 3142 3665 scias
3171 3651 3183 3672 ,
3215 3621 3271 3664 ut
3302 3610 3404 3664 huc

1821 3710 2025 3755 tantum
2058 3710 2321 3770 patrarem
2372 3702 2588 3765 scelus,
2640 3701 2736 3755 sed
2788 3700 3010 3767 potioris
3058 3700 3264 3754 consilii
3312 3699 3405 3755 tibi

1820 3795 1959 3848 scias
1984 3792 2133 3847 utilia
2166 3802 2497 3860 paraturum,
2518 3801 2572 3846 ut
2600 3792 2693 3861 qui
2714 3792 2783 3847 ab
2808 3793 3048 3845 omnium
3072 3791 3405 3845 saecularium

1821 3885 2060 3940 moribus
2088 3883 2328 3939 disciscit
2362 3883 2403 3948 ι,
2427 3900 2532 3954 qua
2558 3886 2786 3946 venerit,
2818 3898 2883 3939 ca
2914 3885 2994 3938 via
3023 3885 3281 3952 repedare
3305 3895 3389 3937 stu

1819 3979 1965 4033 deat.
1999 3976 2170 4030 Aulici
2220 3975 2376 4030 simul
2413 3989 2652 4030 consona
2683 3991 2815 4030 voce
2848 3982 2967 4029 vota
3000 3983 3404 4045 prorumpunt,

1821 4085 1881 4124 se
1925 4067 2123 4122 habere
2168 4068 2220 4121 in
2268 4067 2351 4120 his
2381 4067 2512 4121 locis
2542 4081 2647 4120 non
2676 4066 2838 4133 velle,
2881 4068 2972 4138 qui
3016 4067 3267 4122 omnibus
3298 4083 3404 4121 non
3452 4140 3455 4141 ν

1820 4161 2071 4216 societur.
2109 4160 2186 4214 Ad
2218 4158 2332 4213 haec
2364 4159 2551 4213 beatus
2580 4157 2949 4214 Columbanus
2971 4173 3029 4215 se
3051 4158 3181 4214 dicit
3200 4159 3269 4214 de
3294 4173 3405 4214 cec-

1822 4253 1964 4309 nobii
1989 4255 2153 4322 septis
2186 4268 2289 4306 non
2314 4266 2678 4321 egressurum,
2712 4252 2812 4306 nisi
2837 4252 3099 4307 violenter
3123 4251 3383 4305 abstraha-

1824 4360 1927 4403 tur.
1983 4347 2236 4401 Discessit
2280 4340 2443 4415 615
2492 4358 2620 4414 ergo
2680 4357 2812 4409 rex,
2867 4344 3176 4416 relinquens
3226 4346 3401 4399 virum

1822 4437 2105 4506 quemdam
2138 4454 2443 4507 procerum,
2474 4438 2689 4492 nomine
2722 4435 3035 4491 ltaudull‘um
3088 4444 3148 4490 ιη.
3192 4434 3240 4490 Is
3276 4450 3404 4505 ergo

164 4528 348 4585 beribus
373 4530 398 4569 ιι
434 4532 628 4601 plenas
655 4527 881 4593 direxit,
911 4529 1373 4597 comminaturqne
1398 4543 1705 4584 excommu-
1745 4530 1801 4591 D
1826 4548 1945 4586 cum
1982 4530 2349 4595 remansisset,
2388 4532 2560 4585 virum
2595 4530 2686 4585 Dei
2719 4546 2746 4582 a
2779 4530 3108 4584 monasterio
3137 4540 3313 4599 petnt,
3354 4539 3405 4584 et

164 4619 495 4691 nicationem,
528 4623 573 4676 si
618 4620 888 4675 emendari
940 4619 1215 4673 dilatando
1263 4634 1370 4674 non
1414 4622 1592 4677 vellet.
1640 4623 1720 4675 Ad

164 4708 259 4767 haec
299 4730 509 4770 rursum
561 4722 804 4785 permota
850 4713 1242 4779 Brunichildis,
1294 4716 1432 4785 regis
1484 4716 1721 4770 animum

220 4853 241 4880 ⁸
268 4845 323 4902 tn
341 4847 454 4902 Vita
473 4845 647 4903 sancti
672 4844 982 4900 Columbani
1008 4843 1312 4897 Brocnriacu
1336 4844 1720 4902 dicitur.Vicns

166 4924 229 4965 est
255 4917 386 4971 inter
421 4919 741 4973 Cabilonum
785 4925 837 4969 et
880 4916 1320 4984 Augustodunum
1356 4919 1597 4983 positus,
1630 4919 1715 4972 di-

166 4992 261 5058 ctus
289 4989 438 5058 vulgo
468 4987 861 5041 Bourcheresse.

221 5052 243 5091 δ
272 5052 400 5127 Alii,
431 5060 627 5127 regina
656 5058 852 5109 aulam.
888 5054 1027 5127 In'l'ra
1049 5096 1062 5121 ,
1092 5069 1237 5125 parat
1267 5056 1470 5123 quidem
1498 5057 1638 5114 inde.

222 5134 243 5163 ο
269 5126 418 5182 Colb.
448 5125 503 5183 et
530 5130 646 5188 ed.,
680 5129 756 5180 vel
784 5125 1007 5178 cuilibet.

218 5188 247 5234 ⁸
272 5198 354 5251 Sic
384 5200 545 5264 Boh.;
578 5198 691 5262 alii,
720 5211 992 5265 msserrg...
1020 5195 1268 5248 intentum
1299 5196 1490 5265 fingat.

224 5269 431 5336 '47Alias,
463 5262 688 5336 Spissia,
720 5268 878 5333 vulgo
901 5262 1144 5336 Espnisse
1166 5307 1178 5323 .
1212 5262 1349 5319 inter
1377 5262 1717 5322 Sinemurum

168 5342 206 5384 tt
230 5334 446 5409 Montem
498 5334 877 5409 regaletn‘sita
911 5336 963 5409 in
998 5335 1319 5403 Burgundii:
1351 5337 1544 5389 ducatu
1580 5337 1716 5391 haud

169 5408 327 5477 procul
356 5424 383 5461 a
410 5406 618 5463 Sereno
640 5406 825 5472 ﬂuvio,
850 5407 939 5477 qui
961 5414 1077 5477 post
1098 5421 1371 5460 emensum
1397 5421 1587 5477 pagum
1612 5410 1723 5461 An-

170 5473 577 5544 tissiodorensetn
606 5478 815 5531 lcauna}
840 5473 1099 5544 jungitur.

230 5543 246 5580 ί
280 5547 435 5619 Βοὴ..
470 5559 543 5602 est
582 5543 896 5619 famulorum
932 5546 1025 5619 Dei
1055 5545 1474 5619 orationibus,gut
1506 5546 1584 5599 his
1612 5550 1721 5619 ραις

172 5609 375 5681 iuuatur,
400 5609 594 5685 Freh.;
614 5620 812 5688 dignus
837 5628 978 5669 est...
1004 5617 1049 5670 is
1080 5616 1350 5688 potientur.
1389 5609 1719 5685 Aliquot-ed.

172 5694 286 5746 tct.,
312 5699 364 5741 ut
394 5690 573 5755 {amnti
602 5685 701 5740 Dei
722 5688 1009 5741 muneribus
1039 5690 1152 5755 ejus
1181 5685 1481 5756 polluantur

228 5764 249 5801 ⁸
280 5757 469 5821 Frch.,
502 5761 596 5815 sed
640 5757 919 5813 pollicitum
956 5759 1003 5813 ri
1038 5757 1273 5813 daemonii
1318 5756 1591 5816 iurandum
1622 5773 1727 5813 non

1830 4639 1996 4693 penes
2023 4623 2402 4677 Vesontionem
2430 4623 2682 4692 oppidum
2713 4622 2778 4675 ad
2811 4622 3161 4677 exsulandum
3210 4625 3404 4693 perdu-

1828 4718 1918 4780 cit,
1951 4713 2295 4785 quoadusque
2324 4730 2385 4768 ea
2421 4715 2712 4783 eoregalis
2741 4714 3010 4770 sententia
3036 4713 3179 4784 quod
3208 4715 3406 4768 voluis-

1829 4849 1919 4902 diu
1948 4858 2196 4903 servatur.
2242 4845 2523 4902 Violenter.

1900 4919 1926 4955 h
1962 4921 2098 4973 Editi
2130 4931 2259 4982 vet.,
2290 4918 2745 4988 objurgationibus.

1906 4991 1920 5025 ¹
1958 4991 2084 5054 Alii,
2109 4998 2155 5043 et
2185 4992 2247 5042 de
2276 4993 2453 5060 ejus...
2488 5000 2534 5043 et
2572 4998 2779 5042 statum.
2809 4988 3167 5060 Colhaaltera
3209 5001 3369 5038 manu
3393 5029 3406 5049 ,

1830 5062 1965 5114 sicut
1996 5072 2047 5114 et
2075 5061 2238 5113 Jonas
2263 5058 2312 5111 in
2348 5058 2459 5111 Vitzi
2493 5063 2660 5113 sancti
2681 5059 3012 5122 Columbani,
3043 5068 3088 5109 et
3117 5067 3167 5109 ut
3198 5063 3306 5122 ejus
3331 5072 3413 5106 re-

1830 5132 2011 5202 ligioni
2036 5131 2353 5184 detrahentes
2375 5137 2585 5193 statum,
2610 5136 2713 5184 etc.
2751 5128 3010 5193 Clarom.,
3042 5129 3196 5189 intra,
3231 5141 3401 5177 macu-

1828 5202 1979 5256 taret.

1899 5271 1914 5322 i
1952 5272 2175 5336 Chesn.,
2206 5271 2438 5323 adactus.
2463 5268 2649 5332 Jonas,
2677 5277 2885 5323 coactus
2913 5269 3085 5333 itaque
3115 5281 3222 5318 rex.

1898 5340 1923 5378 ¹ι
1956 5343 2083 5410 Qui:
2110 5348 2403 5409 sequuntur
2432 5340 2499 5394 ad
2542 5340 2657 5392 hinc
2687 5339 2845 5391 verba
2865 5380 2883 5410 _.
2916 5337 3233 5410 quarueuerit
3256 5381 3269 5402 ,
3296 5353 3403 5410 ope

1827 5428 1959 5467 mss.
1982 5408 2058 5468 'et
2104 5408 2255 5466 tona:
2292 5410 2654 5477 restituiutus,
2699 5422 2816 5477 quae
2861 5408 2913 5462 in
2945 5408 3102 5462 editis
3150 5408 3403 5463 mendosa

1827 5492 1972 5539 sunt.

1905 5551 1922 5592 ι
1958 5551 2081 5615 Alii,
2110 5558 2406 5616 recesserat,
2444 5559 2534 5603 aut
2564 5549 2811 5601 discescut

1898 5632 1937 5659 ιι
1968 5624 2146 5688 (1011),,
2170 5623 2370 5676 υυιι.θι
2397 5621 2635 5690 plerique
2650 5622 2760 5682 ed.,
2780 5619 3087 5687 Audulfum.
3122 5627 3212 5673 aut
3237 5621 3391 5673 Adul-

1827 5692 2076 5766 [ιιηιηϐὶι.
2099 5695 2168 5750 al.
2188 5690 2417 5767 et_Freh.
2450 5691 2516 5748 al.
2532 5732 2548 5762 ,
2562 5706 2845 5763 prooemii,
2867 5691 3069 5745 nomine
3094 5690 3383 5762 Audulfuut
