4020 6194
635 273 736 329 6:27

1842 278 2256 344 FREDEGARlI
2295 290 2738 351 SCHOLASTICI

3791 304 3913 356 623

631 401 708 443 set
734 388 1066 446 decerneret.
1093 394 1213 450 Post
1248 396 1360 450 ha‘c
1390 398 1470 450 vir
1494 396 1583 454 Dei
1610 413 1858 466 cernens,
1881 402 2023 470 quod
2046 401 2204 455 nullis
2236 405 2281 462 Α
2312 405 2499 459 mortis
2525 421 2618 461 eos
2653 409 2945 475 periculum
2996 412 3269 467 incurrere
3336 416 3405 469 At
3454 416 3541 470 ille
3573 431 3633 472 se
3661 418 3732 471 ait
3776 419 3905 489 Ῑτιιιι

629 480 884 535 cuStodiis
932 496 1235 553 angeretur,
1280 502 1307 540 a
1360 488 1611 557 nulloque
1655 493 1954 547 molestiam
2007 494 2200 559 ferret;

628 570 878 626 videbant
923 575 1066 627 enim
1112 591 1299 631 omnes
1349 578 1398 630 in
1438 594 1504 632 eo
1537 581 1627 635 Dei
1663 583 1907 636 virtutem
1939 584 2194 651 flagrare,

627 658 855 730 ideoque
894 678 1083 718 omnes
1121 666 1186 720 ab
1225 666 1345 736 ejus
1394 666 1606 733 injuriis
1654 672 2094 741 segregabantur,
2137 689 2203 729 ne

625 751 755 805 socii
786 753 1060 821 culparum
1092 755 1296 821 forent;
1323 759 1560 812 ascendit
1583 776 1711 829 ergo
1736 761 2009 817 Dominica
2038 765 2124 817 die
2149 766 2198 818 in

623 846 875 901 verticem
907 848 1057 901 ardui
1087 852 1375 903 cacominis
1409 852 1604 905 montis
1634 854 1777 907 illius
1800 895 1818 921 ,
1846 857 1919 907 ita
1949 857 2091 909 enim
2128 859 2202 909 si-

624 949 707 988 tus
737 937 881 989 orbis
913 937 1156 1004 habetur,
1188 956 1310 995 cum
1344 942 1624 997 domorum
1653 944 1892 999 densitas
1923 947 1972 999 in
2008 947 2199 1000 defuso

624 1023 730 1096 [Λι.
778 1028 990 1101 diffuso]
1043 1032 1207 1086 latere
1267 1036 1483 1101 proclivi
1543 1038 1738 1090 montis
1787 1039 1888 1091 sita
1934 1039 2032 1102 sit,
2079 1055 2200 1106 pro-

620 1135 873 1188 rumpens
904 1130 928 1158 δ
956 1124 1117 1176 a~dua
1164 1125 1215 1177 in
1257 1126 1572 1180 Sublimibus
1618 1129 2017 1194 cacuminibus,
2070 1134 2192 1198 qui,

586 1206 591 1211 ’
622 1209 855 1276 undique
887 1215 933 1265 ei
981 1213 1203 1268 abscissi
1238 1215 1469 1270 fluminis
1504 1218 1659 1272 Dova:
1684 1218 1710 1255 δ
1742 1220 1891 1273 alveo
1932 1223 2191 1287 vallante,

619 1301 923 1357 nullatenus
955 1308 1380 1361 commeantibus
1411 1310 1548 1361 viam
1583 1311 1784 1377 pandit.
1818 1312 1995 1382 ibique
2025 1331 2193 1383 usque

616 1393 681 1445 ad
710 1395 933 1447 mediam
963 1395 1105 1450 diem
1138 1408 1445 1465 exspectat,
1476 1401 1519 1455 si
1547 1402 1737 1471 aliquis
1772 1403 1871 1458 iter
1900 1405 1964 1457 ad
2010 1421 2192 1459 mona-

615 1486 835 1541 sterium
870 1490 1168 1544 revertendi
1201 1493 1499 1560 prohibeat.
1526 1495 1733 1549 Etcum
1770 1497 1947 1551 nullus
1977 1509 2190 1551 contra-

615 1582 725 1634 rius
746 1584 1025 1648 existeret,
1059 1585 1172 1653 ipse
1204 1601 1298 1653 per
1326 1587 1554 1641 mediam
1598 1589 1781 1643 urbem
1829 1608 1951 1645 cum
1984 1594 2094 1646 suis
2122 1593 2187 1645 ad

612 1673 989 1727 monasterium
1016 1675 1331 1747 regreditur.
1365 1678 1479 1742 Quo
1501 1679 1712 1743 audito,
1746 1680 2103 1736 Brunlchilzlis
2127 1700 2187 1738 ac

2309 495 2501 561 saepius
2553 506 2801 551 testatum
2848 515 3000 561 esse,
3052 502 3152 555 nisi
3192 503 3242 556 vi
3289 504 3725 573 abstraheretur,
3782 528 3906 564 num

2307 584 2685 641 discessurum.
2735 591 2810 642 Illi
2851 593 3067 658 gemino
3108 594 3282 647 valliti
3332 597 3605 662 periculo,
3651 600 3905 665 ouili-me

2308 688 2528 745 urgente
2570 680 2880 747 formidine,
2917 684 3131 750 pallium
3174 700 3279 753 quo
3319 686 3537 741 indutus
3564 700 3675 743 erat
3716 694 3903 746 attin-

2304 774 2465 832 gunt;
2498 769 2587 821 alii
2618 765 2841 838 genibus
2864 773 3127 839 provoluti
3159 790 3278 827 cum
3300 776 3552 846 Iacrymis
3572 791 3895 846 precantur,

2306 866 2361 909 ut
2390 872 2483 923 pro
2514 859 2641 912 tanti
2683 863 2901 915 sceleris
2929 862 3081 929 culpa
3127 863 3231 917 illis
3261 864 3598 934 ignosceret,
3632 869 3718 935 qui
3758 885 3887 923 non

2302 947 2412 999 suis
2440 947 2720 1003 desideriis
2739 990 2753 1012 .
2783 951 2875 1002 sed
2907 952 3066 1019 regiis
3097 953 3539 1021 obtemperarent
3567 960 3887 1024 praeceptis.

2304 1034 2502 1091 Videas
2528 1038 2704 1108 itaque
2728 1042 2807 1093 vir
2834 1041 2929 1094 Dei
2958 1042 3253 1110 periculum
3282 1044 3416 1111 fore,
3445 1046 3489 1098 si
3523 1061 3635 1100 sua:
3662 1052 3884 1101 severi-

2305 1129 2392 1181 tati
2432 1128 2796 1195 satisfaceret,
2842 1147 2961 1185 cum
3009 1133 3153 1185 omni
3202 1135 3397 1202 ejnlatu
3442 1148 3604 1205 a'que
3645 1155 3890 1194 iumrore

2298 1220 2585 1284 egreditur,
2618 1220 2882 1287 deputatis
2911 1224 3241 1287 costodibus,
3268 1228 3354 1293 qui
3396 1242 3679 1296 quousque
3712 1230 3887 1282 ditio-

2298 1307 2380 1359 nis
2401 1322 2509 1360 sua:
2533 1324 2695 1375 regno
2719 1299 3017 1375 pelleretur,
3047 1327 3149 1365 non
3174 1328 3294 1366 eum
3320 1315 3710 1383 relinquerent.
3737 1318 3892 1373 Inter

2296 1412 2429 1464 quos
2465 1397 2664 1468 primus
2698 1402 3081 1468 Raguinundus
3112 1401 3130 1440 ί
3164 1414 3300 1465 erat,
3330 1406 3418 1475 qui
3448 1422 3572 1460 eum
3599 1408 3889 1466 Namnetis

2297 1503 2463 1555 usque
2495 1490 2765 1556 perduxit.
2795 1494 2987 1561 Sicque
3013 1509 3039 1545 a
3067 1509 3229 1564 regno
3254 1496 3573 1553 Theoderici
3598 1504 3886 1568 expulsos,

2296 1579 2486 1631 iterum
2535 1580 2844 1636 Iliberniam
2884 1584 3114 1638 insulam
3158 1587 3418 1653 repedare
3458 1591 3740 1655 disi-osuit.
3765 1595 3885 1649 Sed

2297 1677 2349 1720 ut
2375 1678 2399 1714 κ
2427 1669 2554 1722 nulli
2590 1672 2799 1737 penitus
2823 1673 2921 1727 iter
2947 1674 3291 1743 gradiendum
3319 1678 3373 1730 fit
3394 1683 3746 1750 pontificium,
3771 1687 3885 1738 nisi

611 1762 1004 1830 Theodericus,
1054 1769 1193 1836 quod
1242 1770 1447 1824 scilicet
1489 1772 1557 1824 ab
1599 1774 1787 1825 ersilio
1838 1776 2170 1830 revertissu.

2296 1762 2553 1826 permissu
2578 1763 2871 1829 Altissimi;
2906 1764 3019 1833 ipse
3044 1781 3170 1819 vero
3206 1780 3422 1824 sanctus
3456 1771 3663 1825 Italiam
3706 1793 3882 1843 expc.

609 1857 961 1912 atrocioribus
1006 1860 1096 1915 ira:
1137 1861 1335 1914 aculeis
1364 1862 1729 1925 stimulantur,
1758 1865 2008 1933 jobentes
2050 1866 2180 1921 Ber-

609 1948 779 2003 thario
809 1950 987 2004 comiti
1018 1951 1277 2006 attentius
1309 1954 1719 2022 perquirendom
1751 1956 1983 2011 virorum
2013 1968 2033 1994 ι’
2059 1975 2178 2012 cum

610 2043 890 2108 praesidio,
939 2045 1201 2115 simulque
1247 2057 1299 2099 et
1345 2046 1695 2112 Baudulfom,
1733 2065 1889 2115 quem
1936 2053 2182 2117 superius

604 2135 878 2198 dixeram,
914 2136 1265 2190 destinarunt.
1313 2138 1430 2203 Quo
1467 2154 1588 2191 cum
1634 2140 1937 2205 venissent,
1967 2142 2179 2197 beatum

609 2224 996 2278 Columbanum
1048 2227 1098 2278 in
1142 2228 1363 2281 ecclesia
1414 2227 1644 2296 positum
1671 2272 1686 2294 ,
1742 2230 2026 2297 psallenti‘»
2054 2230 2077 2269 δ
2119 2250 2179 2287 ac

603 2314 829 2367 orationi
861 2315 1098 2369 deditmn
1132 2332 1253 2369 cum
1284 2320 1427 2371 omni
1461 2320 1876 2388 congregatione
1918 2323 2174 2391 fratrum,

610 2406 912 2474 reperiunt;
945 2407 1127 2476 sicque
1159 2408 1329 2462 virum
1358 2410 1448 2464 Dei
1473 2412 1812 2486 alloquuntur
1845 2433 1855 2465 :
1892 2414 2179 2470 Precamur

606 2508 661 2550 ut
689 2506 712 2533 ε
747 2508 851 2551 tam
885 2500 1046 2564 regiis
1074 2515 1230 2567 quam
1263 2501 1421 2554 etiatn
1456 2502 1652 2556 nostris
1690 2504 1906 2558 obedias
1968 2522 2176 2573 puere-

599 2589 735 2658 ptis,
768 2604 1120 2659 egressusque
1145 2606 1209 2643 eo
1242 2593 1430 2645 itinere
1461 2609 1566 2661 quo
1605 2596 1835 2661 primum
1870 2597 1951 2651 his
1978 2606 2175 2652 adven-

599 2680 721 2734 tasti
756 2682 804 2733 in
832 2682 995 2751 616
1030 2683 1079 2736 lo
1104 2684 1179 2736 is.
1218 2684 1277 2736 At
1312 2683 1438 2737 ille:
1474 2684 1584 2737 Non
1608 2686 1749 2740 enim
1774 2728 1787 2749 ,
1821 2687 1835 2740 i
1864 2688 2019 2755 quit,
2054 2705 2175 2745 reor

598 2770 812 2837 placere
851 2770 1124 2823 Conditoii
1157 2771 1220 2824 ad
1259 2772 1424 2826 semel
1467 2774 1642 2828 natale
1683 2776 1852 2829 solum
1886 2775 2171 2832 cthristi

596 2861 841 2915 timorem
874 2863 1113 2917 relictum
1146 2864 1322 2919 denuo
1355 2864 1635 2931 repedare.
1665 2867 1904 2935 Cumque
1944 2871 2171 2924 nullate-

597 2968 696 3007 nus
742 2964 1025 3008 cernerent
1054 2956 1155 3009 sibi
1190 2957 1359 3010 virum
1393 2956 1484 3010 Dei
1512 2956 1766 3011 obaudire
1786 2999 1799 3024 ,
1829 2960 2029 3016 relictis
2059 2964 2173 3030 qui-

595 3041 815 3103 busdam
840 3085 854 3108 ,
880 3046 1075 3114 quibus
1112 3046 1361 3101 ferocitas
1400 3050 1563 3103 animi
1593 3050 1783 3104 fortior
1812 3052 2011 3117 inerat,
2042 3053 2169 3107 Ber-

2254 1924 2259 1925 7
2288 1860 2405 1903 tens
2428 1890 2444 1916 ,
2502 1856 2882 1907 monasterium
2935 1857 2986 1908 in
3042 1858 3188 1918 loco,
3225 1861 3438 1914 nomine
3471 1861 3638 1915 Dubio
3662 1863 3712 1930 δ,
3736 1868 3873 1919 illuc

2284 1951 2599 1995 construens
2626 1955 2826 1997 sancta:
2852 1946 3297 2015 conversationis,
3327 1951 3517 2004 Olenos
3540 1954 3747 2009 dierum
3773 1960 3884 2010 ini-

2283 2041 2399 2101 grat
2427 2034 2491 2086 ad
2517 2034 2780 2089 Christum
2809 2034 2852 2090 ί.

2353 2134 2450 2187 Aa.
2484 2136 2966 2191 oon—XXXVII.
3000 2138 3153 2192 Anno
3186 2141 3291 2194 151
3332 2143 3480 2210 regni
3509 2142 3870 2210 Theoderici,

2281 2239 2400 2277 cum
2432 2227 2773 2280 AleSaciones
2800 2226 2825 2265 κ
2848 2271 2862 2294 ,
2898 2229 2983 2281 ubi
3017 2228 3189 2284 fuerat
3240 2234 3537 2299 enutritus,
3592 2252 3867 2305 praecepto

2284 2315 2447 2383 patris
2484 2319 2564 2370 sui
2611 2316 2935 2372 Cliildeberti
2979 2320 3224 2385 tenebat,
3266 2337 3294 2374 a
3329 2323 3706 2381 Theudeberto
3752 2330 3865 2381 ritu

2280 2407 2507 2461 barbaro
2535 2409 2693 2480 617
2724 2412 3055 2478 pervaditur.
3092 2413 3242 2468 Unde
3293 2415 3544 2483 placitum
3588 2420 3723 2475 inter
3760 2422 3868 2475 hos

2278 2499 2411 2553 duos
2435 2516 2605 2567 reges,
2634 2512 2685 2553 ut
2720 2502 3040 2556 FranCorum
3061 2503 3265 2572 judicio
3290 2507 3553 2574 finiretur,
3574 2510 3815 2564 Saloisszi
3842 2509 3864 2550 ι

2278 2600 2457 2645 castra
2488 2595 2784 2646 instituunt.
2820 2593 3000 2662 Ibique
3026 2594 3396 2650 Theodericus
3436 2614 3552 2653 cum
3577 2602 3788 2655 scaritis
3813 2613 3858 2641 ω

2287 2690 2490 2733 tantum
2519 2683 2703 2737 decem
2738 2683 2976 2738 millibus
3005 2688 3249 2739 accessit.
3285 2687 3691 2743 Theudebertus
3727 2710 3863 2747 vero

2276 2787 2396 2827 cum
2422 2790 2615 2845 magno
2636 2775 3287 2831 esercitnAustrasiorom
3318 2779 3444 2833 inibi
3473 2782 3714 2848 prmlium
3748 2787 3863 2837 vel-

2276 2865 2390 2921 lens
2412 2868 2747 2921 committere
2768 2868 3090 2936 aggreditur,
3113 2869 3252 2937 quod
3278 2886 3396 2923 cum
3422 2872 3660 2941 undique
3685 2875 3870 2928 Theu-

2274 2957 2487 3012 dericns
2512 2958 2579 3011 ab
2600 2961 2838 3013 exercitu
2862 2957 3218 3013 Theudeberti
3248 2962 3695 3029 eircumdaretur,
3732 2981 3865 3020 coa-

2277 3060 2395 3104 ctus
2409 3058 2565 3119 atque
2582 3051 2887 3118 compulsus
2909 3051 3295 3117 Theodericus,
3313 3055 3504 3110 timore
3519 3060 3864 3124 perterritus,

596 3133 800 3187 tharius
829 3136 1107 3191 abscessit.
1133 3138 1195 3192 Ili
1220 3155 1347 3194 vero
1377 3141 1464 3209 qui
1490 3153 1855 3197 remanserant
1878 3144 2047 3198 virum
2076 3145 2169 3201 Dei
2198 3125 2241 3186 ο
2281 3157 2375 3211 per
2405 3142 2664 3211 pactionis
2694 3144 2962 3197 uinculum
2999 3144 3239 3199 Alsacios
3269 3146 3334 3198 ad
3378 3160 3582 3213 partem
3612 3150 3866 3205 Theode-

593 3222 875 3281 bortantur
896 3237 954 3281 ut
983 3228 1085 3282 illis
1112 3231 1452 3297 misereatur,
1475 3234 1564 3301 qui
1588 3232 1651 3286 ad
1677 3234 1780 3289 tale
1802 3250 1934 3303 opus
1958 3246 2172 3305 patran-

594 3316 720 3372 dum
753 3318 1035 3373 infeliciter
1081 3318 1292 3375 fuerant
1331 3324 1545 3387 relicti,
1590 3340 1883 3393 eorumque
1938 3328 2173 3393 periculo

593 3410 932 3477 Consuleret;
963 3411 1049 3480 qui
1076 3412 1124 3466 si
1150 3427 1271 3466 eum
1301 3414 1564 3468 violenter
1606 3430 1711 3470 non
1761 3417 2134 3475 abstnaherent

722 3546 921 3617 Chesn.
950 3556 999 3600 et
1033 3548 1241 3610 caeteri,
1272 3559 1633 3617 prorumpunt.

666 3613 869 3690 5_Edi_t‘i
909 3618 1148 3690 plerique
1175 3613 1295 3690 cum
1325 3613 1500 3690 Collo,
1545 3620 1716 3673 Deme.
1753 3621 1911 3686 Bolt.,
1958 3623 2161 3690 Devire,

592 3686 784 3763 Erelp,
811 3688 1022 3763 Derdas,
1054 3688 1159 3763 Ch.
1184 3689 1283 3750 al.,
1311 3689 1485 3763 D_uvii.
1520 3690 1613 3743 Est
1647 3691 1807 3746 Dubis
1854 3693 2044 3747 fluvius
2083 3686 2165 3763 (te

592 3754 794 3833 poubs)
820 3758 911 3827 qui
950 3756 1320 3813 Vesontionem
1341 3760 1707 3828 Sequanorum
1724 3764 2059 3833 metropolim
2087 3754 2164 3819 al-

592 3828 706 3880 luit.

663 3907 687 3970 ε
720 3900 871 3970 Colb.
904 3908 958 3955 et
989 3900 1229 3970 plerique
1246 3900 1357 3962 ed.,
1380 3902 1611 3953 virum...
1633 3903 1866 3967 s'tpert'us
1882 3906 2158 3960 direxerat.

658 3967 1020 4041 drl’aallentio,
1042 3972 1091 4024 id
1115 3967 1215 4037 est,
1245 3980 1303 4023 ut
1329 3970 1488 4024 hodie
1516 3973 1801 4039 loquimur,
1831 3976 2158 4041 psahnudite.

592 4040 756 4112 [inde
774 4057 875 4112 non
909 4051 1052 4096 recte
1078 4042 1430 4096 emendarunt
1454 4045 1543 4109 qui
1574 4057 1799 4110 posuere
1832 4040 2159 4112 psallentem.

721 4110 855 4182 Editi
889 4112 1149 4182 plerique,
1176 4122 1229 4162 ut
1252 4128 1351 4163 non
1378 4121 1479 4163 tam
1503 4114 1677 4175 regiis.

664 4179 683 4217 ί
722 4181 775 4233 In
812 4179 924 4234 Vita
956 4179 1125 4236 sancti
1155 4182 1472 4235 Columbani
1494 4223 1507 4247 ,
1544 4182 1938 4253 Ragamundus.
1972 4184 2156 4253 Freh.,

587 4250 1000 4317 Iiaquimundus.

659 4330 684 4394 8
717 4322 867 4375 Colb.
906 4323 1000 4394 alt.
1046 4337 1203 4394 manu
1253 4321 1329 4394 sic
1358 4322 1551 4376 habet:
1582 4322 1687 4378 Sed
1730 4325 2025 4377 admonitus
2068 4343 2157 4394 per

2281 3234 2415 3287 berti
2448 3234 2701 3298 firmavit;
2732 3235 2891 3288 etiam
2919 3244 2972 3287 et
3000 3236 3395 3304 Snggentenses
3421 3248 3471 3291 et
3506 3237 3783 3295 Turenses
3814 3252 3868 3295 et

2277 3321 2675 3391 Campanenses
2719 3333 2782 3388 ιι,
2826 3339 2958 3393 quos
3002 3326 3197 3393 sa-pius
3255 3328 3563 3394 repetebat,
3614 3330 3867 3401 idemque

2277 3416 2520 3471 amisisse
2544 3416 2688 3469 visus
2717 3425 2819 3470 est.
2854 3417 3149 3486 Regressus
3179 3424 3402 3486 uterque
3431 3418 3496 3472 ad
3531 3422 3696 3475 sedes
3724 3438 3855 3491 pro-

2277 3550 2368 3603 tris
2391 3551 2461 3603 tui
2487 3560 2776 3618 procreatus
2797 3560 2889 3603 est.
2926 3549 3021 3603 His
3049 3553 3218 3619 itaque
3248 3568 3309 3604 ac
3338 3553 3521 3604 talibus
3545 3554 3859 3610 incitationi-

2271 3621 2371 3697 lius
2389 3628 2643 3689 utcunque
2658 3622 2892 3697 percitus,
2913 3622 3059 3689 erepit
3072 3624 3201 3675 alter
3222 3623 3274 3674 in
3291 3623 3506 3675 alterum
3521 3640 3855 3697 consurgere.

2278 3690 2431 3751 Vide,
2455 3704 2634 3757 supra,
2667 3707 2785 3757 cap.
2814 3691 2904 3743 27.

2345 3765 2357 3810 l
2398 3760 2484 3815 Sic
2515 3776 2645 3813 mss.
2675 3771 2729 3813 et
2758 3760 2939 3831 Ercln;
2966 3770 3020 3815 at
3047 3761 3188 3827 Col.,
3218 3762 3397 3831 Bign.,
3420 3761 3538 3814 Bar.
3570 3774 3624 3817 et
3657 3764 3854 3820 Rocb..

2270 3832 2546 3890 mendose.
2570 3847 2704 3883 anno
2734 3829 2819 3884 12.
2843 3830 2942 3885 Ch.
2966 3847 3161 3884 annum
3193 3829 3302 3885 non
3328 3833 3601 3896 exprimit.

2342 3900 2365 3937 ἰ
2401 3900 2455 3955 Id
2488 3910 2568 3953 est
2597 3902 2867 3953 Elisatiam
2894 3940 2908 3957 .
2941 3917 3035 3955 seu
3067 3903 3353 3964 Alsatiam,
3385 3902 3717 3966 provinciam
3753 3920 3851 3957 no-

2271 3972 2551 4031 tissimam,
2577 3971 2666 4023 ubi
2700 3970 2839 4039 apud
2862 3971 3188 4039 Marilegium
3213 3974 3439 4025 nutritus
3470 3972 3641 4024 fuerat
3668 3974 3851 4028 Theu-

2267 4041 2509 4105 dericus,
2562 4040 2635 4093 uti
2690 4038 2852 4095 refert
2903 4038 3194 4108 Gregorius
3239 4040 3588 4095 Turonensis.
3625 4043 3705 4096 Ex
3752 4048 3852 4098 hoc

2267 4120 2445 4164 autem
2479 4112 2594 4164 loco
2629 4110 2709 4187 vir
2730 4111 2800 4163 cl.
2825 4111 3123 4187 Obrechtus
3143 4113 3199 4187 _in
3225 4111 3519 4187 Prodromo
3548 4126 3738 4187 rerum
3762 4115 3848 4187 Al-

2269 4183 2551 4234 saticarum
2578 4180 2768 4234 merito
2792 4196 2979 4235 eorum
3010 4180 3317 4247 opinionem
3349 4180 3552 4249 rejicit,
3591 4184 3680 4247 qui
3716 4186 3845 4238 scri-

2269 4265 2423 4324 psere
2466 4251 2705 4305 Alisatize
2755 4267 2947 4324 nomen
2996 4259 3122 4305 ante
3164 4251 3420 4304 saeculum
3453 4265 3544 4303 vtu
3580 4267 3845 4324 nusquam

2266 4322 2405 4388 apud
2432 4334 2675 4374 auctores
2709 4322 2953 4390 reperiri.

585 4392 816 4459 spiritum
853 4393 988 4461 quod
1020 4392 1173 4446 semel
1219 4392 1490 4455 reliquerat
1552 4409 1614 4445 ne
1660 4396 1841 4446 iterum
1879 4390 2152 4465 repeteret,
2186 4428 2235 4487 Β
2343 4390 2359 4427 ι
2408 4390 2593 4471 Mirum
2625 4402 2707 4443 est
2749 4406 2906 4459 quam
2964 4390 3123 4472 variis
3163 4391 3334 4444 modis
3384 4390 3642 4471 scriptum
3690 4393 3846 4447 fuerit

586 4462 811 4511 gressum
837 4474 969 4511 retro
997 4476 1287 4511 retorquens
1318 4460 1526 4511 Italiam
1556 4464 1765 4511 ernetit.
2262 4459 2422 4511 huius
2452 4462 2551 4511 locu
2587 4475 2802 4511 nomen.
2829 4464 2914 4511 oui
2943 4474 3077 4511 suos
3100 4471 3174 4511 est
3208 4460 3271 4511 ad
3305 4460 3547 4511 Rhenum
3577 4471 3720 4511 inter
3745 4466 3840 4511 Ta-

586 4462 811 4531 gressttm
837 4460 969 4515 retro
997 4476 1287 4531 retorquens
1318 4460 1526 4514 ltaliant
1556 4464 1765 4527 eapetit.

658 4527 686 4565 δ
718 4532 886 4584 Situm
910 4542 991 4585 est
1020 4527 1240 4587 Bobium
1271 4534 1320 4584 in
1354 4532 1488 4586 valle
1526 4530 1938 4599 profundissima
1969 4535 2020 4587 in
2052 4536 2149 4589 Al-

585 4600 738 4673 pibus
764 4601 947 4673 Cotths
976 4603 1040 4673 ad
1070 4603 1342 4656 Ilut‘iolum
1368 4602 1776 4673 cognominem,
1800 4603 1939 4657 haud
1967 4606 2150 4672 procul
2180 4670 2183 4673 ἰ

582 4683 611 4723 a
638 4668 852 4724 flumine
878 4670 1065 4724 Trebia
1094 4684 1148 4726 et
1173 4668 1475 4739 Apennini».
1507 4670 1685 4725 Crevit
1715 4674 1765 4725 in
1799 4668 2007 4738 urbem,
2040 4675 2149 4739 epi-

580 4742 780 4811 scopali
831 4744 960 4793 sede
999 4744 1249 4795 donatam
1296 4756 1435 4794 anno
1487 4741 1641 4794 1014.
1678 4743 1933 4811 Superest
1972 4753 2149 4799 tamen

580 4810 755 4885 adhuc
798 4812 1203 4885 monasterium,
1254 4813 1392 4885 licet
1422 4811 1704 4885 exiguum,
1754 4810 1855 4885 sub
1896 4828 2148 4885 congreg.

579 4880 879 4935 Casiniensi.
912 4881 982 4933 De
1006 4896 1109 4946 quo
1140 4884 1285 4946 plura
1312 4881 1507 4935 videsis
1540 4883 1588 4934 in
1615 4883 1805 4939 Itinere
1841 4880 2022 4938 Italico
2040 4880 2148 4938 Ma-

578 4950 900 5019 billoniano,
934 4966 1053 5019 pag.
1076 4950 1202 5006 215.
1231 4952 1373 5006 Obiit
1410 4961 1627 5005 sanctus
1654 4952 2021 5009 Coltttnbaltus
2058 4970 2146 5009 an.

580 5018 725 5093 @315,
750 5022 899 5093 cujus
929 5018 1122 5075 festum
1157 5023 1296 5076 Beda
1328 5031 1378 5075 et
1412 5022 1821 5078 Wandelbertus
1843 5041 1892 5077 ιι
1914 5067 1927 5089 ,
1971 5023 2057 5075 alii
2095 5040 2147 5079 ιι

578 5089 685 5162 μαι.
716 5089 1020 5150 Decembris
1041 5096 1374 5162 consignant.
1396 5093 1527 5145 Eum
1550 5093 1740 5147 Paulus
1761 5093 1903 5147 Diac.
1920 5097 1970 5149 in
1996 5094 2142 5149 Gest.

578 5160 840 5230 Langnb,,
872 5165 1149 5218 Aimoinus
1173 5160 1225 5217 et
1254 5164 1432 5217 czeteri
1466 5162 1696 5216 laudant.

656 5230 671 5267 ί
710 5234 763 5286 In
796 5236 949 5288 Coll).
973 5234 1162 5298 altera,
1192 5234 1293 5295 sed,
1316 5234 1527 5300 antiqua
1560 5248 1749 5298 manu,
1784 5236 1897 5288 hcce
1926 5232 1991 5286 ad
2017 5247 2148 5287 mar-

578 5302 975 5373 ginem_addita
1017 5315 1139 5365 sunt
1163 5344 1177 5362 ,
1210 5320 1328 5372 quae
1369 5303 1614 5365 videntur
1648 5320 1712 5357 ex
1747 5318 2014 5373 anonymo
2054 5306 2143 5371 qui

579 5370 738 5424 Gesta
772 5371 1094 5427 Francorum
1131 5370 1344 5439 scripsit
1382 5375 1481 5426 sub
1508 5373 1842 5427 Theoderico
1886 5370 2011 5440 rege
2050 5370 2148 5427 de-

576 5451 783 5511 sumpta
808 5456 869 5494 ex
896 5459 1014 5510 cap.
1039 5442 1107 5495 38
1131 5461 1141 5493 :
1176 5442 1522 5495 Bruuichildis
1551 5459 1667 5495 vero
1703 5445 1881 5511 regina
1916 5459 2014 5495 non
2043 5458 2145 5496 ces-

575 5510 720 5563 sabat
751 5514 971 5576 quotidie
1003 5512 1371 5569 Theudericum
1396 5529 1601 5565 mouere
1630 5515 1833 5565 dicens:
1860 5520 2027 5578 Quare
2051 5529 2143 5565 ne-

573 5580 751 5648 gligis,
782 5589 827 5631 et
856 5597 1011 5645 quare
1053 5599 1154 5633 non
1193 5582 1408 5648 requiris
1453 5584 1742 5633 thesaurum
1784 5586 1942 5648 patris
1973 5583 2048 5634 tui
2085 5598 2144 5634 ac

574 5665 785 5719 regnum
810 5652 919 5719 ejus
945 5650 1008 5701 de
1035 5667 1187 5701 manu
1210 5649 1562 5709 Tlteudeberti,
1588 5668 1699 5702 cum
1725 5654 1857 5705 scias
1893 5667 2009 5703 eum
2039 5668 2139 5704 non

575 5718 677 5781 esse
709 5718 913 5776 fratrem
939 5730 1099 5775 tuum.
1132 5718 1196 5775 l‘n
1227 5720 1485 5772 adulterio
1499 5722 1632 5776 enim
1656 5723 1717 5775 de
1747 5722 2031 5776 concubina
2054 5739 2141 5791 pa.

2333 4460 2422 4528 jus
2452 4461 2551 4513 loci
2587 4475 2802 4523 nomen,
2829 4464 2914 4527 qui
2943 4461 3077 4515 situs
3100 4471 3174 4513 est
3208 4460 3271 4513 ad
3305 4460 3547 4513 Rhenum
3577 4462 3720 4515 inter
3745 4466 3840 4516 Ta-

2259 4529 2450 4583 bernas
2480 4541 2533 4582 et
2560 4531 2961 4597 Brocomagum.
2994 4531 3169 4584 dictus
3199 4530 3358 4598 vulgo
3380 4529 3540 4584 Sella.
3569 4530 3704 4587 Vide
3738 4533 3840 4587 No-

2258 4601 2423 4654 titiam
2450 4600 2640 4654 Valesii
2665 4600 2731 4653 ad
2762 4616 2943 4654 vocem
2973 4600 3190 4654 Saletio.

2326 4680 2363 4705 τη
2396 4671 2520 4723 Mss.
2540 4714 2552 4734 ,
2583 4679 2869 4737 utrumque.
2910 4671 3073 4723 Porro
3106 4670 3420 4724 scaritornm
3452 4670 3668 4724 nomine
3704 4673 3839 4725 mili-

2256 4750 2333 4793 tes
2356 4740 2622 4809 designari
2651 4750 2799 4807 pulo,
2829 4744 2905 4793 sic
2931 4756 2957 4791 a
2990 4755 3137 4791 scura
3179 4739 3371 4805 dictos,
3402 4756 3503 4809 qua
3534 4755 3665 4795 voce
3700 4744 3837 4794 mili-

2255 4818 2368 4863 tum
2399 4824 2625 4871 cuneus,
2652 4810 2765 4863 sive
2803 4811 3115 4862 bellatorum
3148 4813 3291 4864 acies
3332 4810 3665 4874 exprimitur.
3703 4812 3832 4869 Hinc

2253 4894 2350 4932 vos
2378 4890 2560 4931 nostra
2591 4879 2776 4944 gallica
2807 4880 3161 4931 escarmouclte
3203 4879 3471 4939 proﬂuxit.
3508 4880 3642 4934 Vide
3678 4883 3830 4934 Alte-

2250 4963 2452 5002 serram
2483 4951 2533 5001 in
2560 4950 2700 5001 hunc
2722 4950 2917 5009 locum,
2946 4961 2999 5002 et
3022 4949 3202 5015 Cangii
3228 4949 3580 5002 Glossarium.

2320 5027 2347 5054 ³
2372 5019 2489 5072 Jam
2513 5033 2669 5083 supra
2701 5018 2951 5082 diximus,
2974 5019 3039 5071 ad
3066 5034 3219 5086 caput
3244 5018 3339 5083 35,
3368 5019 3432 5073 de
3456 5019 3711 5071 comitatu
3736 5036 3827 5075 ou-

2248 5088 2501 5157 gintensi,
2545 5088 2703 5153 vulgo
2748 5089 3017 5157 Suntguw.
3065 5088 3321 5142 Turensis
3380 5106 3527 5152 vero,
3558 5105 3718 5154 quem
3754 5094 3824 5143 in-

2248 5168 2403 5213 caute
2441 5157 2723 5212 Aimoinus
2744 5157 3112 5215 Turonensetn
3164 5160 3419 5227 appellat,
3444 5158 3655 5212 videtur
3706 5174 3823 5214 esse

2248 5229 2296 5281 le
2324 5228 2564 5298 Turgow,
2598 5243 2761 5293 pagus
2794 5228 3158 5283 Helvetiorum
3190 5232 3331 5284 inter
3390 5245 3579 5297 pagum
3610 5230 3822 5297 Tiguri-

2249 5314 2372 5352 num
2402 5311 2457 5353 et
2488 5300 2655 5350 lacum
2676 5298 3162 5352 Constantiensvm.
3188 5300 3573 5363 Catnpanensis
3606 5302 3819 5352 nomine

2248 5368 2333 5422 hic
2371 5368 2635 5436 designari
2664 5376 2811 5436 putat
2837 5368 3077 5422 Cuintios
3098 5385 3213 5422 eam
3252 5369 3564 5437 Campanis:
3616 5378 3818 5437 partem

2245 5454 2365 5506 qua:
2396 5438 2643 5492 estcirca
2689 5438 2951 5506 Sequana:
2998 5441 3162 5507 ripas,
3202 5454 3362 5502 supra
3421 5439 3665 5505 infraque
3690 5438 3819 5491 Tre-

2244 5524 2424 5561 carum
2474 5510 2680 5570 urbem,
2734 5523 2891 5575 quam
2944 5520 3099 5564 antea
3144 5509 3511 5563 Gumramnus
3554 5518 3815 5562 tenuerat.

2250 5578 2441 5630 Verum
2476 5593 2635 5643 pagus
2662 5578 2745 5629 hic
2771 5589 3097 5649 memoratus
3134 5579 3285 5649 haud
3324 5580 3507 5645 procul
3538 5594 3597 5649 a7
3620 5578 3814 5649 Sugin-

2247 5650 2380 5702 tellsi
2410 5656 2464 5699 et
2486 5648 2713 5701 'l‘orensi
2739 5648 2944 5701 videtur
2969 5649 3220 5703 abfuisse.
3247 5646 3335 5709 Ch,
3376 5650 3448 5703 al.
3478 5657 3533 5702 et
3561 5646 3727 5709 Erebi
3752 5650 3817 5707 al.

2248 5721 2445 5781 habent
2476 5716 2864 5791 Campiauenses
