4020 6194
138 232 244 284 629

1590 222 2011 281 CIIROXICUM.

3332 222 3437 276 675‘.)

140 346 312 413 prias.
353 342 452 396 His
481 341 666 396 .Iiebus
691 348 745 396 et
780 339 1057 396 Alamanni
1092 339 1147 394 in
1176 353 1311 409 pago
1337 338 1682 394 Aventicensi
1713 348 1737 375 ⁸
1768 344 1816 400 Α
1845 346 2058 408 Oportet
2105 337 2264 406 hujus
2305 338 2381 392 rei
2430 352 2648 394 causam
2695 346 2967 409 expetere.
3001 336 3217 391 Rustica
3255 336 3434 393 fabula

141 435 297 490 Ultra
315 434 550 488 -Jurano
586 433 854 489 hosuliter
882 432 1107 502 ingressi
1151 432 1305 498 sunt},
1340 431 1620 501 ipsumque
1652 447 1747 499 pa-

141 540 270 596 gum
325 526 677 594 prmdantes,
728 525 1020 580 Abbelinus
1055 533 1108 579 et
1149 524 1416 593 Herpinus
1448 523 1475 561 ι’
1523 525 1749 579 comites

141 634 266 673 cum
304 621 524 674 cancris
553 621 621 675 de
652 621 770 687 ipso
802 635 938 691 pago
987 620 1275 673 comitibus
1327 634 1447 673 cum
1503 619 1747 672 exercitu

146 719 392 778 pergunt
420 711 632 764 obviam
664 711 992 766 Alamannis.
1032 710 1266 779 Uterque
1297 711 1573 779 phalangae
1605 724 1751 763 wan-

145 815 241 869 gas
274 812 299 839 ο
328 801 564 871 jungunt
588 802 653 855 ad
689 802 965 869 praslium;
998 803 1275 855 Alamanni
1309 800 1746 855 Trans-Joranos

145 903 435 960 superant,
471 895 777 963 plorilatem
806 910 990 949 eorum
1022 894 1197 963 gladio
1225 894 1512 959 trucidant,
1545 902 1599 947 et
1627 906 1750 961 pro-

144 991 441 1047 sternunt;
492 983 778 1037 maximam
824 995 1031 1052 partem
1078 983 1330 1038 territetii
1372 984 1749 1038 Aventicensis

145 1074 413 1127 incendio
432 1084 811 1139 concremant;
835 1075 1185 1143 plurimorum
1210 1076 1435 1129 nintinm
1469 1074 1745 1127 hominum

146 1168 559 1220 multitudinem
603 1168 799 1222 exinde
830 1168 884 1221 iu
936 1166 1295 1237 captivitatem
1335 1169 1631 1231 duxerunt;
1665 1182 1751 1220 re-

146 1258 411 1328 versique
441 1275 561 1313 cum
590 1261 766 1328 prada
797 1270 1021 1329 pergunt
1039 1260 1103 1311 ad
1135 1260 1366 1328 prepria.
1386 1258 1751 1313 Theodericus

147 1348 217 1401 ιι)
251 1351 357 1400 bas
401 1348 623 1419 injurias
660 1349 917 1417 deinceps
963 1350 1168 1417 integra
1218 1348 1533 1402 assiduitate
1566 1348 1747 1402 consi-

148 1439 283 1494 lium
319 1441 546 1506 iniebat,
576 1456 681 1511 quo
703 1450 857 1510 pacto
884 1440 1319 1495 Tneudebertum
1354 1440 1619 1507 potuisset
1648 1454 1748 1508 op.

149 1532 420 1598 primere.
456 1533 533 1587 Eo
556 1548 699 1588 anno
730 1531 1029 1588 Bilicltildis
1058 1530 1081 1569 ἀ
1117 1547 1145 1585 a
1172 1531 1548 1586 Theudeberto
1586 1531 1753 1585 inter-

153 1624 364 1677 tiritur.
411 1624 819 1679 Tbeudehertus
848 1624 1113 1694 puellam,
1144 1624 1362 1677 nomine
1405 1622 1751 1678 Theudicltil-

151 1714 308 1778 dem,
337 1716 538 1785 accipit
567 1731 810 1772 uxorem.

224 1806 336 1859 AN.
371 1820 514 1860 neu.
547 1837 618 1846 —
646 1809 801 1861 Anno
837 1807 903 1859 l6
938 1815 960 1844 ο
992 1805 1333 1871 Theoderici,
1389 1805 1752 1860 Theodericus

154 1894 493 1965 legationem
521 1898 584 1951 ad
608 1898 973 1953 Chlotharium
994 1898 1209 1963 direxit,
1238 1899 1403 1968 618
1432 1897 1672 1951 indicans
1696 1913 1754 1952 se

154 1998 353 2043 contra
386 1990 836 2054 Theudebertum,
864 2006 929 2046 eo
959 1991 1097 2059 quod
1116 1992 1279 2043 frater
1305 2005 1434 2043 suus
1459 2006 1562 2043 non
1588 2001 1750 2054 esset,

158 2079 441 2136 bestiliter
464 2084 608 2137 velle
634 2081 944 2154 aggredere,
979 2081 1024 2135 si
1074 2080 1419 2134 Chlotharios
1462 2081 1512 2133 iu
1565 2081 1755 2134 solatio

160 2172 536 2227 Theudeberti
564 2190 668 2227 non
703 2181 882 2237 esset;
923 2171 1175 2224 ducatum
1227 2169 1485 2224 Dentelini
1524 2167 1566 2232 ί.
1598 2185 1753 2238 quem

164 2275 360 2317 contra
415 2264 852 2319 Theudebertom
902 2275 1235 2329 cassaverat,
1297 2265 1340 2318 si
1397 2264 1757 2318 Theodericus

163 2353 609 2411 Theudebertum
649 2367 941 2426 superaret,
984 2355 1327 2411 Cltlotharius
1362 2371 1519 2425 supra
1551 2370 1756 2409 inemo-

162 2459 342 2503 ratum
373 2451 635 2505 Dentelini
663 2451 913 2505 ducatum
963 2452 1014 2504 iti
1066 2465 1217 2504 suam
1258 2450 1513 2504 ditionem
1549 2449 1753 2516 recipe-

166 2550 265 2595 ret.
302 2541 415 2596 Hac
452 2545 823 2598 convenientia
870 2559 898 2596 a
925 2542 1264 2598 Theoderico
1314 2550 1367 2595 ct
1413 2540 1751 2604 Clilotltario,

164 2631 363 2705 legatis
393 2634 897 2702 intercurrentibus,
931 2634 1160 2692 lirtua'a.
1194 2633 1559 2689 Theodericus
1582 2643 1760 2686 movet

164 2727 488 2781 exercitum.

234 2818 347 2871 AN.
380 2833 541 2871 nexu.
576 2847 645 2857 --
675 2817 960 2873 XXXVIII.
1006 2820 1161 2872 Anno
1208 2818 1269 2872 I7
1310 2815 1631 2871 Theoderici
1678 2832 1760 2868 rc-

166 2908 275 2975 gis,
304 2907 570 2979 Lingonas
599 2910 667 2964 de
698 2911 962 2965 universis
989 2911 1135 2979 regni
1167 2910 1245 2963 sui
1268 2908 1556 2978 provinciis
1578 2923 1761 2963 mense

166 2998 345 3053 Iladio
399 3002 670 3056 exercitus
708 3004 1007 3069 adunator,
1057 3004 1399 3072 dirigensquc
1442 3017 1534 3071 per
1584 3002 1762 3056 Aude-

1854 428 2069 495 dicitor,
2101 428 2246 499 quod
2283 443 2404 483 cum
2435 429 2591 499 lupus
2613 428 2945 484 ascendisset
2988 428 3041 482 in
3086 438 3357 497 montem,
3380 433 3437 483 et

1854 534 1973 574 cum
2006 520 2098 573 ﬁlii
2149 521 2230 573 sui
2272 518 2383 590 jam
2439 534 2639 575 venare
2666 529 3103 589 cmptssent,eos
3150 521 3216 575 ad
3269 535 3328 574 se
3377 521 3434 574 iu

1854 619 2035 664 monte
2068 618 2254 675 vocat,
2287 610 2471 664 dicens
2501 626 2514 662 :
2553 627 2574 662 ι
2613 610 2779 675 Quam
2828 610 2985 679 longe
3015 609 3153 663 oculi
3189 614 3352 664 vestri
3380 612 3432 664 iii

1855 714 2285 769 unamquamque
2331 710 2532 769 partem
2560 701 2723 771 619
2766 702 2951 754 videre
2985 700 3296 768 prmvaleut,
3328 718 3432 755 non

1856 790 2064 845 habetis
2091 792 2311 854 amicos,
2342 791 2445 846 nisi
2499 805 2695 861 paucos
2746 792 2835 860 qui
2885 791 2952 845 de.
3012 802 3191 845 vestro
3241 806 3437 860 genere

1854 898 1998 941 sunt.
2028 885 2276 943 Perlicite
2328 888 2488 957 igitur
2538 890 2679 959 quod
2724 889 2981 957 cmpistis.
3016 908 3035 941 ι
3070 890 3438 944 Theodericus

1854 993 1974 1032 cum
2001 980 2241 1034 exercitu
2270 981 2581 1035 Ardennam
2614 983 2880 1034 transiens
2908 980 3223 1035 Tolbiacnm
3250 996 3437 1049 perve-

1853 1069 1952 1123 nit.
1982 1068 2388 1123 Tlteudehertus
2444 1086 2565 1124 cum
2596 1070 2921 1135 Saxonibus,
2943 1071 3231 1140 Thuringis
3260 1080 3314 1126 et
3334 1088 3445 1127 ctr-

1856 1161 1983 1213 teris
2010 1162 2256 1229 gentibus
2276 1202 2289 1223 ,
2315 1175 2450 1230 quos
2478 1160 2545 1214 de
2597 1160 2736 1213 ultra
2767 1161 3033 1227 Rhenum,
3068 1161 3149 1214 vel
3208 1160 3439 1229 undique

1856 1260 2101 1321 potuerat
2155 1252 2414 1316 adunare,
2464 1260 2654 1307 contra
2706 1250 3096 1305 Theudericum
3127 1252 3447 1313 Tolbiacum

1859 1341 2109 1407 perrexit,
2165 1340 2345 1410 ibique
2396 1342 2577 1395 denuo
2640 1341 2987 1395 commissum
3031 1354 3113 1396 est
3167 1342 3433 1411 prmlium.

1858 1428 2049 1484 Fertur
2082 1445 2111 1482 a
2150 1431 2372 1486 Francis
2404 1432 2720 1502 ceterisque
2758 1433 3004 1501 gentibus
3041 1434 3109 1487 ab
3147 1437 3447 1505 antiquitus

1862 1520 1877 1559 ι
1914 1523 1990 1576 sic
2013 1523 2147 1577 forte
2179 1539 2277 1578 nec
2297 1524 2583 1593 aliquando
2622 1525 2786 1579 fuisse
2816 1526 3055 1592 prtelium
3087 1538 3431 1595 conceptum.

1857 1614 1928 1666 Ibi
1959 1617 2101 1668 enim
2135 1624 2274 1668 tanta
2323 1624 2529 1684 strages
2555 1615 2624 1669 ab
2654 1625 2880 1685 utroque
2907 1618 3145 1670 exercito
3177 1618 3309 1670 iacta
3335 1627 3441 1681 est,

1788 1709 1834 1768 Β
1866 1713 1921 1754 ιιι
1947 1702 2238 1773 phalanges
2265 1704 2315 1756 iit
2346 1702 2587 1771 ingresso
2636 1703 2944 1758 certaminis
3001 1713 3184 1758 contra
3214 1720 3272 1759 se
3304 1720 3442 1774 prac-

1860 1794 2051 1849 liantes
2081 1800 2131 1859 l,
2158 1796 2416 1849 cadavera
2448 1796 2688 1849 virorum
2741 1796 3042 1849 oeci-orum
3074 1796 3307 1865 undique
3336 1812 3440 1850 non

1858 1888 2121 1943 baberent
2151 1889 2241 1942 ubi
2273 1888 2519 1943 inclinata
2564 1891 2832 1955 jacerent,
2860 1887 2954 1941 sed
2984 1888 3197 1941 stabant
3245 1891 3439 1942 mortui

1860 1988 1998 2042 inter
2028 1995 2345 2042 ctelerorum
2378 1985 2635 2038 cadavera
2659 1984 2826 2037 stricti
2856 1983 3009 2052 quasi
3039 1983 3302 2037 viventes.
3334 1982 3440 2037 Sed

1862 2079 2086 2133 Domino
2116 2078 2448 2146 praecedente
2470 2078 2662 2129 iterum
2691 2073 3053 2128 Theodericus
3090 2072 3439 2127 Tlteodeben

1861 2179 1970 2224 tum
1997 2178 2247 2237 superat,
2277 2177 2329 2222 et
2351 2182 2378 2220 a
2412 2167 2665 2221 Tolbiaco
2712 2178 2881 2234 usque
2918 2162 3194 2218 Coloniam
3234 2165 3439 2218 exercia

1863 2273 1945 2317 tus
1969 2261 2328 2316 Theudeberti
2385 2258 2565 2327 gladio
2620 2256 2935 2311 trucidatur.
2986 2255 3088 2310 Per
3143 2255 3257 2308 loca
3290 2269 3439 2309 oram

1862 2364 2019 2408 terra:
2045 2351 2344 2422 cooperuit,
2379 2348 2601 2418 ipsoque
2631 2348 2718 2402 die
2739 2345 3012 2401 Coloniam
3047 2346 3301 2415 perrexit,
3333 2359 3442 2398 om-

1862 2460 2063 2516 nesque
2118 2446 2403 2499 thesauros
2442 2440 2805 2496 Theudeberti
2849 2437 2979 2493 inibi
3032 2439 3254 2507 recepit.
3294 2436 3444 2490 Diri-

1862 2552 2100 2606 gensqoe
2143 2535 2509 2591 Theodericus
2550 2533 2702 2587 ultra
2764 2532 3008 2586 Rhenum
3070 2541 3190 2598 post
3236 2540 3443 2600 tergum

1862 2626 2221 2681 Tlteudeberti
2249 2624 2581 2681 Berthariom
2613 2622 3021 2687 cubicularium,
3043 2622 3130 2689 qui
3160 2620 3449 2689 diligenter

1864 2716 2296 2771 Theudebertum
2330 2715 2641 2783 insequens,
2670 2727 2790 2766 cum
2812 2712 2919 2781 jam
2949 2726 3071 2765 cum
3132 2712 3313 2780 paucis
3363 2712 3447 2765 fus

1863 2820 2035 2878 geret,
2070 2809 2241 2875 ipsum
2267 2814 2480 2875 captum
2529 2803 2839 2858 Bertharius
2865 2800 3108 2855 Coloniae
3132 2801 3447 2868 conspectui

1864 2898 2180 2954 Theoderici
2206 2892 2512 2965 praesentat,
2550 2903 2769 2949 exutum
2802 2892 3038 2948 vestibus
3096 2891 3358 2960 regalibus
3380 2888 3443 2945 ιι.

1866 2990 2271 3045 Tlieudebertus
2308 2984 2637 3054 exspoliatos
2662 3023 2677 3049 ,
2706 2996 2978 3052 equusque
3005 2980 3126 3050 ejus
3151 2995 3269 3034 cum
3300 2988 3444 3033 stra-

171 3091 319 3145 laum
354 3101 401 3155 ε,
427 3092 591 3147 Nasio
630 3105 807 3147 castro
860 3104 1036 3163 capto,
1071 3094 1284 3148 Tullum
1327 3093 1594 3147 civitatem
1640 3108 1757 3161 per-

1870 3094 1985 3136 tura
2020 3082 2185 3150 regia,
2246 3080 2347 3133 hoc
2392 3086 2668 3144 totumque
2717 3072 2996 3129 Bertbario
3025 3088 3056 3126 a
3106 3071 3444 3125 Theoderico

170 3184 336 3237 rexit.
372 3184 552 3252 Ibique
579 3184 986 3239 Theudeliertus
1010 3201 1131 3239 cum
1176 3186 1572 3239 Austrasioruut
1601 3199 1761 3237 exer-

169 3275 280 3327 citu
304 3274 516 3328 obviam
546 3290 793 3344 pergens,
821 3277 873 3329 itt
897 3275 1133 3330 Tullensi
1163 3275 1437 3343 campania
1472 3274 1762 3342 conﬂigunt

171 3366 492 3419 certamine.
518 3365 887 3421 Theodericus
905 3376 1122 3435 supcrat
1145 3364 1763 3434 Tlteudebertum,ejus-

175 3474 282 3525 que
308 3460 603 3513 exercitum
638 3461 951 3528 prosternit.
981 3461 1128 3515 (laesa
1178 3469 1262 3514 est
1304 3459 1371 3514 de
1399 3460 1638 3515 exercitu
1668 3472 1761 3514 eo-

179 3555 306 3605 dem
339 3552 528 3619 prmlio
560 3554 720 3606 nimia
749 3553 1029 3607 multitudo
1051 3553 1285 3607 virorum
1316 3551 1555 3606 fortium.
1585 3552 1761 3606 Theu-

174 3642 431 3696 debertus
491 3654 639 3711 terga
689 3656 906 3698 vertens
964 3660 1058 3711 per
1112 3643 1438 3697 territorium
1500 3642 1760 3697 Mettense

176 3734 422 3797 veniens,
460 3736 683 3789 transito
728 3736 958 3806 \‘osago,
980 3735 1255 3790 Coloniam
1285 3736 1541 3804 fugaciter
1571 3749 1759 3802 pervc-

176 3826 278 3879 nit.
301 3826 670 3881 Theudoricus
692 3836 1026 3897 posttergum
1051 3842 1171 3881 cum
1200 3825 1758 3893 exercituinsequens,

177 3916 366 3971 beatus
387 3927 438 3971 et
471 3918 793 3986 apostolicos
816 3918 895 3972 vir
916 3917 1194 3971 Lconisius
1212 3914 1262 3981 ιι,
1287 3914 1652 3983 Magancensis
1674 3929 1761 3967 ur-

177 4008 265 4062 bis
307 4008 627 4076 episcopus,
675 4008 900 4077 diligens
957 4008 1241 4062 utilitatem
1293 4005 1650 4073 Theoderici,
1705 4013 1761 4059 et

181 4099 368 4153 odieus
398 4101 677 4153 stultitiam
715 4098 1098 4162 Tbeudeberti,
1130 4099 1194 4151 ad
1242 4096 1635 4151 Theudericum
1666 4111 1759 4150 ve-

180 4194 334 4246 niens
364 4191 497 4245 dixit
530 4208 544 4243 :
576 4193 727 4257 Quod
755 4172 964 4261 coepisti
1015 4190 1277 4257 perlicito.
1308 4189 1440 4242 satis
1482 4196 1534 4243 te
1560 4188 1762 4242 utiliter

252 4359 279 4387 ι
310 4348 649 4410 Aventicum,
679 4347 808 4401 urbs
853 4346 979 4400 olim
1025 4346 1251 4400 celebris
1290 4354 1346 4400 et
1394 4345 1757 4399 Helvetiorum

182 4432 361 4487 caput,
393 4419 553 4473 hodie
598 4418 662 4471 ad
713 4418 886 4471 vicum
934 4419 1173 4479 redacta,
1225 4416 1761 4487 episeOpumhabuit

182 4485 406 4544 Marium
461 4487 711 4543 Cltrouici
754 4488 1090 4553 scriptorem,
1147 4487 1239 4553 qui
1271 4485 1758 4554 subscripsitconc.

183 4562 391 4615 Matisc.
422 4575 458 4613 it
485 4575 575 4612 an.
601 4560 724 4620 585.
755 4573 894 4610 nunc
923 4572 1050 4611 vero
1098 4557 1254 4610 sedes
1296 4554 1412 4624 ejus
1441 4558 1767 4624 episcopalis

184 4632 521 4685 Lausanuam
552 4630 804 4683 translata
826 4636 939 4681 ‘eSI.
972 4629 1014 4681 A
1046 4626 1199 4680 nobis
1222 4628 1450 4679 Avenclte
1474 4669 1488 4694 ,
1523 4628 1590 4679 ab
1619 4629 1767 4681 inco-

184 4702 246 4755 lis
279 4700 597 4770 Uw/lisburg
628 4700 944 4770 appellatur.

253 4772 282 4810 δ
312 4764 537 4840 Aliquot
562 4764 711 4834 editi,
743 4769 1049 4837 Appellinus
1079 4775 1127 4820 et
1166 4764 1393 4835 Erpinus
1410 4783 1429 4829 ;
1467 4764 1566 4833 al.,
1606 4767 1768 4820 Abbe-

186 4843 349 4897 lenus.

258 4926 278 4952 ο
312 4916 403 4967 Sic
436 4925 565 4967 mss.
593 4910 733 4964 Editi
764 4909 998 4977 aliquot,
1026 4907 1247 4962 ordines.
1282 4906 1348 4960 Et
1370 4904 1525 4971 infra,
1552 4908 1761 4976 plurimi

185 5000 393 5045 eorum;
424 4980 602 5044 Col’b.,
634 4982 805 5049 plures
834 4991 971 5031 tunc.

252 5054 279 5090 ά
311 5055 443 5120 Alii,
474 5047 735 5105 Belieldis.
771 5051 898 5104 Erat
928 5050 1091 5117 ipsius
1121 5047 1477 5103 Theodeberti
1502 5062 1659 5111 uxor,
1693 5061 1761 5101 ex

185 5138 300 5193 cap.
336 5122 428 5187 55,
456 5138 639 5191 supra.

254 5204 282 5233 ⁸
312 5193 458 5248 Clar.
492 5201 546 5244 et
575 5191 780 5259 aliquot
805 5189 963 5250 Editi,
996 5203 1127 5241 anno
1162 5186 1246 5240 I5.

263 5264 283 5303 ί
328 5266 455 5328 Alii,
492 5261 779 5322 Denzelini.
811 5268 863 5313 et
894 5260 1049 5311 infra.

267 5345 291 5382 Β
328 5326 624 5399 Ιιίἁιοουε,
656 5341 714 5385 ut
738 5332 846 5399 jam
877 5329 1010 5399 alias
1039 5327 1340 5399 monuimus
1366 5367 1380 5391 ,
1407 5326 1638 5399 priscum
1670 5339 1765 5377 no-

196 5421 317 5461 men
344 5405 559 5468 retiuet,
584 5395 978 5471 νύΙεοἈηάειυι
1002 5402 1054 5451 in
1086 5395 1377 5471 Lingonum
1409 5395 1625 5471 dimcesi
1657 5410 1771 5448 ver-

196 5492 286 5531 sus
313 5476 528 5529 Nasium
546 5464 797 5529 castrum
828 5471 1145 5534 Leucorum,
1165 5466 1304 5535 quod
1324 5465 1543 5535 nuncin
1572 5464 1769 5535 ducatu

195 5545 439 5603 Harrensi
478 5545 640 5598 situm
682 5542 747 5595 ad
781 5540 977 5594 Ornam
1008 5534 1226 5596 ﬂumen.
1262 5536 1379 5590 Na:
1406 5534 1566 5604 vulgo
1587 5534 1770 5603 appel-

195 5617 349 5671 latur.
376 5615 592 5670 Nasium
623 5613 753 5668 olim
784 5611 997 5683 celebre
1036 5607 1256 5683 l'uit,_uti
1285 5615 1428 5683 patet
1451 5620 1519 5683 ex
1544 5605 1769 5683 vetustis

196 5688 495 5744 auctoribus
517 5696 572 5743 et
601 5699 668 5741 ex
696 5680 931 5738 nummis
968 5677 1219 5749 antiquis,
1244 5675 1330 5747 qui
1358 5674 1432 5730 ibi
1460 5673 1769 5745 frequenter

1865 3172 2197 3228 conceditur.
2226 3168 2636 3224 Thcudebertus
2664 3164 2877 3219 vinctus
2902 3162 3182 3218 Cabillono
3210 3162 3445 3215 destina-

1864 3276 1978 3329 tur;
2005 3264 2143 3319 lilins
2191 3264 2327 3331 ejus,
2362 3261 2573 3315 nomine
2630 3258 2928 3322 Meroveus,
2972 3255 3243 3324 parvulus,
3289 3253 3445 3324 jussu

1865 3356 2184 3411 Theoderici
2220 3352 2588 3423 apprehensus
2618 3368 2647 3406 a
2673 3351 2902 3420 quodam
2929 3364 3022 3417 per
3052 3349 3237 3415 pedem
3263 3348 3326 3400 ad
3353 3362 3445 3416 pe-

1864 3457 1998 3502 Iram
2028 3447 2347 3515 percutitur,
2391 3444 2671 3499 cerebrum
2701 3444 2818 3512 ejus
2849 3441 3021 3510 capite
3042 3448 3287 3505 eruptum
3314 3438 3445 3491 ami-

1865 3541 1934 3591 sit
1960 3538 2229 3602 spiritum.
2259 3536 2601 3589 Cltlotharius
2636 3534 2887 3588 ducatum
2938 3529 3201 3584 Dentelini
3256 3542 3447 3583 secun-

1867 3633 1990 3681 dum
2020 3628 2449 3684 convenientiam
2476 3624 2795 3681 Theoderici
2827 3626 3091 3692 integrum
3126 3635 3234 3675 sua:
3256 3620 3447 3674 ditioni

1868 3721 2081 3789 redigit.
2100 3720 2181 3775 Ob
2207 3735 2365 3789 quam
2392 3734 2503 3774 rem
2526 3718 2890 3772 Theodericus
2911 3730 3030 3770 cum
3058 3715 3167 3784 jam
3195 3715 3285 3767 toti
3315 3715 3446 3769 Aus-

1866 3822 1947 3866 ter
1976 3810 1994 3849 ι
2028 3813 2192 3882 620
2247 3810 2634 3875 dominaretur,
2681 3808 2843 3863 nimia
2895 3807 3261 3877 indignatione
3288 3820 3440 3860 com-

1864 3918 2065 3969 motus,
2096 3914 2280 3958 contra
2311 3902 2681 3957 Cltlotharium
2728 3900 3027 3955 exercitum
3062 3907 3262 3952 movet.

1934 3996 2034 4050 Av.
2065 4009 2246 4049 ucxtu.
2268 4022 2338 4034 -
2358 3993 2512 4047 Anno
2538 3993 2604 4047 18
2632 3994 2779 4062 regni
2809 3991 2889 4045 sui
2919 3991 2988 4045 de
3014 3991 3206 4045 Auster
3229 3998 3282 4043 et
3311 3989 3443 4044 Bur-

1864 4088 2057 4159 gundia
2080 4101 2298 4141 movere
2321 4086 2597 4157 praecepit,
2631 4082 2947 4152 legationem
2981 4083 3127 4152 prius
3175 4080 3438 4149 dirigens,

1862 4190 1921 4236 ut
1946 4195 2006 4236 se
2036 4176 2375 4235 Cblotbarius
2391 4175 2460 4232 de
2481 4174 2593 4246 jam
2617 4175 2759 4230 dicto
2787 4173 2983 4229 ducatu
3007 4172 3269 4228 Dentelini
3291 4175 3435 4227 omni

1865 4334 2229 4389 inveniuntur.
2255 4331 2411 4387 Certe
2439 4345 2559 4384 cum
2598 4329 2657 4384 in
2694 4343 2758 4384 ea
2816 4327 3036 4398 regione
3095 4339 3436 4381 versaremur

1866 4401 2136 4467 au.t696,
2159 4401 2364 4457 detecta
2409 4410 2494 4455 est
2542 4414 2774 4461 camera,
2833 4401 2989 4463 cujus
3040 4398 3174 4450 muri
3231 4400 3437 4448 "IllSlVU

1869 4473 2144 4529 incrustati
2191 4481 2371 4533 erant,
2416 4488 2478 4525 ex
2538 4470 2730 4540 quibus
2790 4468 2956 4537 lapilli
3011 4467 3278 4540 quadrati_
3321 4468 3443 4519 inde

1871 4547 2009 4598 eruti
2050 4543 2116 4597 ad
2164 4556 2264 4596 nos
2308 4542 2475 4596 delati
2528 4536 2760 4595 fuerunt.
2828 4536 2981 4593 Ilunc
3036 4548 3214 4591 autem
3266 4536 3441 4591 locum

1874 4616 2014 4668 male
2058 4612 2297 4665 nonnulli
2340 4612 2627 4665 Naneeium
2688 4609 3050 4679 Lotharingia:
3114 4619 3274 4675 caput
3322 4623 3442 4662 esse

1872 4688 2219 4751 scripserunt.

1949 4746 2061 4807 ιιἸιι
2088 4753 2228 4804 Clar.
2253 4760 2305 4805 et
2326 4750 2422 4804 Cb.
2458 4751 2552 4818 al.,
2586 4751 2756 4804 Lest'o.
2785 4750 2906 4804 Fuit
2949 4749 3288 4816 Moguntinos
3334 4746 3444 4818 epi-

1873 4839 2094 4891 scopus,
2119 4836 2277 4889 quem
2317 4823 2424 4873 alio
2472 4816 2689 4875 nomine
2720 4821 3117 4891 Liudegasiour.
3145 4833 3242 4873 seu
3277 4816 3448 4891 Lude-

1878 4887 2085 4965 gastum
2116 4887 2431 4965 a‘ppellattun
2450 4892 2875 4965 fuisseCointius
2897 4887 3045 4965 dicit.
3074 4887 3302 4965 Sanctus
3329 4887 3446 4965 bin-

1868 4956 2119 5035 degasius
2148 4956 2341 5013 dicitur
2370 4976 2399 5013 a
2448 4962 2707 5015 Βτυεςιιδο
2755 4964 2805 5015 in
2850 4961 3095 5027 catalogo
3136 4959 3303 5024 episc.
3334 4956 3448 5007 Mo~

1870 5037 2234 5107 gutttiuo‘ruttt.
3014 5098 3030 5107 ,
3068 5097 3078 5107 .
3329 5094 3358 5107 .-

1956 5106 1971 5142 ί
2016 5103 2152 5169 Alii,
2181 5103 2245 5155 ab
2290 5112 2501 5169 antiquo
2551 5111 2655 5153 tam
2699 5116 2953 5166 nunquam
3003 5097 3161 5160 fuisse
3214 5094 3446 5162 pta’lium

1896 5188 2082 5229 actum.

1873 5182 2135 5297 “iutilia.
2174 5240 2314 5297 Clar.
2338 5282 2353 5306 ,
2384 5242 2473 5294 ubi
2519 5238 2867 5310 phalanges...
2901 5235 3228 5303 prwliantur,
3265 5242 3317 5287 ut
3356 5248 3449 5285 car-

1874 5316 2079 5368 davcra.

1946 5386 1969 5422 κ
2012 5386 2232 5449 Cliesu.,
2289 5389 2562 5451 prwsentat
2603 5375 2879 5451 ambitum
2923 5382 3072 5451 rem
3108 5375 3289 5451 regali,
3338 5383 3445 5428 etc.

1872 5456 2025 5511 Colb.
2058 5444 2335 5523 utramque
2358 5452 2638 5506 lectionem
2658 5446 2834 5509 habet,
2854 5453 2907 5499 et
2923 5444 3057 5498 infra
3080 5446 3307 5512 aliquot,
3330 5459 3446 5497 cum

1926 5535 2152 5579 rratura.

1874 5531 2269 5652 ferlgicraélar.
2308 5606 2521 5661 semper
2552 5583 2817 5644 Austriam
2847 5584 3119 5660 designat,
3157 5581 3301 5637 Editi
3355 5596 3452 5637 va—

1873 5670 2015 5726 riunt
