4020 6194
575 213 666 269 651

1736 197 2148 258 FllEDEGARll
2185 198 2622 253 SCIIOLASTICI

3728 197 3841 248 632

573 298 737 381 modo.
760 330 1082 388 removeret;
1106 321 1337 390 alioquin
1370 321 1576 374 noverit
1604 334 1664 374 se
1692 319 1927 373 exercitu
1960 317 2135 370 Theu-
2165 314 2217 372 A
2242 312 2445 366 tbarius
2472 313 2774 382 eligeretur.
2806 312 3004 368 Gentes
3043 328 3161 379 quae
3190 312 3297 367 illic
3326 320 3565 366 attractte
3621 319 3839 363 Inerant

572 416 733 471 derici
762 415 996 485 undique
1019 426 1238 483 regnum
1281 410 1576 465 Chlutltarii
1601 408 1960 476 impleturum.
1991 405 2141 470 Quod

570 507 813 568 verbum,
855 501 1301 573 quemadmodum
1344 500 1502 570 legati
1545 498 1868 561 nuntiarant,
1903 494 2143 565 probavit

568 604 813 652 eventus.

644 682 882 739 XXXIX.
913 684 1031 753 ipso
1057 697 1269 752 quoque
1315 696 1455 735 anno
1488 680 1599 749 jam
1646 677 1913 732 exercitus
1955 684 2140 730 contra

567 775 935 830 Cblotharium
974 774 1351 843 aggredivbat,
1387 788 1507 825 curn
1557 770 1923 825 Theudoricus
1965 768 2140 822 Mettis

569 866 830 933 profluvio
858 866 1064 919 ventris
1092 866 1333 918 moritur.
1379 861 1656 915 Exercitus
1705 860 1948 929 protinus
1985 859 2139 913 rediit

570 956 634 1010 ad
661 958 903 1026 proprias
929 956 1102 1009 sedes.
1136 954 1490 1008 iirunichildis
1520 966 1639 1005 cum
1671 951 1793 1004 ﬁliis
1823 948 2141 1004 Theuderici

570 1058 814 1117 quatuor,
839 1048 1101 1116 Sigiberto
1125 1057 1174 1111 ⁸,
1203 1044 1568 1107 Childeberto,
1586 1042 1780 1106 Corbo,
1806 1050 1859 1094 et
1891 1041 2140 1094 Merdveo

568 1142 746 1195 Mettis
796 1142 1059 1205 residens,
1089 1140 1414 1208 Sigiberlum
1457 1137 1508 1190 in
1551 1149 1714 1203 regno
1767 1133 1934 1203 patris
1990 1133 2141 1186 insti-

568 1243 719 1285 tuere
745 1234 949 1286 nititur.

640 1321 749 1376 XL.
775 1321 1136 1386 Cblntbarius,
1168 1320 1396 1374 factione
1431 1319 1631 1372 Arnuiﬁ
1662 1328 1717 1372 et
1743 1319 1946 1387 Pippini
1977 1316 2027 1381 δ,
2054 1316 2138 1371 vel

567 1424 883 1467 raetcrorum
946 1427 1225 1482 procerum
1276 1415 1469 1466 Auster
1528 1412 1840 1480 ingreditur.
1899 1411 2138 1480 Cumque

568 1506 937 1557 Antennacum
963 1515 985 1541 ο
1015 1503 1352 1567 arcessisset,
1382 1510 1435 1555 et
1474 1500 1831 1555 Brunicbiidis
1859 1515 1980 1554 cum
2014 1500 2135 1553 ﬁliis

566 1595 883 1648 Theudorici
926 1592 1238 1647 Warmacire
1268 1593 1291 1628 α
1327 1594 1617 1656 resideret,
1659 1593 1881 1660 legatos,
1915 1591 1996 1645 bis
2036 1605 2135 1644 no-

2248 403 2474 457 consilio
2502 413 2710 457 secreto
2739 404 2804 458 de
2846 404 3038 457 solatio
3088 404 3449 458 Brunichildis
3490 411 3547 457 et
3595 401 3833 455 ﬁliorum

2248 494 2567 548 Theudorici
2596 496 2776 562 procul
2802 493 2926 548 fecit
2954 496 3143 550 abesse
3175 513 3188 548 :
3221 496 3419 550 exinde
3446 494 3679 562 regressi
3701 508 3834 547 cum

2249 585 2585 639 Brunichible
2632 594 2687 639 et
2745 586 2865 639 ﬁliis
2903 586 3247 649 Theudorici,
3299 585 3635 654 Burgundias
3663 599 3833 654 appe-

2244 686 2382 740 tunt,
2423 678 2601 732 missis
2646 674 2661 713 ί
2699 691 2791 744 per
2814 678 3124 731 universum
3152 676 3348 730 Auster
3373 675 3831 739 discurrentibus,

2243 769 2535 822 exercitum
2569 783 2785 821 movere
2810 766 3136 822 nitebantur.

2313 857 2446 911 XLI.
2478 858 2794 925 Burgundite
2833 857 3073 911 farnnesi
3109 868 3382 918 vero.tam
3403 857 3639 925 episcopi
3663 872 3829 926 quam

2241 949 2420 1003 caeteri
2449 948 2665 1014 leudes,
2708 949 2955 1002 timentes
2996 949 3415 1014 Brunirhildem,
3456 959 3509 1003 et
3544 948 3725 1001 odium
3769 948 3828 1000 iu

2241 1056 2357 1095 eam
2388 1039 2666 1105 habentes,
2696 1055 2816 1092 cum
2855 1038 3237 1093 Warnachario
3274 1038 3559 1093 consilium
3591 1039 3828 1091 inientes

2243 1132 2555 1196 tractabant,
2585 1141 2639 1184 ut
2668 1145 2838 1197 neque
2863 1146 2998 1183 unus
3028 1146 3089 1183 ex
3122 1130 3244 1184 ﬁliis
3270 1130 3593 1184 Theuderici
3623 1131 3831 1183 evade-

2241 1232 2343 1289 ret,
2372 1222 2488 1289 sed,
2518 1224 2596 1277 eis
2624 1222 2872 1277 omnibus
2901 1238 2969 1292 op
3008 1223 3194 1287 ressis,
3223 1231 3275 1275 et
3299 1223 3697 1277 llrunicbildem
3724 1222 3829 1276 de-

2242 1314 2430 1379 lerent,
2458 1324 2505 1366 cl
2532 1329 2749 1382 regnum
2776 1312 3065 1367 Cblotbarii
3099 1313 3204 1386 [AL
3237 1312 3571 1384 Cblotbario]
3595 1325 3824 1379 expete-

2240 1414 2379 1470 rent,
2411 1404 2549 1472 qnod
2595 1405 2833 1472 probavit
2864 1416 3106 1459 eventus.
3138 1405 3381 1473 Cumque
3423 1405 3583 1475 jussu
3626 1407 3827 1459 llruni-

2237 1497 2429 1550 cbildaa
2481 1506 2535 1551 et
2585 1496 2832 1565 Sigiberti
2898 1497 2989 1549 lilii
3047 1496 3365 1550 Theuderici
3420 1498 3697 1551 exercitus
3752 1496 3830 1551 de

2239 1584 2537 1655 Burgundio
2589 1596 2642 1641 et
2706 1590 2901 1641 AuSIer
2950 1596 3133 1642 contra
3164 1586 3530 1641 Chlotharium
3563 1589 3830 1658 aggrede-

566 1684 815 1746 minibus,
870 1682 1233 1736 Chadoiudum
1274 1690 1329 1733 et
1384 1682 1679 1750 ilerponem
1709 1692 1753 1746 ε,
1781 1683 1844 1735 ad
1882 1682 2136 1736 Chlotba-
2166 1671 2213 1729 B
2242 1690 2405 1732 retur.

567 1777 624 1827 rit
651 1790 703 1828 m
723 1775 937 1836 direxit,
966 1783 1270 1828 contestans
1287 1775 1334 1828 ei
1366 1783 1421 1827 ut
1445 1776 1586 1827 Sede
1611 1789 1772 1843 regno
1798 1774 2133 1843 'l'heuderici,

566 1866 705 1935 quod
740 1866 861 1921 ﬁliis
885 1867 1192 1935 reliquerat,
1214 1878 1531 1921 removeret.
1553 1867 1893 1921 Cblotharius
1913 1883 2139 1937 respon-

563 1958 742 2023 debat,
772 1968 825 2012 et
855 1975 948 2028 per
969 1974 1093 2013 suos
1131 1959 1332 2028 legatos
1360 1959 1685 2013 Brunicbildi
1718 1957 2020 2021 mandabat,
2048 1959 2137 2026 juc

564 2049 704 2103 dicio
753 2050 1081 2105 Francorum
1135 2051 1430 2106 electorum
1458 2050 1504 2116 τ,
1524 2050 1778 2120 quidquid
1805 2050 2139 2118 praecedente

566 2142 792 2195 Domino
821 2158 849 2195 a
889 2144 1108 2197 Francis
1138 2142 1278 2196 inter
1301 2142 1517 2197 eosdem
1545 2141 1887 2211 judicabitur,
1922 2142 2137 2209 pollice-

568 2241 652 2284 tur
694 2246 811 2285 sese
851 2232 1094 2301 implere.
1124 2232 1479 2286 Brunichildis
1520 2232 1840 2302 Sigibertum
1870 2232 2135 2286 seniorem

567 2322 734 2373 ﬁlium
766 2322 1086 2375 Theudorici
1114 2324 1166 2375 in
1205 2322 1547 2390 Thoringiam
1585 2322 1803 2390 direxit,
1827 2336 1946 2374 cum
1977 2336 2079 2391 quo
2110 2330 2134 2367 κ

565 2407 1005 2462 Warnacbarium
1035 2410 1292 2475 majorem
1338 2410 1526 2465 domus
1574 2424 1625 2465 et
1664 2412 1957 2466 Atboenum
2015 2427 2133 2467 cum

565 2496 778 2551 cmteris
805 2498 1117 2563 proceribus
1162 2498 1471 2562 destinavit,
1514 2509 1570 2553 ut
1595 2509 1783 2569 gentes
1833 2517 1951 2569 qua:
1998 2502 2134 2557 ultra

566 2589 809 2643 Rhenum
849 2599 975 2643 sunt
1023 2591 1384 2656 attraherent,
1418 2592 1647 2660 qualiter
1687 2592 2000 2647 Chlothario
2039 2608 2135 2662 po-

564 2680 792 2733 tuissent
820 2680 1091 2735 resistere.
1118 2680 1245 2735 Post
1284 2689 1487 2751 tergum
1528 2683 1814 2738 indiculnm
1841 2685 2053 2751 direxit,
2080 2694 2136 2740 ut

563 2770 835 2825 Alboenus
866 2786 986 2826 cum
1032 2773 1243 2828 caeteris
1294 2773 1730 2829 Warnacharium
1780 2767 2130 2842 interﬁceret,

564 2879 630 2919 eo
659 2864 797 2933 quod
829 2878 888 2918 se
916 2866 967 2918 in
1010 2882 1233 2937 regnum
1276 2866 1568 2921 Cltlotharii
1606 2867 1767 2921 vellet
1821 2868 2130 2923 transferre.

562 2958 717 3028 621
741 2959 907 3024 Quem
928 2960 1213 3013 indiculnm
1240 2959 1498 3013 relectum
1527 2960 1799 3014 Alboenns
1825 2959 2124 3029 disruptum

2312 1770 2468 1823 XLII.
2512 1770 2846 1838 Veniensque
2876 1771 3171 1841 Sigihertus
3192 1772 3243 1826 in
3279 1772 3627 1841 Campaniam
3660 1772 3827 1825 terti-

2242 1861 2361 1914 torii
2398 1861 2843 1915 Catalaunensisk
2871 1877 3031 1931 super
3060 1863 3277 1915 ﬂuvium
3306 1865 3549 1916 Axonam
3571 1860 3616 1929 ι,
3642 1862 3831 1928 ibique

2241 1952 2580 2005 Cblotbstrius
2615 1952 2825 2005 obviam
2857 1967 2980 2007 cum
3006 1954 3243 2007 exercitu
3283 1953 3454 2017 venit,
3484 1953 3686 2006 multos
3709 1953 3828 2021 jatn

2239 2041 2305 2095 de
2350 2041 2636 2095 Austrasiis
2687 2055 2865 2097 secum
2914 2042 3114 2097 habens
3165 2043 3391 2097 factione
3440 2041 3830 2096 Warnacharii

2240 2132 2457 2199 majoris
2500 2132 2724 2195 domus,
2770 2133 2908 2187 sicut
2942 2133 3050 2201 jam
3101 2133 3226 2186 olim
3273 2142 3620 2195 tractaverant,
3651 2134 3823 2203 622

2239 2222 2692 2276 consentientibus
2718 2224 2945 2278 Aletheo
2977 2224 3220 2292 patricio,
3260 2224 3529 2288 Roccone,
3562 2223 3827 2291 Sigoaldo

2238 2319 2291 2365 et
2320 2311 2587 2367 Eudelane
2615 2312 2858 2367 ducibus.
2889 2313 3130 2382 Cumque
3170 2316 3222 2366 in
3250 2328 3539 2382 congressu
3564 2320 3828 2368 certami-

2238 2403 2319 2454 nis
2357 2400 2666 2455 debuissent
2711 2418 2830 2457 cum
2875 2404 3109 2457 exercitu
3154 2402 3458 2473 conﬂigere,
3503 2404 3824 2473 priusquam

2237 2496 2464 2564 prmliari
2493 2496 2801 2564 coepissent,
2833 2497 2980 2566 signa
3009 2497 3228 2562 dantes,
3258 2498 3521 2552 exercitus
3558 2497 3825 2565 Sigiberti

2240 2594 2384 2654 terga
2416 2596 2629 2639 vertens
2680 2586 2821 2640 redit
2867 2586 2932 2639 ad
2978 2587 3220 2655 proprias
3250 2588 3425 2642 sedes.
3472 2587 3828 2642 Chlotharius

2236 2677 2511 2745 paulatim,
2557 2686 2615 2732 ut
2644 2688 2997 2741 convenerat,
3030 2691 3146 2747 post
3178 2688 3379 2748 tergum
3411 2694 3531 2732 cum
3572 2682 3825 2735 exercitu

2233 2781 2484 2835 sequens,
2518 2781 2683 2833 usque
2714 2768 2918 2821 Ararim
2947 2768 3283 2837 Saogonoam
3305 2778 3343 2805 ω
3368 2770 3588 2823 fluvium
3624 2786 3822 2839 pet-ve.

2232 2858 2333 2912 nit.
2366 2858 2545 2927 Captis
2577 2861 2697 2912 liliis
2720 2859 3030 2914 Theoderici
3077 2861 3271 2925 tribus,
3305 2861 3598 2931 Sigiberto,
3632 2862 3820 2917 Corbo

2231 2957 2287 3005 et
2308 2950 2573 3013 Meroveo,
2598 2966 2751 3016 quem
2780 2951 2893 3019 ipse
2921 2950 2988 3004 de
3010 2949 3155 3005 fonte
3178 2952 3404 3017 excepit,
3436 2951 3828 3007 Childebertns

557 3050 786 3119 projecit
814 3051 865 3103 in
898 3060 1114 3105 terram.
1142 3053 1391 3105 inventus
1421 3062 1498 3105 est
1535 3068 1563 3105 a
1595 3066 1759 3120 puero
1797 3022 2123 3106 Warnacha-
2152 3022 2199 3086 ο
2231 3041 2486 3110 ῖιιεθεὶιει·
2508 3040 2803 3095 ascendens
2824 3049 2873 3107 ³»
2909 3056 3005 3095 nec
3031 3056 3259 3109 ιιηψιθιη
3291 3050 3469 3108 Ρυδῑυθ
3500 3041 3602 3095 {illi
3630 3058 3825 3097 rever-

554 3138 620 3192 rii
652 3155 665 3191 :
697 3154 857 3206 super
886 3140 1057 3193 tabula
1086 3155 1206 3197 cera
1253 3142 1403 3195 linita
1435 3141 1610 3195 denuo
1648 3141 1761 3210 ipse
1785 3141 2043 3196 solidatur
2071 3140 2120 3197 ι’.

554 3229 672 3294 Quo
701 3229 931 3283 indiculo
954 3230 1175 3291 relecto,
1208 3231 1618 3286 Warnacharius
1664 3246 1887 3287 cernens
1914 3248 1973 3288 se
2004 3235 2124 3288 vita:

554 3322 845 3391 periculum
876 3323 1091 3388 habere,
1125 3322 1376 3391 deinceps
1398 3326 1630 3391 cogitare
1658 3324 1818 3391 rtepit
1841 3338 1945 3391 quo
1972 3335 2126 3392 pacto

556 3412 650 3463 lilii
695 3410 1012 3467 Theoderici
1062 3410 1525 3481 apprimerentur,
1552 3420 1605 3465 et
1636 3412 1688 3465 in
1714 3425 1935 3480 regnum
1966 3413 2127 3469 Chlo-

576 3678 587 3687 _
621 3615 646 3643 ⁸
678 3606 764 3661 Sic
792 3606 932 3660 Clitr.
968 3606 1065 3660 Ed.
1096 3621 1215 3660 cum
1264 3605 1395 3660 Bob.
1429 3615 1481 3660 et
1527 3604 1704 3671 Colb.,
1736 3603 2027 3675 Sigoberto,
2056 3617 2112 3662 et

548 3692 624 3732 sic
654 3692 881 3742 semper.

673 3746 924 3799 Arnulfus
949 3746 1115 3815 episr.
1136 3744 1425 3810 Mettensis,
1442 3747 1624 3815 dequo
1645 3744 1933 3815 etPippino
1956 3747 2110 3805 infra.

636 3829 655 3853 ο
698 3817 841 3869 Coib.
870 3826 923 3867 et
955 3812 1281 3870 Bolier.Cttm
1302 3817 1397 3869 Ed.
1424 3812 1708 3884 plerisque,
1740 3814 2107 3881 Captonucum.

545 3887 612 3940 At
645 3888 728 3940 hic
776 3889 1150 3940 Antennacum
1203 3886 1529 3956 designatur,
1580 3887 1738 3956 vulgo
1781 3888 2107 3952 Andreuach,

546 3957 851 4025 oppidulum
894 3958 1030 4009 inter
1054 3957 1288 4009 Bonnam
1319 3968 1371 4008 et
1395 3955 1734 4009 Confluentes
1782 3960 1881 4009 sub
1909 3959 2111 4011 ditiOne

545 4028 924 4095 archiepiscopi
960 4026 1316 4088 Coloniensis.
1342 4026 1699 4095 Captonacuul
1721 4040 1844 4079 vero
1863 4026 2108 4095 palatium

550 4094 647 4149 futt
678 4096 811 4148 haud
842 4095 1020 4161 procul
1052 4095 1251 4147 Lutetia
1282 4095 1528 4149 dissitum
1555 4137 1569 4161 ,
1598 4094 1749 4163 cujus
1776 4096 1907 4149 situs
1941 4102 2109 4149 incer-

541 4179 624 4219 tus
648 4177 747 4230 est,
784 4168 881 4217 nisi
914 4166 980 4217 sit
1007 4166 1151 4219 vicus
1180 4164 1394 4223 Clinton.
1427 4179 1589 4229 prope
1612 4165 1862 4219 Sanctum
1892 4164 2109 4218 Genna-

542 4250 664 4288 nnm
696 4239 744 4288 in
770 4236 913 4287 Laia.
946 4235 1069 4287 Vide
1099 4235 1185 4288 lib.
1221 4250 1271 4286 tv
1300 4236 1365 4284 de
1388 4236 1463 4287 Re
1494 4234 1831 4301 Diplomatica
1858 4236 2105 4287 num.°29.

609 4305 633 4340 ά
670 4306 802 4359 Urbs
834 4305 1128 4364 notissima.
1163 4305 1318 4372 vulgo
1347 4304 1597 4357 Wormes.

618 4384 641 4409 ε
669 4376 765 4428 Ed.
793 4376 991 4440 aliquot
1020 4383 1072 4427 et
1096 4371 1272 4432 Colb.,
1300 4372 1534 4438 Erbone;
1560 4374 1717 4435 Βοὴ..
1742 4371 1997 4425 Caduino.

615 4444 631 4480 ί
663 4445 782 4505 Alii,
808 4449 981 4497 electo.
1016 4442 1121 4496 Res
1150 4442 1363 4511 majoris
1406 4444 1656 4495 momenti
1699 4443 1901 4511 judicio
1934 4440 2105 4495 Fran-

538 4529 732 4573 corum,
761 4515 808 4565 id
840 4524 921 4566 est
942 4513 1187 4565 ordinum
1216 4528 1307 4565 seu
1334 4521 1567 4566 statuam
1597 4513 1742 4579 regni
1767 4512 2103 4565 finiebantur.

539 4584 615 4635 Eo
645 4582 852 4647 capitali
883 4582 1142 4633 sententia
1168 4582 1449 4637 damnatus
1485 4581 1583 4634 fuit
1615 4581 1915 4635 Bet'nardus
1944 4582 2105 4636 Italic

537 4667 648 4710 rex,
682 4653 767 4715 qui
815 4652 1066 4703 adversus
1114 4651 1438 4705 Ludovicunt
1488 4652 1637 4705 Pium
1676 4660 1920 4718 patruum
1952 4668 2105 4705 suum

536 4720 1121 4787 Cotljtlraverut,quatn
1166 4736 1374 4784 poenam
1426 4724 1735 4788 temperavit
1786 4722 2105 4787 Ludovirus,

535 4792 810 4843 oculorum
867 4790 1099 4842 orbitate
1148 4801 1448 4843 contentus.
1500 4791 1631 4843 Huic
1676 4792 1935 4844 successit
1976 4792 2106 4844 du..-

536 4863 706 4913 t’etrim
754 4860 961 4913 Parium
1005 4860 1273 4925 Franciaz,
1309 4870 1414 4913 tum
1440 4861 1891 4930 pariamentorum
1911 4901 1924 4925 ,
1953 4861 2104 4915 insti-

535 4942 684 4982 lltlln.

606 5010 630 5046 ιε
659 5002 782 5061 Ch.,
816 4998 1055 5070 Frehtet
1074 4996 1271 5070 caeteri,
1299 4998 1515 5070 direxit,
1540 5001 1678 5068 apud
1703 5016 1851 5070 quem
1881 5000 2106 5054 Warna-

534 5069 782 5134 charium,
814 5072 908 5135 al.,
940 5068 1321 5128 Warnhan’um,
1354 5068 1645 5123 Alboinum.

604 5137 632 5173 ⁸
671 5141 779 5196 AL.
831 5139 1005 5191 [tuitus
1042 5140 1207 5191 denuo
1249 5138 1514 5191 solidatur.
1550 5139 1681 5193 Hinc
1719 5137 2014 5192 Cbil'ﬁetius
2053 5138 2106 5190 in

535 5209 779 5260 Anastasi
814 5208 1101 5262 Clliiderici
1130 5207 1284 5261 infert
1320 5224 1472 5276 reges
1511 5218 1721 5263 nostros
1764 5206 2108 5277 pugillaribus

535 5280 730 5329 ceratis
766 5292 888 5331 usos
926 5278 1110 5340 fuisse,
1141 5279 1333 5346 quibus
1358 5282 1602 5332 mandata
1633 5294 1725 5333 sua
1757 5277 1995 5342 (indiculi
2022 5278 2108 5331 hic

535 5348 800 5408 dicuntur)
835 5348 1255 5401 committebant.

616 5414 629 5449 ί
673 5413 847 5480 Colb.,
882 5417 1226 5469 Brunichildis
1257 5418 1467 5472 missis"
1522 5417 1788 5470 nitebatur.

612 5496 626 5531 t
666 5482 827 5560 _Colb_.
870 5494 924 5537 et
948 5486 1147 5560 aliquot
1178 5485 1348 5560 Editi,
1379 5490 1610 5560 barones,
1642 5500 1768 5560 (ιιιειξ⁸
1788 5498 1907 5560 vox_
1925 5492 2106 5549 postea

536 5553 769 5624 maxime
802 5553 854 5606 iu
882 5568 977 5608 usu
1008 5556 1108 5609 fuit
1141 5555 1208 5608 ad
1240 5553 1595 5623 designandos
1621 5554 1771 5624 regni
1799 5553 2104 5624 optimates.

531 5618 770 5679 Furaces
790 5630 967 5679 autem
987 5625 1113 5680 dicti
1141 5637 1260 5681 sunt
1286 5618 1426 5695 quod
1449 5640 1481 5682 e
1500 5623 1667 5684 nobili
1682 5618 1807 5695 γαῖα
1830 5618 1959 5681 editi
1978 5623 2059 5679 sin
2069 5632 2106 5677 t.

2229 3147 2341 3187 sus.
2394 3132 2787 3187 Austrasiorum
2844 3130 3109 3186 exercitus
3165 3130 3362 3185 ill1esns
3411 3133 3706 3187 revertitur
3755 3134 3825 3193 ad

2233 3225 2474 3295 pr0prias
2521 3226 2696 3279 sedes.
2735 3223 2991 3279 Factione
3039 3222 3402 3277 Warnacharii
3451 3222 3677 3291 majoris
3720 3225 3827 3280 do-

2232 3329 2370 3378 mus,
2401 3330 2522 3369 cum
2554 3315 2773 3382 reliquis
2803 3314 3029 3369 maxime
3054 3316 3178 3368 totis
3209 3313 3520 3383 proceribus
3548 3314 3617 3367 de
3646 3328 3826 3383 regno

2234 3405 2572 3475 Burgundize,
2602 3405 2959 3460 Brutticltildis
2988 3405 3055 3458 ab
3082 3404 3326 3474 llerpone
3352 3404 3729 3461 comesiabulu
3752 3406 3826 3464 de

2226 3608 2376 3662 Fara:
2396 3606 2535 3659 enim
2559 3602 2924 3673 generationes
2951 3609 3093 3664 sunt,
3118 3615 3210 3654 seu
3240 3600 3412 3673 linete,
3441 3610 3499 3655 ut
3526 3601 3691 3659 habet
3720 3604 3821 3662 lex

2224 3669 2586 3745 Langobalill:
2613 3688 2692 3745 ⁸ιιι
2734 3675 2812 3745 tit.
2866 3669 2952 3745 ixi,
2980 3682 3033 3724 et
3076 3682 3256 3745 monet
3299 3672 3823 3745 PaulusDiaconus

2225 3746 2316 3801 lib.
2337 3739 2403 3800 ἰι
2447 3744 2579 3798 Hist.
2610 3739 2944 3809 Langobard.
2976 3755 3092 3807 cap.
3124 3743 3177 3794 9.
3218 3742 3383 3796 Unico
3416 3743 3581 3796 verbo
3628 3744 3823 3806 legen.

2219 3821 2342 3870 dum
2369 3824 2514 3870 esset
2547 3810 3075 3879 Burgundazl‘arones,
3112 3824 3167 3865 ut
3196 3811 3331 3865 infra
3365 3826 3481 3877 cap.
3512 3812 3607 3876 44,
3633 3822 3696 3866 et
3725 3815 3820 3870 hic

2222 3888 2413 3941 Bober.
2426 3924 2441 3946 ,
2458 3883 2949 3950 burgundefarones.
2968 3880 3174 3934 Etenim
3192 3894 3405 3935 sanctus
3421 3879 3574 3947 Fara,
3595 3887 3821 3950 episco-

2216 3972 2312 4022 pus
2340 3954 2641 4022 Meldensis,
2677 3950 3103 4017 Burgundofarus
3137 3952 3530 4022 appellabatur,
3574 3953 3818 4022 ejusque

2212 4021 2364 4081 Soror
2391 4021 2807 4091 Burgundol'ara,
2840 4028 2895 4072 ut
2922 4033 2986 4074 ex
3029 4034 3214 4074 eorum
3253 4021 3380 4073 Vitis
3414 4031 3557 4089 patet
3600 4024 3653 4077 in
3696 4021 3813 4079 sa:-

2212 4098 2332 4150 θυι-ι
2362 4110 2396 4147 ll
2424 4091 2783 4146 Benedictino.

2283 4164 2309 4201 κ
2327 4166 2449 4226 Ch.,
2467 4160 2760 4225 Campania:
2781 4160 3090 4214 territorium
3107 4158 3472 4215 Catalaunetue
3482 4176 3503 4226 ,'
3520 4162 3635 4231 alii,
3649 4162 3814 4219 Cam-

2209 4237 2413 4305 paniam
2439 4231 2877 4287 Catulaunensem.

2290 4324 2306 4363 ι
2350 4323 2487 4379 Editi
2517 4322 2716 4391 aliquot
2740 4334 2859 4391 cum
2892 4320 3020 4374 Bob.
3048 4331 3103 4376 et
3128 4320 3301 4391 Colb.,
3330 4322 3633 4376 Comatam.
3671 4323 3808 4379 Item

2212 4396 2415 4464 aliquot
2450 4392 2572 4470 E_d.,
2604 4389 2902 4470 mendose,‘
2925 4392 3139 4470 [luvium
3182 4390 3429 4470 Coxgma.
3457 4393 3563 4447 Sed
3591 4393 3684 4470 _hi_c
3710 4396 3811 4450 de-

2208 4461 2448 4553 signatur
2464 4461 2932 4553 Axona‘gl‘ﬁtiane),
2953 4462 3255 4553 Campania:
3278 4461 3490 4526 ﬂuvius,
3514 4463 3603 4553 qui
3631 4464 3811 4519 Sues-

2208 4531 2448 4660 siionibus
2490 4532 2719 4601 irrigatis
2747 4531 2903 4584 lsaraa
2943 4534 3289 4600 permiscetur
3318 4545 3481 4601 prope
3524 4534 3807 4601 Compen-

2251 4620 2379 4659 tum.

2280 4703 2318 4730 ιη
2354 4693 2527 4773 Clara,
2559 4690 2908 4773 Sauconnam“.
2927 4691 3103 4773 (301b,,
3123 4691 3586 4773 _Sagonnam,_qn.:c
3612 4697 3802 4773 omnia

2210 4764 2458 4820 eumdem
2499 4763 2711 4815 [luvium
2747 4761 2822 4832 (la
2867 4760 3074 4832 Sadne)
3103 4760 3404 4832 designant.
3442 4764 3591 4819 Unde
3627 4762 3799 4819 Freh.

2209 4843 2264 4890 et
2294 4834 2487 4888 Chesn.
2521 4831 2715 4885 habent
2739 4831 2793 4883 id
2825 4840 2899 4885 est
2936 4830 3284 4900 Saogonnam.

2280 4933 2307 4962 ⁸³
2344 4923 2521 4985 Colb.,
2553 4922 2786 4976 secunda
2816 4935 3007 4993 manu,
3025 4923 3201 4992 fugam
3231 4924 3395 4975 iniens
3424 4939 3633 4977 ascenso
3665 4941 3797 4993 εΊηο

2208 5011 2468 5061 nunquam
2495 5002 2666 5062 postea
2694 4993 2828 5062 visus
2855 5002 2945 5044 est.
2974 4992 3084 5044 iluc
3116 5009 3271 5059 porro
3314 4996 3677 5047 revocandum
3708 4992 3800 5049 est

2211 5066 2261 5116 id
2306 5059 2446 5132 quod
2494 5059 2672 5132 narrat
2720 5059 3021 5132 Florentius
3070 5064 3345 5132 presbyter
3372 5062 3705 5117 Tricastinus
3743 5066 3795 5117 in

2212 5130 2335 5186 Vita
2376 5141 2572 5186 sancta:
2603 5130 2890 5184 Rusﬁcuite
2936 5130 3241 5201 abbatissm
3272 5132 3618 5195 Arelatensis,
3650 5134 3796 5201 apud

2208 5203 2497 5258 Chesnium
2519 5239 2536 5265 ,
2568 5209 2711 5253 tomo
2736 5214 2775 5265 ι,
2807 5214 2924 5268 pag.
2958 5196 3082 5263 565,
3116 5201 3201 5253 ulti
3230 5211 3474 5255 acettSata
3506 5196 3793 5258 fuisse-di-

2208 5277 2347 5327 citur
2373 5271 2510 5339 apud
2537 5270 2885 5342 Clotltariutu,
2910 5270 3046 5342 quod
3077 5271 3170 5323 illa
3193 5271 3387 5324 occulte
3414 5287 3583 5342 [egent
3622 5286 3796 5326 nam-

2208 5350 2302 5395 ret.
2334 5337 2458 5397 non
2484 5340 2623 5393 enim
2663 5337 2798 5409 allus
2836 5348 2919 5409 est
2958 5341 3057 5393 iste
3083 5351 3176 5393 rex
3217 5350 3373 5409 quam
3411 5337 3794 5397 Cliildebertus

2212 5412 2296 5466 hic
2324 5416 2664 5464 memoratus.
2690 5406 2840 5462 Unde
2866 5406 2965 5461 hac
2991 5406 3325 5462 accusatione
3368 5420 3605 5478 recepta,
3632 5411 3793 5466 Culc-

2213 5482 2397 5547 tarius,
2429 5480 2502 5531 ira
2524 5487 2840 5543 commotus,
2870 5477 3272 5547 diligentissime
3296 5478 3372 5531 rei
3397 5477 3676 5534 veritatem
3700 5482 3787 5534 iu-

2209 5550 2390 5620 dagari
2422 5548 2715 5620 mandavit;
2747 5548 2945 5620 veritus
2981 5548 3173 5617 quippe
3202 5560 3268 5603 ne
3304 5548 3392 5604 ille
3421 5550 3477 5604 in
3507 5554 3674 5617 patris
3706 5553 3788 5607 sui

2208 5615 2427 5692 reg‘uum
2450 5617 2676 5676 reditum
2705 5615 3072 5674 meditaretur.
