4020 6194
233 272 338 328 637

1670 267 2082 324 CIIRONICUM.

3405 292 3506 347 ϐὖὸ

231 384 603 440 resumebant.
640 383 761 439 ideo
811 384 1011 440 Befulci
1060 385 1385 441 vocabantur
1429 401 1456 439 a
1499 385 1722 450 Chunis,
1754 401 1818 440 eo
1846 387 1898 445 Α
1925 387 2083 452 ciam,
2116 389 2363 457 superbia
2408 390 2601 458 elatus,
2637 395 2895 453 adversus
2923 398 3282 457 Charoaldum
3323 420 3502 475 regem

229 475 378 543 quod
413 475 612 539 duplici
638 474 692 528 in
718 477 1104 546 congressione
1133 477 1440 532 certaminis
1462 479 1647 530 vestita
1681 492 1822 547 pra:-

226 567 299 619 lia
335 565 596 620 facientes
638 577 764 621 ante
791 565 1007 621 Chunos
1051 569 1489 638 praecederent".
1527 569 1699 623 Cltuni
1751 570 1816 623 ad

229 657 583 712 hiemandum
633 657 787 710 annis
845 659 1068 727 singulis
1119 660 1172 713 in
1225 659 1448 714 Sclavos
1501 660 1815 724 veniebant;

230 762 438 800 uxores
475 747 789 801 Sclavorum
817 756 870 801 et
914 747 1049 801 ﬁlias
1079 763 1261 803 eorum
1308 758 1478 804 stratu
1505 749 1815 814 sumebant;

229 839 436 891 tributa
467 853 630 906 super
655 839 788 891 alias
810 841 1188 907 oppressioncs
1219 842 1395 895 St-lavi
1419 842 1621 895 Chunis
1645 842 1819 896 solve-

226 932 382 983 bant.
417 929 539 984 Filii
565 929 898 998 Chunorutn,
930 946 1063 999 quos
1094 933 1146 985 in
1181 948 1376 987 uxores
1402 931 1735 986 Winidorum
1763 939 1816 985 et

225 1021 368 1076 ﬁlias
393 1033 780 1090 generaverant
812 1023 858 1089 δ,
894 1025 1104 1078 tandem
1153 1040 1255 1079 non
1306 1025 1626 1079 sufferentes
1678 1023 1816 1078 hanc

225 1112 491 1166 malitiam
524 1113 664 1166 ferre
698 1122 750 1167 et
773 1117 1202 1184 Oppressionem,
1225 1115 1536 1170 Chnnorum
1567 1115 1816 1168 domina-

225 1204 432 1256 tionem
459 1212 737 1273 negantes,
773 1215 828 1257 ut
854 1218 1012 1271 supra
1065 1206 1308 1269 memini,
1339 1214 1615 1273 cmperant
1641 1203 1815 1257 rebel-

225 1293 516 1348 lare.Cum
545 1294 596 1347 in
621 1295 858 1349 exercitu
891 1295 1092 1350 Winidi
1123 1307 1305 1351 eontra
1335 1295 1556 1350 Chunos
1589 1295 1813 1348 fuissent

221 1387 493 1454 aggressi,
511 1386 673 1441 Samo
697 1389 992 1456 negotians,
1011 1389 1076 1443 de
1104 1407 1208 1458 quo
1226 1390 1517 1445 memoravi
1538 1391 1808 1458 superius,

221 1489 348 1529 cum
383 1476 516 1544 ipsis
549 1477 601 1530 in
629 1479 864 1532 exercitu
895 1480 1153 1545 porrexit,
1190 1480 1368 1548 ibique
1393 1490 1535 1532 tanta
1567 1481 1682 1546 ejus
1715 1478 1810 1533 fuit

223 1568 454 1634 utilitas,
499 1579 556 1622 ut
607 1571 798 1623 mirum
849 1571 1052 1635 fuiswt,
1095 1580 1148 1625 et
1195 1571 1355 1625 niutia
1410 1569 1695 1624 multitudo
1741 1571 1810 1625 de

219 1660 431 1714 Chunis
474 1660 651 1730 gladio
684 1661 1018 1715 Winirlorum
1069 1663 1329 1716 trucidata
1371 1663 1577 1716 fuisset.
1604 1663 1803 1717 Winidi

1924 489 2162 546 cmperat
2185 482 2468 538 rebellare.

1994 589 2079 645 LI.
2109 591 2460 663 Gundeberga
2490 610 2667 666 regina
2699 613 2816 653 cum
2838 609 2982 655 esset
3004 603 3221 669 pulchra
3251 617 3495 676 aSpectu,

1922 681 2146 752 benigna
2199 682 2250 737 in
2298 686 2522 749 cunctis,
2578 698 2632 741 et
2697 693 2894 757 pietate
2940 692 3271 759 plenissima,
3341 695 3497 750 Chri-

1919 775 2111 836 stiana,
2145 774 2500 846 eleemosynis
2531 779 2702 848 larga,
2721 784 3060 848 przceellente
3091 785 3328 841 bonitate
3358 789 3496 856 ejus,

1919 865 2239 935 diligebatur
2259 882 2287 920 a
2316 871 2542 923 cunctis.
2576 871 2746 927 llomo
2767 876 3002 942 quidam,
3034 879 3249 932 nomine
3275 879 3493 934 Adalul-

1919 955 2022 1020 fus,
2055 971 2120 1010 ex
2157 973 2354 1026 genere
2383 959 2875 1032 Langobardorum,
2912 981 3033 1020 cmn
3062 968 3114 1020 in
3143 970 3260 1022 aula
3314 971 3494 1037 palatii

1915 1047 2129 1104 assidue
2160 1050 2224 1104 ad
2253 1051 2565 1121 obsequium
2599 1057 2738 1125 regis
2791 1068 3223 1123 conversaretur,
3263 1062 3492 1130 quadam

1918 1138 2036 1194 vice
2076 1141 2141 1194 ad
2174 1143 2409 1210 reginam
2457 1146 2698 1210 veniens,
2729 1163 2847 1201 cum
2890 1150 2941 1203 in
2986 1153 3103 1218 ejus
3147 1161 3313 1206 staret
3358 1166 3492 1207 con-

1914 1240 2122 1297 spectu,
2154 1231 2504 1304 Gundeberga
2545 1238 2726 1307 regina
2752 1253 2873 1292 eum
2903 1241 3041 1295 sicut
3067 1250 3120 1296 et
3149 1253 3377 1307 ceteros
3407 1244 3491 1297 di-

1914 1320 2108 1389 ligens,
2137 1321 2270 1376 dixit
2315 1327 2553 1380 honestae
2598 1338 2818 1383 statura:
2860 1329 3167 1386 Adalulfum
3195 1333 3356 1388 fuisse
3384 1334 3490 1388 for-

1915 1423 2137 1467 matum.
2173 1413 2264 1467 llle
2293 1417 2408 1471 ham
2437 1417 2661 1472 audiens
2691 1419 2756 1473 ad
2788 1419 3196 1494 Gundebergam
3226 1427 3488 1480 secretius

1911 1501 2008 1565 ait,
2043 1501 2254 1556 dicens:
2281 1502 2529 1558 Formam
2548 1515 2717 1562 status
2749 1511 2850 1562 mei
2872 1519 2895 1547 ο
2922 1511 3138 1567 laudare
3168 1513 3377 1584 dignata
3407 1530 3491 1584 es,

1911 1591 2102 1643 stratui
2154 1601 2242 1643 tuo
2280 1592 2411 1660 jube
2442 1610 2528 1648 me
2571 1595 2909 1666 subjungere.
2945 1600 3039 1654 llla
3070 1601 3278 1656 fortiter
3323 1604 3490 1658 dene-

1912 1693 2062 1746 gans,
2093 1695 2321 1749 eumque
2345 1683 2640 1749 deSpiciens
2671 1687 2720 1739 in
2770 1689 2956 1741 faciem
3005 1693 3236 1758 exspuit.
3272 1693 3490 1748 Adalul-

218 1763 511 1808 cernentes
543 1756 824 1810 utilitatem
873 1756 1139 1822 Santonis,
1170 1774 1290 1811 etim
1324 1774 1486 1826 super
1514 1774 1572 1814 se
1602 1761 1801 1828 eligunt
1839 1740 1885 1799 Β
1913 1772 1994 1823 fus
2017 1785 2241 1825 cernens
2270 1773 2502 1843 ezgse
2532 1778 2654 1829 vim
2679 1779 2972 1845 periculum
2999 1781 3218 1846 habere,
3245 1783 3310 1836 ad
3342 1784 3482 1837 Cha-

217 1859 429 1913 regem,
450 1845 541 1900 ubi
575 1846 787 1915 triginta
817 1849 1050 1916 quinque
1083 1863 1250 1901 annos
1281 1851 1524 1916 regnavit
1556 1850 1802 1905 feliciter.

219 1937 381 1991 Plura
431 1938 610 2005 praelia
661 1950 844 1992 contra
895 1940 1113 1993 Chunos
1165 1955 1262 1993 suo
1315 1941 1573 2010 regimine
1605 1941 1804 1995 Winidi

213 2040 518 2097 gesserunt,
557 2045 655 2083 suo
697 2033 920 2085 Consilio
966 2043 1019 2085 et
1068 2035 1298 2086 utilitate
1345 2033 1544 2088 Winidi
1591 2049 1806 2099 semper

213 2129 567 2187 Super-arum.
601 2121 764 2175 Samo
815 2122 1095 2176 duodecim
1141 2128 1333 2177 uxores
1373 2140 1436 2178 ex
1468 2141 1661 2190 genere
1691 2126 1804 2180 Wi-

213 2209 472 2262 nidorum
525 2210 774 2271 habebat,
805 2212 872 2265 de
917 2212 1108 2279 quibus
1158 2213 1340 2281 viginti
1385 2214 1523 2270 duos
1569 2215 1703 2271 ﬁlios
1748 2226 1800 2272 et

209 2300 520 2370 quindecim
552 2302 684 2354 ﬁlias
709 2301 911 2357 habuit.

285 2393 473 2448 XLIX.
508 2394 734 2462 Ipsoque
754 2410 896 2448 anno
918 2394 985 2450 40
1006 2395 1324 2460 Chlotharii,
1349 2397 1672 2454 Adaloaldus
1700 2415 1797 2456 rex

209 2485 690 2554 Langobardorum
739 2483 876 2540 ﬁlius
922 2489 1121 2555 Agonis
1167 2490 1326 2559 regis.
1362 2507 1483 2545 eum
1534 2493 1666 2559 patri
1700 2509 1798 2548 suo

206 2578 571 2632 successisset
597 2577 760 2648 628
783 2577 834 2630 in
868 2593 1054 2645 regno,
1090 2579 1315 2648 legatum
1358 2581 1593 2636 Mauricii
1629 2583 1797 2651 impe—

205 2670 429 2732 ratoris,
463 2671 681 2723 nomine
721 2670 1030 2734 Eusebium,
1064 2674 1340 2740 ingeniose
1381 2673 1447 2727 ad
1479 2690 1538 2729 se
1563 2677 1790 2730 venien-

207 2771 321 2813 tem
354 2760 586 2830 benigne
609 2765 864 2830 suscepit.
894 2762 1149 2816 lnunctus
1176 2763 1225 2816 in
1258 2764 1447 2818 lalneo
1471 2766 1652 2818 nescio
1675 2766 1792 2835 qui-

206 2851 312 2905 bus
365 2851 650 2921 unguentis
698 2850 765 2903 ab
815 2851 930 2918 ipso
963 2850 1195 2906 Eusebio
1248 2853 1697 2921 persuadebatur;
1741 2865 1794 2910 et

206 2954 332 3011 [ost
365 2943 501 2998 hanc
532 2944 837 2998 unctionen
890 2944 1245 3012 nequidquam
1298 2945 1462 3008 aliud,
1500 2949 1599 3001 nisi
1649 2949 1790 3017 qttud

203 3036 276 3088 ab
313 3034 543 3089 Eusebio
576 3033 908 3102 hortabatur,
938 3037 1112 3090 facere
1140 3044 1365 3104 poterat.
1400 3038 1696 3093 Persuasus
1724 3041 1790 3094 ab

204 3127 328 3194 ipso
369 3134 426 3179 ut
453 3127 708 3195 primates
747 3135 802 3179 et
832 3126 1120 3179 nobiliores
1142 3138 1362 3182 enuctos
1386 3129 1436 3182 in
1465 3146 1628 3200 regno
1652 3131 1784 3185 Latt-

203 3216 563 3288 gobardorum
589 3217 888 3270 interﬁcere
923 3216 1217 3281 ordinaret,
1251 3218 1452 3273 eisdem
1485 3223 1783 3287 exstinctis,

203 3324 265 3362 se
297 3322 418 3361 cum
447 3307 590 3361 omni
623 3319 781 3377 gente
823 3307 1291 3378 Langobardorum
1327 3311 1552 3379 imperio
1584 3314 1784 3367 Mauri-

204 3401 273 3453 cii
305 3400 560 3453 traderet.
601 3398 753 3464 Quod
784 3414 903 3452 cum
931 3400 1040 3469 jam
1071 3399 1350 3454 duodecim
1395 3418 1458 3456 ex
1493 3402 1594 3469 eis,
1625 3405 1786 3459 nullis

204 3492 378 3558 culpis
400 3490 757 3555 exstantibus,
775 3490 952 3560 gladio
978 3491 1316 3557 trucidasset,
1348 3493 1534 3561 reliqui
1561 3508 1786 3549 cernen-

205 3593 291 3638 tes
334 3598 515 3636 eorum
546 3597 666 3637 esse
697 3582 816 3636 vita:
850 3583 1166 3650 periculum,
1208 3584 1268 3637 L.
1302 3587 1656 3640 Cliaroaldum
1690 3592 1787 3641 du-

203 3689 330 3728 cem
362 3673 768 3738 Taurinensetn,
817 3676 905 3741 qui
956 3689 1262 3743 germanam
1320 3677 1595 3732 Adaloaldi
1646 3683 1786 3749 tegis

203 3767 439 3821 habebat
468 3781 710 3832 uxorein,
738 3768 955 3820 nomine
1001 3766 1432 3838 Gundeberg-um,
1463 3785 1650 3826 oumes
1699 3790 1784 3828 se-

201 3860 394 3914 niores
447 3868 499 3914 et
548 3858 868 3915 nobilissimi
920 3860 1393 3926 Langobardorum
1455 3866 1628 3932 gentis
1681 3881 1786 3921 uno

201 3953 577 4019 conspirantes
629 3952 875 4016 consilio,
910 3954 960 4005 in
994 3968 1212 4022 regnum
1255 3955 1458 4025 eligunt
1484 3957 1783 4011 subliman-

201 4044 358 4096 dlltll.
415 4042 760 4108 Adaloaldus,
823 4057 1028 4098 veneno
1082 4043 1272 4097 hausto
1307 4054 1357 4110 θ,
1389 4046 1603 4101 interiit.
1646 4048 1784 4104 Cba-

202 4136 430 4192 roaldus
456 4137 636 4189 statim
673 4150 892 4204 regnum
930 4137 1175 4204 arripuit.
1198 4137 1338 4193 Taso
1366 4155 1506 4194 unus
1541 4157 1604 4195 ex
1636 4143 1785 4197 duci-

202 4227 310 4282 bus
340 4226 806 4297 Langobardorum
837 4243 957 4283 cum
978 4239 1155 4297 ageret
1179 4227 1475 4285 Tuscanam
1507 4229 1532 4268 ἀ
1563 4233 1776 4302 provin-

280 4432 307 4460 ⁸·
339 4424 477 4480 Editi
525 4436 581 4479 ut
624 4425 928 4495 plurimum,
961 4430 1230 4482 certamine
1265 4431 1554 4486 utebantur.
1586 4431 1774 4501 Chuni,

195 4505 316 4554 ctc.

278 4567 309 4605 δ
339 4567 466 4631 Alii,
494 4567 543 4619 in
574 4568 937 4624 uxoribus"...
969 4577 1015 4620 et
1076 4569 1277 4634 ﬁliabus
1306 4572 1635 4637 generabant.

282 4638 428 4710 :Sic
448 4640 548 4710 Ch.
579 4651 626 4690 et
657 4639 854 4704 Frch.;
882 4640 970 4710 alii
1003 4639 1122 4700 Ed.,
1156 4657 1342 4694 veneno
1368 4643 1605 4710 infectus.
1635 4643 1777 4698 Clar.

193 4718 255 4763 et
292 4707 450 4761 Freh.
505 4709 600 4775 al.,
639 4722 839 4761 qualus.
889 4709 1016 4762 Item
1053 4723 1105 4762 et
1139 4711 1298 4762 Frch.
1343 4707 1436 4777 aL,
1479 4725 1678 4768 unctus.
1715 4717 1778 4768 Et

197 4780 346 4833 infra
375 4778 516 4832 Taso
543 4782 681 4848 apud
714 4781 874 4833 Ches.
907 4784 980 4834 al.
1013 4781 1204 4835 dicitur
1233 4779 1367 4834 Taro
1395 4797 1446 4835 et
1472 4785 1592 4848 Aso,
1617 4793 1672 4838 ct
1701 4790 1778 4840 sic

195 4848 363 4905 infra.

272 4916 301 4955 ἀ
335 4918 424 4972 Sic
449 4917 595 4971 Clar.
629 4917 790 4972 Freh.
816 4919 886 4973 al.
919 4927 973 4972 et
1002 4916 1281 4983 Ches.al.,
1306 4920 1355 4971 id
1387 4930 1486 4978 est.
1513 4921 1774 4977 Tusciam.

195 4989 308 5045 Alii
327 4990 381 5041 in
404 4989 702 5060 Tussjrana.
727 4990 834 5053 AL,
865 4999 1070 5043 teneret.
1089 4990 1160 5042 De
1178 4991 1402 5042 'I‘asonis
1429 5007 1580 5053 nece,
1615 4993 1773 5060 infra,

194 5076 355 5130 num.
389 5059 476 5114 69.
507 5057 839 5130 Cgltaroaldus
887 5075 915 5111 a
946 5060 1107 5111 Paulo
1149 5060 1293 5130 Diae.
1327 5062 1416 5112 lib.
1449 5077 1498 5114 tv
1540 5057 1776 5130 appella;

195 5141 296 5184 tur
322 5127 723 5200 Rodoaldus.et
753 5131 962 5200 sietlh.
985 5130 1056 5182 al.
1079 5145 1094 5191 ;
1122 5129 1217 5182 sed
1244 5140 1452 5184 veteres
1479 5127 1771 5200 praemitte-

197 5203 334 5254 baut
366 5201 592 5252 litleratn
629 5199 690 5261 ll,
718 5208 772 5252 et
796 5198 1197 5252 Chrodualdum
1246 5198 1676 5268 pronuntiabant.
1712 5206 1767 5258 Si

199 5283 385 5322 tamen
418 5280 562 5322 reeta
593 5279 888 5330 temporum
919 5269 1084 5322 series
1107 5269 1442 5333 observetur,
1463 5271 1546 5323 hic
1567 5273 1771 5326 Arioal-

196 5342 305 5393 dus
328 5339 442 5404 fuit,
463 5340 548 5391 cui
584 5338 850 5399 ltotharis,
871 5353 1025 5404 quem
1055 5339 1184 5391 infra
1215 5341 1768 5396 nosterauctorChto-

197 5410 394 5463 tariutn
443 5409 695 5476 appellat,
729 5413 1008 5469 successit,
1041 5417 1094 5461 et
1135 5407 1256 5463 huic
1305 5409 1629 5466 ltodoaldus.
1664 5413 1766 5466 Sed

193 5493 320 5548 qua:
363 5479 448 5550 hic
495 5477 1223 5550 degilharoaldodicuntur,
1265 5480 1566 5550 tribuuntur
1609 5483 1766 5550 infra,

193 5545 323 5616 cap.
369 5549 436 5601 70
475 5555 531 5600 et
570 5547 660 5608 71,
702 5545 998 5618 Chrotario.
1048 5548 1112 5599 Et
1152 5550 1365 5618 quidem
1421 5545 1767 5618 Fredegarius

193 5615 681 5690 [Angobardorutu
718 5615 1240 5690 historiam__om_nino
1272 5619 1565 5687 perturbat.
1595 5615 1672 5683 De
1703 5637 1766 5678 ea

195 5685 409 5759 legendi
440 5687 598 5743 Pauli
625 5685 838 5741 Diaconi
869 5699 964 5741 sex
992 5685 1148 5750 libri.

1814 4485 1865 4544 D

1910 1868 2152 1921 roaldutn
2187 1885 2363 1939 regem
2401 1871 2638 1939 protinus
2681 1874 2937 1937 cucurrit,
2977 1885 3160 1942 petens
3205 1887 3260 1929 ut
3306 1893 3485 1932 secre-

1911 1957 2015 2012 tius
2043 1962 2181 2028 quod
2209 1961 2276 2014 ad
2298 1963 2702 2033 suggerendum.
2723 1963 2970 2030 habebat,
2997 1976 3312 2030 exponeret.
3340 1969 3482 2021 Loco

1907 2059 2149 2118 accepto,
2179 2051 2316 2104 dixit
2357 2052 2423 2106 ad
2471 2069 2694 2123 regem:
2731 2056 2952 2110 Domina
2999 2073 3116 2111 mea
3167 2062 3346 2128 regina
3395 2072 3482 2114 tua

1906 2142 2256 2212 Gon-leberg‘a
2304 2147 2442 2213 apud
2472 2144 2739 2199 Tasouem
2781 2147 2971 2201 ducem
3021 2152 3280 2202 secretius
3310 2150 3483 2204 tribus

1904 2237 2095 2289 dielms
2136 2235 2308 2290 locuta
2338 2248 2440 2300 est,
2471 2247 2524 2292 ut
2551 2225 2605 2292 te
2641 2252 2846 2294 veneno
2889 2240 3231 2304 interﬁceret,
3284 2243 3481 2310 ipsum-

1902 2344 2006 2397 que
2035 2329 2132 2380 sibi
2159 2329 2501 2398 cunjugatum
2532 2331 2847 2387 sublimaret
2870 2333 2920 2386 in
2952 2349 3195 2399 regnum.
3225 2333 3480 2387 Cliaroal-

1902 2418 2001 2470 dus
2042 2433 2134 2472 rex
2181 2417 2263 2471 his
2307 2419 2602 2472 mendaciis
2643 2421 2838 2475 auditis
2877 2423 3122 2486 credens,
3157 2422 3479 2477 Gundeber-

1903 2526 2020 2577 gam
2053 2509 2105 2563 in
2149 2509 2426 2563 Caumello
2461 2508 2478 2547 ί
2526 2522 2702 2565 castro
2742 2514 2793 2565 in
2848 2528 3006 2566 uuam
3051 2524 3250 2566 turrem
3282 2515 3477 2568 exsilio

1901 2601 2081 2654 trudit.
2114 2601 2458 2655 Chlotharius
2509 2601 2715 2672 legatos
2761 2604 2994 2672 dirigens
3022 2604 3086 2657 ad
3121 2605 3476 2660 Charoaldum

1899 2709 2104 2764 regem,
2147 2693 2425 2763 inquirens
2463 2709 2561 2760 qua
2590 2695 2655 2747 de
2683 2710 2741 2748 re
2783 2695 3188 2766 Gundebergam
3233 2700 3472 2768 reginam

1899 2794 2170 2853 parentem
2209 2783 2533 2838 Francorum
2569 2794 2592 2832 8
2628 2785 2980 2850 humiliasset,
3012 2799 3062 2840 ut
3090 2788 3280 2842 exsilio
3307 2799 3473 2842 retru-

1896 2875 2080 2928 disset.
2122 2873 2452 2928 Charoaldus
2476 2874 2557 2927 his
2590 2875 2768 2928 verbis
2806 2875 3154 2930 mendacibus
3195 2880 3346 2945 quasi
3375 2893 3468 2932 ve-

1897 2967 2052 3019 ritate
2082 2965 2465 3030 subsisterent,
2496 2966 2793 3033 respondit.
2825 2953 2974 3019 Tunc
3008 2980 3142 3019 unus
3164 2983 3228 3020 ex
3273 2967 3473 3036 legata-

1896 3059 2006 3122 riis,
2037 3058 2253 3112 nomine
2277 3057 2605 3123 Ausoaldus,
2627 3074 2730 3111 non
2762 3059 2915 3128 quasi
2939 3057 3236 3129 injunctum
3255 3060 3470 3115 habuis-

1892 3161 1995 3214 set,
2027 3150 2119 3205 sed
2152 3167 2217 3204 ex
2254 3167 2309 3204 se
2332 3151 2396 3204 ad
2429 3151 2784 3206 Charoaldutn
2815 3153 2952 3207 dixit
2984 3170 2997 3207 :
3037 3154 3292 3210 Liberare
3325 3166 3470 3221 pote-

1892 3260 1976 3298 ras
2007 3246 2073 3298 de
2102 3244 2425 3312 blasphemia
2450 3241 2540 3316 [Id
2572 3254 2666 3309 est,
2682 3241 2884 3315 blame]
2907 3244 3042 3299 hanc
3064 3260 3314 3312 causam;
3343 3247 3471 3315 jube

1892 3337 2037 3391 illum
2068 3336 2340 3391 hominem
2371 3339 2461 3406 qui
2491 3335 2865 3406 hujuscemodi
2889 3338 3051 3392 verba
3083 3337 3174 3393 tibi
3205 3341 3472 3396 nuntiavit

1890 3428 2106 3492 armari,
2139 3439 2192 3482 et
2236 3427 2490 3496 procedat
2537 3429 2674 3482 alius
2720 3429 2786 3483 de
2819 3440 2965 3494 parte
2998 3431 3201 3502 regina:
3249 3431 3470 3486 Gunde-

1893 3518 2105 3586 bergaa;
2159 3520 2356 3588 quique
2405 3529 2641 3572 armatus
2683 3519 2746 3573 ad
2779 3521 3048 3589 singulare
3077 3532 3376 3587 certamen,
3411 3536 3468 3578 ut

1884 3607 2085 3676 judicio
2116 3607 2203 3662 Dei
2234 3604 2284 3672 ιι,
2312 3608 2395 3661 his
2442 3608 2649 3662 duobus
2683 3608 3125 3679 conﬂigentibus,
3173 3625 3465 3679 CtthIOSCn-

1889 3706 1977 3751 tur
2003 3705 2181 3750 utrum
2225 3698 2379 3766 hujus
2406 3698 2575 3766 culpa:
2606 3699 2956 3765 reputatiOois
3003 3700 3358 3771 Gundeherga
3393 3703 3468 3761 sit

1893 3787 2130 3851 innoxia,
2171 3803 2237 3840 an
2286 3786 2512 3840 fortasse
2559 3789 2863 3856 culpabilis.
2894 3791 3133 3859 Cumque
3164 3793 3277 3846 hzec
3322 3794 3466 3847 (ilia-

1889 3878 2074 3932 roaldu
2093 3879 2202 3946 regi
2221 3886 2273 3930 ct
2299 3877 2546 3931 omnibus
2577 3878 2886 3945 primatibus
2916 3880 3098 3946 palatii
3123 3881 3204 3935 sui
3237 3883 3466 3944 ilaCnis-

1887 3980 2026 4030 Sent,
2050 3968 2202 4035 jubet
2222 3965 2524 4020 Adalulfum
2545 3979 2806 4020 armatum
2836 3970 3138 4023 conﬂictum
3165 3972 3312 4026 adire
3337 3989 3461 4026 eer-

1888 4060 2123 4124 tatninis,
2178 4068 2232 4112 et
2279 4059 2346 4112 de
2395 4067 2544 4124 parte
2593 4058 2965 4127 Gundebergm
3020 4067 3465 4130 procurrentibus

1885 4150 2222 4204 consobrinis
2275 4148 2640 4217 Gundebergm
2694 4159 2748 4204 et
2796 4150 3042 4205 Ariberto
3082 4151 3126 4218 ί,
3160 4153 3338 4219 homo,
3368 4173 3462 4208 no-

1887 4243 2030 4298 mine
2065 4243 2224 4309 Pitto,
2253 4250 2438 4296 contra
2479 4240 2782 4294 Adalulfutu
2835 4252 3072 4298 arutatus
3119 4247 3464 4314 aggreditur.

1964 4445 1987 4473 θ
2022 4435 2146 4498 Alii,
2173 4444 2380 4489 statura?
2407 4449 2552 4488 mea.

1965 4503 1985 4542 ί
2015 4507 2139 4570 Alii,
2167 4507 2410 4559 Camello.
2447 4505 2549 4575 _Est
2589 4505 2936 4575 Laumellum,
2977 4509 3135 4566 hodie
3161 4509 3310 4567 vicus
3340 4528 3403 4568 ex
3433 4544 3460 4558 -.

1883 4591 2018 4645 guus
2051 4576 2100 4628 iu
2135 4575 2397 4634 lnsubria.
2435 4573 2663 4627 Lumello
2692 4573 2888 4630 dictus.

1956 4656 1981 4693 ε
2015 4646 2140 4699 Erat
2163 4646 2376 4713 Agilulﬁ
2402 4648 2540 4712 regis
2567 4656 2620 4697 et
2644 4646 3025 4701 'l'heodelindse
3045 4649 3171 4714 filia,
3203 4666 3264 4704 ex
3296 4653 3460 4707 Paulo

1884 4716 2032 4770 Diae.
2081 4715 2172 4766 lib.
2225 4730 2275 4767 tv
2319 4729 2436 4781 cap.
2483 4716 2576 4769 49.
2616 4717 2977 4770 Theodelint‘la
3035 4734 3162 4772 Vero
3195 4720 3300 4776 ﬁlia
3344 4735 3464 4780 erat

1885 4785 2150 4838 Garibaldi
2207 4784 2568 4850 Bajoariorum
2621 4787 2772 4840 ducis
2821 4795 2873 4839 ιιι
2912 4787 3231 4853 Waldradaa.
3283 4793 3458 4845 Theo~

1879 4855 2034 4929 baldi
2054 4855 2791 4929 Fr_ancorti_m_regisrelicuo.
2823 4855 2958 4911 Vide
2988 4875 3170 4926 supra,
3213 4877 3329 4929 cap.
3361 4864 3458 4919 54.

1950 4923 1978 4962 ¹ι
2009 4925 2287 5000 Judiciutn
2307 4923 2395 4976 Dei
2423 4926 2765 4993 appellabant
2794 4923 3078 4998 singularia
3127 4923 3452 5000 certamina,

1881 4996 2128 5050 examina
2162 5009 2254 5060 per
2280 4996 2451 5059 ignem
2475 5005 2564 5054 aut
2595 5012 2808 5064 aquam,
2839 4996 2964 5061 etc.,
2998 5001 3187 5064 quibus
3213 5002 3278 5052 ad
3302 4996 3455 5056 dcte;

1879 5067 2104 5133 gendum
2155 5064 2431 5139 veritatem
2472 5067 2735 5139 occultam
2763 5069 3256 5139 _tunc_ulebantttr,
3309 5073 3456 5139 quod

1881 5149 2186 5200 persuasum
2232 5134 2486 5188 haberent
2516 5135 2778 5203 ejusmodi
2825 5137 3227 5202 probationibus
3281 5134 3446 5194 Dicunt

1877 5206 1951 5257 rei
1985 5205 2258 5257 veritatem
2296 5204 2454 5274 etiam
2499 5206 2774 5274 miraculo,
2822 5207 2865 5256 si
2909 5220 3042 5272 opus
3088 5219 3250 5274 esset,
3302 5224 3457 5266 certo

1877 5275 2356 5344 manifestaturum.
2403 5273 2477 5327 De
2503 5272 2618 5341 ejus
2645 5275 2928 5342 generibus
2956 5272 3442 5344 variisque-ritibus

1874 5347 2063 5411 quibus
2103 5343 2214 5396 ﬁeri
2257 5345 2488 5414 solebat,
2536 5345 2754 5414 quando
2800 5353 2958 5397 etiam
3010 5343 3324 5414 permissum
3356 5363 3451 5407 aut

1874 5415 2090 5470 vetitum
2139 5413 2314 5488 fuerit,
2359 5412 2476 5468 fuse
2518 5412 2735 5468 disserit
2787 5412 3020 5483 Caugius
3061 5418 3114 5470 in
3147 5419 3446 5488 Glossario,

1873 5500 2030 5552 quem
2062 5483 2304 5540 consule.

1953 5552 1965 5590 ί
1996 5554 2172 5615 Colb.,
2205 5553 2306 5607 (2h.
2335 5562 2388 5605 et
2415 5551 2596 5614 Freb..
2633 5551 2924 5619 Hariberto,
2959 5557 3098 5612 unde
3130 5558 3278 5622 editi,
3307 5559 3444 5613 Cho-

1870 5624 2076 5696 riberto.
2110 5624 2302 5696 Paulus
2347 5622 2465 5696 loco
2496 5622 2925 5696 iaudatoiscri'iiil
2970 5629 3215 5696 injurtant
3251 5633 3386 5686 hanc
3413 5647 3452 5685 ί).

1869 5694 2080 5750 (Jan-cllo
2109 5693 2271 5769 ipsius
2299 5693 2494 5766 reginae
2521 5709 2678 5750 servo
2710 5695 2873 5753 fuisse
2908 5693 3231 5756 vindicatur
