4020 6194
509 267 605 321 6Ξ9

1666 251 2076 310 Fi‘tEDEtiARII
2114 251 2550 307 SCIIOLASTIC‘

3647 250 3757 305 διυ

505 380 741 445 Cumque
766 374 1131 431 conﬂixissent
1154 380 1471 436 certamine,
1502 368 1774 422 Adalultus
1800 382 1825 418 a
1857 367 2068 420 Pittone
2099 364 2149 422 Α
2174 365 2386 418 tandem
2426 381 2453 416 a
2494 364 2853 431 pontiﬁcibus,
2901 363 2985 418 vel
3014 362 3423 432 sapientissimis
3453 363 3581 417 viris
3619 378 3753 433 pru-

508 468 839 521 interiicitur.
865 467 1027 536 630
1057 461 1406 530 Gundeberga
1433 460 1611 515 statim
1639 460 1705 512 de
1734 458 1924 511 exsilio
1953 466 2071 511 post

507 572 675 612 annos
700 567 807 611 tres
836 571 1078 628 regressa
1107 554 1425 609 sublimatur
1456 553 1506 606 in
1540 567 1785 621 regnum.

578 647 677 700 AN.
732 661 944 700 ncxxrv.
975 674 1045 685 —
1078 645 1183 698 LII.
1232 646 1385 698 Anno
1420 639 1479 694 Il
1510 650 1535 677 ⁸
1567 639 1858 694 Clilotharii
1907 637 2068 705 regis,

505 753 623 791 cum
658 738 982 807 Dagobertus
1008 736 1117 806 jam
1146 736 1345 789 utiliter
1368 744 1612 798 regnaret
1639 734 1687 783 in
1720 736 1931 788 Auster,
1958 728 2073 796 qui-

505 826 625 880 dam
656 842 721 881 ex
746 827 1050 895 proceribus
1078 827 1144 881 de
1169 836 1323 895 gente
1354 823 1514 878 nobili
1546 820 1873 892 Ayglolﬁnga
1904 816 1953 881 ιι,
1976 833 2073 870 ηο-

506 919 649 972 mine
694 918 1077 981 Chrodoaldus,
1132 918 1183 971 in
1222 903 1480 971 offensam
1526 912 1810 979 Dagoberti
1850 910 2070 972 cadens,

506 1008 876 1075 instigantibus
905 1008 1209 1060 beatissimo
1234 1006 1344 1059 viro
1366 1014 1525 1073 atque
1555 1004 1802 1071 pontiﬁce
1830 998 2070 1061 Arnull‘o,

505 1106 560 1150 et
591 1098 810 1164 Pippino
841 1097 1040 1164 majore
1070 1097 1256 1150 domus
1283 1105 1327 1157 ο,
1362 1110 1455 1147 seu
1487 1101 1540 1146 et
1567 1089 1775 1145 czeteris
1814 1087 2073 1157 prioribus

508 1188 639 1260 HL,
672 1186 1010 1259 primoribus]
1042 1187 1340 1241 sublimatis
1373 1187 1424 1239 in
1458 1191 1663 1245 Auster,
1712 1198 1776 1235 eo
1817 1180 1957 1250 quod
1989 1196 2074 1233 es-

505 1289 588 1332 set
619 1279 729 1346 ipse
774 1276 1141 1331 Cbrodoaldus
1192 1270 1347 1329 rebus
1384 1276 1625 1343 plurimis
1669 1271 1885 1334 ditatus,
1918 1279 2076 1322 caete-

506 1383 684 1423 rorum
714 1368 1021 1423 facu'tatum
1071 1367 1357 1436 cupiditate
1390 1380 1660 1432 pervasor,
1691 1360 1957 1429 superbia:
1982 1361 2076 1413 de-

506 1459 672 1525 ditus,
703 1460 934 1514 elatione
985 1458 1191 1526 plenus,
1228 1472 1326 1510 nec
1373 1456 1657 1523 quidquam
1706 1453 1825 1505 boni
1859 1452 1910 1504 in
1960 1451 2076 1518 ipso

506 1548 888 1615 reperiebatur.
931 1548 1169 1615 Cumque
1214 1547 1539 1616 Dagobertus
1580 1545 1750 1612 ipsum
1778 1544 1885 1611 jam
1919 1541 2078 1597 vellet

508 1654 602 1705 pro
654 1639 765 1692 suis
822 1639 1142 1692 facinoribus
1196 1638 1536 1698 interﬁcere.
1587 1635 1954 1689 Clirodoaldus
2006 1634 2070 1686 ad

2174 458 2405 518 ceribus,
2455 466 2602 522 pater
2643 456 2948 523 paciﬁcator
2975 471 3094 510 cum
3136 455 3277 519 ﬁlio;
3332 454 3673 523 reddensque
3705 459 3757 512 ei

2173 548 2455 601 solidatam
2488 546 2624 614 quod
2655 556 2935 611 aSpexerat
2963 546 3028 599 ad
3060 560 3280 611 regnum
3314 546 3746 611 Austrasiorum,

2175 639 2278 692 hoc
2308 647 2510 692 tantum
2538 638 2733 691 exinde
2773 637 2911 704 quod
2953 638 3085 692 citra
3129 638 3369 706 Ligerem
3404 640 3485 693 vel
3532 641 3583 692 in
3618 640 3755 694 Pro-

2174 726 2363 781 vincite
2390 728 2624 795 partibus
2654 729 2813 780 situm
2841 737 2974 791 erat,
3001 744 3111 782 sum
3142 728 3331 781 ditioni
3357 729 3598 783 retinuit.

2246 822 2345 874 AN.
2407 836 2622 875 ncxxvt.
2652 820 2879 874 —LlV.
2937 822 3093 874 Anno
3138 820 3207 874 43
3255 820 3406 889 regni
3453 821 3755 876 Cblotharii

2174 909 2588 964 Warnacharius
2636 912 2804 979 major
2843 912 3033 965 domus
3075 912 3301 965 moritur
3329 922 3374 962 κ.
3421 912 3587 966 Filius
3636 915 3758 981 ejus

2176 1002 2416 1055 Godinus
2471 1002 2633 1055 animi
2690 1002 2906 1057 levitate
2964 1002 3196 1056 imbutus
3252 1018 3538 1056 novercam
3596 1019 3754 1057 suam

2178 1090 2458 1143 Bertanem
2509 1105 2574 1145 eo
2603 1106 2744 1144 anno
2782 1093 2985 1159 accepit
3015 1107 3234 1146 uxorem
3268 1110 3281 1146 :
3316 1094 3457 1148 unde
3494 1094 3759 1150 Cblotba-

2176 1180 2287 1231 rius
2314 1196 2399 1231 rex
2428 1180 2679 1233 adversus
2707 1197 2825 1233 eum
2861 1182 3023 1233 nimio
3052 1180 3234 1234 furore
3261 1196 3559 1250 permetus,
3603 1184 3760 1251 jubet

2177 1269 2476 1322 Arneberto
2498 1270 2640 1329 duci,
2671 1274 2758 1337 qui
2782 1270 2974 1325 Godini
3005 1286 3309 1340 germanam
3334 1288 3555 1327 uxorem
3582 1275 3759 1331 babe-

2177 1358 2283 1425 bat,
2319 1375 2437 1412 eum
2470 1376 2587 1413 cum
2620 1361 2853 1417 exercitu
2889 1362 3206 1417 interﬁcere.
3251 1361 3494 1416 Godinus
3519 1380 3758 1422 cernens

2176 1463 2286 1502 sua:
2316 1451 2438 1504 vita:
2484 1452 2774 1520 periculmn
2802 1494 2818 1519 ,
2871 1461 3016 1520 terga
3068 1466 3285 1507 vertens
3332 1468 3452 1507 cum
3484 1472 3655 1510 uxore
3685 1461 3757 1512 ad

2179 1539 2531 1607 Dagohertum
2562 1557 2739 1607 regem
2770 1544 3000 1607 perrexit
3031 1545 3080 1595 in
3105 1546 3319 1609 Auster,
3351 1555 3405 1600 et
3436 1546 3487 1599 in
3520 1549 3758 1602 ecclesia

2182 1636 2346 1685 sancti
2366 1634 2535 1701 Aprill
2558 1650 2702 1703 regio
2727 1637 2914 1688 timore
2930 1637 3256 1703 perterritus,
3283 1636 3757 1703 fecitconfugium.

508 1726 875 1782 Cblotbarium
908 1737 1049 1797 terga
1080 1732 1274 1789 vertit,
1331 1737 1385 1779 ut
1431 1740 1578 1779 suam
1619 1740 1738 1778 cum
1773 1724 1883 1777 ﬁlio
1914 1724 2072 1776 vitam
2109 1705 2150 1762 Β
2184 1724 2509 1793 Dagobertus
2543 1739 2634 1790 per
2671 1726 2871 1794 legatos
2908 1740 3002 1793 pro
3044 1725 3162 1793 ejus
3193 1729 3295 1779 vita
3338 1727 3535 1795 saepius
3578 1729 3749 1783 Cblo-

509 1815 752 1871 obtinere
791 1817 1118 1886 dignaretur.
1169 1814 1508 1868 Cblotbarins
1547 1828 1665 1867 cum
1718 1812 2073 1882 Dagobertum

506 1906 744 1970 vidisset,
798 1908 935 1959 inter
964 1916 1183 1962 cieteras
1214 1906 1599 1960 collocationes
1630 1904 1969 1958 Cltrodoaldo
2000 1905 2076 1956 vi-

510 2008 614 2051 tam
666 2010 931 2066 precatur.
998 1999 1323 2067 Dagobertus
1365 2000 1698 2066 promittens,
1750 2000 1790 2050 si
1842 1996 1891 2050 id
1938 1996 2077 2064 quod

504 2091 645 2144 male
674 2100 911 2161 gesserat
939 2091 1269 2154 emendaret,
1311 2089 1681 2143 Cbrodoaldus
1716 2087 1837 2140 vitae
1870 2088 2078 2155 perieu-

506 2181 612 2234 lum
655 2198 756 2234 non
808 2181 1063 2247 haberet;
1122 2180 1216 2235 sed
1271 2182 1411 2235 nulla
1450 2189 1693 2234 exstante
1744 2195 1913 2242 mora,
1958 2195 2076 2234 cum

505 2267 876 2323 Cbrodoaldus
902 2286 1019 2323 cum
1054 2271 1350 2339 Dagoberto
1372 2271 1617 2324 Treveris
1648 2270 1778 2342 [Al.,
1810 2270 2077 2344 reversus]

505 2363 841 2428 accessisset,
890 2362 1038 2430 jussu
1096 2363 1375 2432 Dagoberti
1417 2361 1725 2416 interfectus
1764 2372 1846 2417 est
1876 2380 1889 2414 :
1920 2379 2076 2432 quem

506 2453 815 2506 Bertlririus
848 2454 1006 2506 homo
1033 2453 1420 2523 Scarponensis
1451 2451 1475 2487 ά
1503 2453 1787 2522 evaginato
1814 2452 1987 2522 gladio
2011 2454 2074 2506 ad

504 2545 695 2598 ostium
725 2544 853 2616 [Al.,
891 2542 1191 2614 postitinm]
1222 2543 1451 2597 cubiculi
1481 2544 1650 2609 capite
1683 2543 1968 2597 truncavit.

577 2643 671 2691 AN.
707 2655 895 2691 ocxrv.
920 2668 985 2677 --
1018 2638 1145 2691 LIII.
1177 2639 1329 2690 Anno
1357 2637 1421 2688 42
1448 2638 1593 2705 regni
1620 2636 1942 2703 Chlotbarii,
1977 2630 2078 2690 Da.

506 2728 759 2797 gobertus
815 2730 959 2783 cultu
1004 2728 1168 2797 regio,
1210 2744 1271 2781 ex
1305 2726 1433 2800 [Al.,
1466 2728 1539 2799 etj
1579 2729 1728 2797 jussu
1762 2729 1929 2797 patris
1984 2730 2078 2783 ho-

504 2830 651 2875 neste
688 2838 805 2876 cum
829 2823 1073 2876 leudibus
1107 2824 1157 2876 in
1193 2823 1463 2890 Clippiaco
1515 2838 1618 2876 non
1653 2832 1675 2859 ⁸
1702 2822 1883 2892 procul
1933 2822 2076 2876 Pari-

503 2912 612 2965 sius
636 2915 796 2972 venit,
835 2912 1013 2982 ibique
1043 2928 1347 2982 germanam
1380 2912 1628 2966 Sicliildaa
1671 2914 1873 2983 regina:
1901 2911 1946 2979 ί,
1984 2928 2077 2965 no-

502 3002 644 3052 mine
670 3001 1073 3067 Gumatrudcm,
1110 3001 1161 3055 in
1192 3002 1493 3072 eonjugium
1526 3002 1737 3070 accipit.
1771 3001 2075 3057 Transactis

2177 1817 2405 1869 tharium
2454 1831 2629 1885 regem
2671 1818 3093 1882 deprecabatur:
3126 1820 3339 1873 tandem
3379 1835 3408 1873 a
3435 1821 3761 1876 Chlotbario

2180 1904 2503 1972 promittitur
2529 1905 2721 1959 Godini
2745 1906 2850 1958 vita
2878 1921 3152 1973 concessa,
3182 1919 3357 1963 tamen
3382 1908 3491 1981 [ΑΙ.
3519 1912 3755 1985 tantum]

2178 2006 2235 2049 ut
2277 1997 2577 2061 Bertane'm,
2611 2012 2768 2066 quam
2808 2009 2992 2053 contra
3034 2014 3298 2054 canonum
3347 2003 3589 2057 instituta
3625 2022 3759 2059 uxo-

2179 2104 2291 2143 rem
2323 2098 2622 2157 acceperat,
2667 2093 3010 2158 relinqueret.
3059 2093 3298 2161 Curaque
3328 2096 3455 2164 ipse
3505 2098 3759 2165 reliquis-

2178 2189 2279 2243 set,
2311 2190 2365 2234 et
2395 2196 2638 2235 reversus
2680 2194 2822 2238 esset
2864 2188 2912 2237 in
2946 2201 3163 2255 regnum
3204 2187 3546 2253 Burgundiaa,
3594 2189 3755 2241 Berta

2179 2274 2431 2327 continuo
2451 2274 2515 2327 ad
2543 2275 2907 2331 Cblotbarium
2942 2280 3191 2344 perrexit,
3224 2280 3406 2333 dicens
3437 2296 3451 2333 :
3485 2281 3545 2338 Si
3587 2281 3757 2335 Godi-

2182 2379 2278 2416 nns
2307 2368 2613 2434 conspectui
2639 2368 2929 2421 Cltlotliarii
2961 2377 3329 2435 praesentatur,
3373 2370 3545 2437 ipsum
3571 2386 3755 2441 regem

2182 2456 2338 2510 vellet
2370 2456 2689 2514 interﬁcere.
2721 2458 2963 2513 Godinus
2986 2459 3137 2528 jussu
3167 2460 3461 2514 Clilotliarii
3490 2476 3586 2530 per
3616 2478 3759 2529 prae.

2180 2549 2331 2616 cipua
2380 2550 2493 2603 loca
2535 2560 2860 2613 sanctorum,
2895 2550 3074 2604 domui
3116 2552 3277 2620 632
3314 2550 3542 2605 Medardi
3588 2552 3759 2606 Sues~

2180 2640 2359 2692 sionas
2395 2648 2450 2693 et
2490 2639 2673 2693 domni
2716 2639 2956 2709 Dionysii
3001 2638 3236 2693 Parisios
3282 2655 3345 2693 ca
3391 2640 3762 2709 prmrentione

2182 2740 2507 2783 sacramenta
2537 2730 2758 2783 daturus
2787 2730 3084 2794 adducitur,
3116 2741 3172 2784 ut
3202 2746 3415 2800 semper
3435 2732 3760 2786 Chlotbario

2181 2819 2401 2873 deberet
2431 2834 2550 2873 esse
2580 2818 2772 2884 ﬁdelis,
2804 2830 2857 2872 ut
2881 2834 3115 2887 congrue
3139 2822 3287 2873 locus
3316 2829 3461 2874 esset
3482 2832 3759 2890 repertus,

2182 2926 2285 2979 quo
2313 2920 2468 2978 pacto
2489 2921 2764 2978 separatus
2793 2928 2819 2962 a
2850 2911 2963 2964 suis
2986 2914 3398 2966 interﬁceretur.
3432 2910 3762 2965 Cliramnul-

2185 3003 2263 3055 fus
2293 2999 2336 3065 ί,
2386 3017 2521 3055 unus
2549 3019 2610 3056 ex
2644 3003 2970 3071 proceribus,
3002 3012 3056 3056 et
3085 3002 3453 3057 Waldebertns
3496 3004 3761 3058 domesti-

502 3090 721 3158 nuptiis,
753 3092 839 3145 die
866 3092 1017 3145 tertia
1063 3093 1197 3146 inter
1227 3093 1593 3145 Cblotbarium
1630 3104 1683 3146 et
1715 3093 2070 3157 Dagobertum
2103 3063 2148 3124 C
2179 3107 2271 3146 cus
2302 3092 2540 3146 dicentes
2578 3093 2643 3146 ad
2689 3092 2953 3147 Godiuum
2993 3105 3047 3147 ut
3091 3093 3391 3147 Aurelianis
3424 3095 3476 3148 in
3527 3098 3760 3151 ecclesia

503 3182 667 3233 ﬁlium
700 3194 851 3233 suum
882 3182 1039 3251 631
1087 3185 1261 3250 gravis
1296 3194 1410 3236 orta
1442 3184 1539 3237 luit
1583 3185 1825 3238 intentio.
1857 3187 2078 3239 Petebat

501 3273 641 3326 enim
676 3273 1004 3339 Dagobertus
1035 3285 1224 3327 cuncta
1262 3290 1377 3343 quae
1409 3276 1473 3327 ad
1518 3291 1739 3345 regnum
1769 3276 2075 3331 Austrasio-

502 3380 618 3418 rum
665 3365 996 3430 pertinebant
1048 3381 1158 3418 sua:
1203 3365 1391 3419 ditioui
1431 3367 1563 3420 velle
1612 3368 1871 3434 recipere,
1928 3370 2069 3438 quod

502 3458 844 3512 Cblotbarius
901 3459 1245 3511 vehementer
1295 3460 1594 3528 denegabat
1640 3461 1811 3513 eidem
1861 3478 1925 3515 ex
1977 3464 2076 3517 boc

502 3548 634 3601 nibll
667 3549 800 3602 velle
830 3549 1145 3601 concedere.
1182 3547 1379 3601 Electis
1415 3549 1483 3600 ab
1512 3548 1591 3601 bis
1619 3549 1828 3603 duobus
1860 3554 2074 3619 regibus

502 3639 783 3693 duodecim
808 3638 1129 3693 Francorum
1154 3638 1485 3708 proceribus,
1518 3649 1574 3693 ut
1597 3656 1779 3695 eorum
1809 3642 2074 3710 discepta-

502 3731 649 3785 tione
682 3730 794 3784 hrec
838 3732 1080 3784 ﬁniretur
1110 3731 1369 3796 intentio,
1405 3733 1546 3786 inter
1575 3747 1708 3801 quos
1752 3743 1805 3787 et
1842 3733 2073 3789 domnus

504 3817 759 3873 Arnuifus
806 3822 1043 3888 pontilex
1084 3820 1358 3873 Mettensis
1397 3835 1516 3874 cum
1561 3823 1781 3890 reliquis
1811 3825 2073 3893 episcopis

501 3910 731 3979 cligitur,
766 3911 851 3980 qui
885 3910 1283 3980 benignissime,
1315 3920 1373 3965 ut
1403 3927 1493 3965 sua
1527 3923 1641 3967 erat
1669 3917 1944 3978 sanctitas,
1993 3915 2076 3967 in-

504 4014 584 4061 ter
614 4013 815 4074 patrem
847 4013 902 4058 et
926 4005 1089 4058 ﬁlium
1120 4020 1214 4074 pro
1248 4009 1390 4075 pacis
1424 4005 1737 4074 loquebatur
1762 4007 2071 4076 concordia,

571 4189 594 4217 ⁸
627 4179 911 4233 Bollandus
950 4191 1126 4233 moact
1165 4180 1217 4233 in
1249 4178 1550 4233 Comment.
1592 4178 1656 4230 ad
1691 4176 1858 4231 Vitam
1901 4180 2068 4233 sancti

499 4252 725 4319 Pippini,
759 4251 847 4304 die
886 4251 950 4302 2t
996 4250 1177 4313 Febr.,
1214 4250 1313 4302 boc
1338 4262 1494 4317 caput
1528 4253 1578 4302 in
1608 4250 1813 4317 aliquot
1857 4250 2071 4317 scriptis

498 4324 708 4383 deesse,
741 4328 914 4373 exstat
944 4330 1117 4374 tamen
1153 4337 1202 4373 ιιι
1236 4322 1451 4373 nostris.

2177 3187 2344 3239 sancti
2388 3186 2599 3250 Aniani,
2640 3196 2694 3240 et
2733 3187 2961 3242 Turonis
2996 3187 3060 3241 ad
3112 3188 3289 3241 limina
3339 3189 3509 3243 sancti
3546 3188 3761 3243 Martini

2179 3275 2350 3340 ipsum
2384 3284 2775 3329 sacramentum
2807 3277 2980 3330 adhuc
3024 3277 3335 3347 impleturus
3362 3280 3559 3332 adiret.
3602 3280 3759 3346 Quod

2176 3377 2300 3416 cum
2326 3364 2378 3415 in
2400 3364 2707 3419 suburbano
2736 3366 3000 3433 Carnotis,
3026 3365 3375 3422 Cbramnullo
3407 3370 3680 3427 indicante
3703 3383 3759 3426 et

2179 3456 2590 3516 transmittente,
2648 3457 2775 3510 liora
2821 3458 3030 3525 prandii
3071 3458 3125 3511 in
3173 3461 3455 3527 quamdam
3510 3464 3757 3518 villulam

2177 3546 2429 3609 venisset,
2478 3546 2658 3614 ibique
2686 3546 3061 3603 Chramnnllus
3089 3559 3144 3604 et
3166 3550 3543 3606 Waldebcrtus
3588 3571 3757 3622 super

2175 3633 2348 3703 ipsum
2377 3650 2494 3688 cum
2523 3636 2761 3691 exercitu
2786 3638 3013 3701 irruunt,
3046 3656 3275 3711 eumque
3309 3643 3669 3709 interﬁciunt;
3702 3657 3759 3702 et

2174 3743 2269 3782 eos
2299 3729 2386 3796 qui
2419 3744 2538 3783 cum
2570 3730 2687 3798 ipso
2716 3731 2887 3785 adhuc
2920 3733 3248 3800 restiterant,
3289 3740 3548 3804 quosdam
3579 3742 3749 3797 inter-

2178 3819 2638 3889 ﬁciunt,aiiosque
2666 3824 2992 3891 exspoliatos
3016 3826 3067 3879 in
3097 3826 3269 3896 fugam
3286 3840 3559 3886 vertentes
3589 3838 3756 3891 relin-

2175 3918 2361 3977 quunt.
2390 3910 2468 3963 Eo
2490 3925 2630 3965 anno
2654 3912 2920 3966 Palladius
2948 3914 3166 3984 ejusque
3196 3918 3336 3971 ﬁlius
3357 3920 3605 3988 Siilocus,
3640 3931 3757 3996 epi-

2175 4014 2368 4069 sc0pus
2390 4000 2630 4057 ASIosani
2657 4002 2705 4071 ἱ,
2754 4005 3031 4063 incusante
3071 4008 3383 4081 Aighynane
3409 4013 3568 4083 duce,
3611 4021 3759 4088 quod

2176 4174 2518 4247 (Doulewart)
2542 4179 2721 4231 situm.

2250 4248 2449 4310 °Mss.,
2490 4248 2753 4319 Clippiaco
2797 4252 2993 4319 procul.
3038 4252 3094 4305 In
3126 4252 3267 4308 Clar.
3313 4264 3421 4311 tres
3463 4260 3655 4315 littera:
3683 4281 3754 4319 ex

2175 4316 2432 4390 industria
2485 4316 2895 4390 detratteﬂsunt.
2956 4326 3241 4390 Superest,
3294 4328 3528 4383 laudibus
3588 4316 3753 4389 nec...

568 4391 594 4430 ι,
772 4392 1030 4477 nigrm“?!
1069 4391 1401 4477 ῥηθξοιβιξθα
1428 4388 1693 4477 Ἰηοζηίηιῗ
1746 4386 2065 4477 {io-do‘ald'us,
2102 4419 2145 4477 υ
2173 4385 2663 4477 ϐιὲρρίξισςηρνοςιιι.
2714 4388 2833 4445 Vct.
2870 4385 3236 4477 I'Sdunpraater'
3260 4395 3446 4475 Frelt.,
3502 4408 3566 4453 de
3597 4385 3756 4459 Pin-to

499 4476 590 4515 seu
615 4457 954 4513 Charoaldus.
989 4462 1289 4519 BollandUs,
1320 4462 1433 4509 loco
1459 4458 1626 4520 Iaud.,
1675 4457 1833 4510 habet
1873 4458 2063 4525 Agilol-

501 4532 657 4599 ﬁngo,
690 4532 809 4589 sive,
841 4542 897 4581 ut
931 4532 1042 4595 ipse
1071 4531 1305 4599 exroitit,
1336 4526 1509 4581 Buira.
1546 4529 1827 4599 Historiam
1865 4528 2063 4599 Agilot.

499 4596 702 4666 litigiosa:
732 4600 962 4662 fannius},
988 4614 1049 4651 ex
1082 4616 1183 4666 qua
1215 4596 1518 4651 Guell'orttm
1552 4598 1884 4663 aliarumque
1916 4598 2065 4650 nobi-

498 4669 686 4723 liorum
713 4668 802 4719 Gel
822 4670 1008 4719 mania:
1037 4670 1356 4721 familiarum
1391 4672 1648 4737 originem
1682 4668 1849 4733 repeti
1873 4667 2067 4737 debere

496 4752 703 4799 censet,
754 4740 864 4789 [use
903 4740 1187 4801 descripsit
1237 4736 1517 4791 liucelinu’s
1557 4738 1847 4791 monachus
1879 4736 2064 4790 Wein-

496 4812 756 4879 gartensis
784 4820 931 4879 tumo
964 4808 1003 4859 |l
1036 4806 1334 4860 Germania:
1362 4822 1545 4879 sacer.

570 4890 593 4919 ο
628 4882 700 4932 lix
744 4878 823 4931 bis
853 4878 1061 4931 duobus
1088 4882 1209 4929 viris
1251 4877 1629 4940 sanctissimis,
1671 4875 1736 4928 de
1765 4876 1957 4940 quibus
1988 4876 2066 4929 in-

498 4951 573 5004 fra
621 4952 814 5017 passim
865 4949 1057 5014 agitur,
1112 4945 1255 5015 prior
1301 4948 1398 4997 fuit
1445 4948 1727 5014 episcopus
1767 4946 2062 5013 Mettensis,

496 5025 635 5074 alter
658 5022 841 5082 laicus,
874 5034 903 5071 e
926 5020 1116 5085 quibus
1149 5017 1339 5084 prodiit
1378 5018 1607 5069 secunda
1644 5031 1823 5080 regum
1859 5028 2067 5068 nostro-

498 5106 616 5143 rum
650 5105 830 5158 stirps.
868 5090 1168 5159 Anwgisus
1216 5090 1410 5159 quippe
1432 5089 1619 5159 sancti
1666 5086 1868 5138 Arnulﬁ
1927 5086 2066 5140 ﬁlius

499 5176 713 5212 uxutrem
746 5155 898 5212 (luxit
926 5155 1153 5229 Beg'gam
1190 5158 1393 5226 Pippini
1422 5155 1614 5220 ﬁliam,
1647 5171 1711 5210 ex
1742 5172 1842 5229 qua
1883 5170 2066 5229 susce-

503 5232 577 5294 pit
622 5230 895 5297 Pippinum
944 5226 1373 5283 l’leristallenscm
1398 5272 1409 5288 ,
1450 5229 1540 5295 qui
1576 5236 1724 5295 pater
1766 5226 1862 5277 fuit
1891 5226 2064 5297 Caroli

502 5295 753 5368 biarlelli,
803 5315 866 5351 ex
899 5314 1003 5368 quo
1046 5309 1195 5354 ortus
1233 5310 1315 5352 est
1355 5297 1608 5367 Pippinus
1640 5297 1856 5358 Brevis,
1889 5295 2066 5348 Caroli

500 5366 666 5432 Magni
709 5377 875 5432 pater.

572 5440 595 5470 υ
627 5436 893 5501 ScarpOna
932 5444 1079 5489 vetus
1124 5445 1203 5488 est
1242 5437 1594 5505 Lotliaringite
1629 5445 1883 5505 castrum,
1927 5448 2065 5487 nunc

503 5503 556 5559 in
588 5506 760 5556 vicum
794 5507 1060 5557 redactum
1089 5517 1143 5559 et
1172 5508 1255 5557 vix
1288 5503 1590 5563 notumfad
1623 5504 1917 5567 Mosellam,
1954 5520 2066 5556 ses-

500 5574 741 5642 quiieuca
765 5571 966 5626 distans
987 5590 1017 5626 a
1043 5574 1205 5626 Ponte
1233 5575 1531 5638 Montionis,
1548 5590 1731 5628 versus
1753 5573 2066 5637 NanCeium,

502 5641 659 5714 vulgo
686 5641 965 5709 Surpeigne
1004 5643 1226 5710 dictum,
1262 5644 1399 5697 baud
1435 5645 1665 5713 procula
1689 5644 1940 5696 Custodia
1967 5643 2062 5698 Dei

2174 4457 2377 4541 procul.
2407 4458 2757 4541 Clippiacum‘,
2806 4463 2960 4527 volgo
2986 4460 3183 4541 Clicliy,
3220 4470 3388 4541 situm
3417 4457 3499 4523 est
3540 4475 3591 4524 in
3617 4457 3752 4541 agro

2174 4525 2460 4580 Parisiensi
2517 4544 2676 4596 prope
2712 4525 3038 4597 Sequanam;
3070 4525 3177 4586 ubi
3201 4534 3483 4592 defunctus
3512 4557 3595 4595 est
3623 4525 3755 4598 sati:-

2174 4605 2291 4669 ctns
2311 4599 2615 4650 Andoenus.
2638 4599 2763 4651 Vide
2781 4601 2873 4653 lib.
2896 4618 2940 4651 iv
2958 4604 3021 4654 de
3035 4601 3113 4656 Re
3134 4605 3473 4669 Diplomatica
3490 4627 3637 4666 num.
3656 4614 3749 4668 56.

2174 4667 2437 4751 Caeterum
2469 4670 2516 4719 id
2540 4671 2677 4735 apud
2713 4669 3063 4725 Iiomiliacum
3087 4667 3398 4743 contigisse,
3432 4680 3594 4749 infra,
3624 4667 3745 4751 cap.

2172 4735 2261 4799 58,
2294 4738 2504 4790 dicitur.

2293 4806 2414 4859 Ilaec
2438 4806 2533 4858 Iuil
2562 4808 2724 4876 ipsius
2755 4808 3012 4865 Cblotarii
3044 4829 3197 4866 utor.

2246 4884 2268 4922 ε
2302 4876 2433 4929 llinc
2456 4879 2645 4945 Collige
2685 4883 2844 4932 alium
2878 4898 2994 4935 esse
3029 4884 3092 4937 ab
3123 4884 3227 4937 isto
3260 4884 3649 4942 Warnacbario
3680 4892 3747 4944 il-

2172 4943 2278 5018 lum
2311 4946 2422 5014 qui,
2457 4943 2629 5014 partes
2672 4950 2898 5018 Agrestii
2928 4964 3109 5005 contra
3154 4968 3392 5008 sanctum
3443 4943 3749 5015 Eustasiuin

2175 5014 2556 5070 Lnxowensem
2599 5014 2841 5073 abbatem
2886 5022 3017 5073 tueri
3074 5024 3279 5086 volens,
3336 5028 3387 5079 in
3438 5044 3596 5082 conc.
3640 5014 3751 5083 illa;

2176 5088 2364 5139 tiSCon.
2398 5104 2484 5138 an.
2518 5086 2619 5141 6‘22
2652 5091 2927 5150 repentina
2960 5101 3130 5145 morte
3162 5093 3380 5148 interiit.

2245 5154 2269 5191 ιι
2298 5153 2354 5206 1η
2414 5158 2666 5232 suburbio
2707 5156 2963 5232 Tullensi,
3017 5161 3355 5232 scim-Eure,
3402 5168 3556 5232 Cujus
3598 5168 3751 5223 urbis

2173 5224 2343 5296 fuerat
2368 5226 2670 5296 episcopus,
2714 5228 2801 5281 ubi
2832 5239 3007 5283 exstat
3033 5231 3241 5284 abitalia
3282 5224 3487 5290 ordinis
3518 5240 3743 5292 Benedi»

2170 5295 2296 5366 ctini
2315 5297 2423 5366 sub
2449 5295 2852 5366 congregatione
2881 5300 3049 5353 sancti
3088 5301 3278 5355 Vitoui.

2250 5362 2267 5435 ξ
2298 5365 2471 5429 COIb.,
2504 5362 2824 5435 Rantriulfus.

2248 5433 2268 5515 in
2300 5435 2430 5487 Bob.
2462 5446 2513 5487 et
2549 5433 2851 5515 Caio-cum
2882 5438 3084 5515 aliquot
3132 5440 3251 5515 βψ,
3305 5440 3556 5515 Seductus
3586 5448 3750 5515 episc.

2173 5501 2617 5582 [olesanuﬁalﬂ
2639 5515 2681 5557 et
2695 5506 2955 5582 _Sedocus.
2976 5501 3279 5582 Aimoinus,
3306 5512 3399 5564 lib.
3430 5530 3479 5566 tv
3510 5501 3628 5582 cap:
3662 5516 3751 5581 I4,

2174 5572 2403 5651 §edocus
2443 5571 2793 5651 Titolosqtium
2840 5578 3127 5651 episcopus.
3182 5571 3382 5651 Cbesn.
3430 5594 3484 5639 et
3536 5571 3749 5651 C'oint.;

2178 5642 2404 5698 Senecas
2427 5646 2579 5713 quise.
2632 5642 2911 5702 Elosanus.
2943 5642 3102 5703 Is'est
3128 5650 3217 5720 qui
3246 5663 3387 5704 anno
3421 5642 3749 5720 prrcedenti
