4020 6194
175 255 273 308 611

1599 255 2014 314 CIIRONICUM.

3247 208 3257 213 ’
3335 253 3438 307 eis

173 363 490 418 rebellionis
517 361 906 420 Wasconorum
940 364 1166 422 fuissent
1195 367 1418 431 conscii,
1446 369 1637 422 exsilio
1666 384 1753 422 re-
1784 374 1828 428 Α
1864 365 2176 432 Burgundite
2199 364 2324 418 inibi
2349 378 2407 419 se
2431 365 2712 420 traoidisse
2740 375 3052 420 noscuntur.
3081 364 3182 420 Sed
3215 376 3268 420 et
3300 366 3436 419 Neu-

176 461 486 514 truduntur.
521 461 662 514 Boso
696 461 836 515 Iilius
859 462 1143 524 Audoleni,
1174 462 1242 516 de
1271 476 1408 532 pago
1437 462 1752 530 Stampinsi,

177 552 332 620 jussu
369 551 669 606 Chlotharii
701 554 767 606 ab
797 553 1097 608 Arneberto
1125 555 1260 609 dure
1297 556 1633 621 interficitur,
1667 574 1754 610 re—

176 651 371 709 putans
409 641 458 694 ei
501 652 744 710 stuprum
796 658 916 696 cum
959 643 1194 710 Sigbilde
1243 645 1444 716 regina.
1493 645 1568 699 Eo
1615 661 1756 700 anno

191 731 542 786 Cblotbarius
584 748 703 786 cum
743 733 1052 801 proceribus
1081 745 1133 788 et
1170 736 1410 791 leudibus
1439 737 1756 806 Burgundite

175 824 453 878 Treeassis
476 834 500 860 ⁸
524 825 888 892 conjuogitur,
916 839 1035 878 cum
1061 841 1155 880 eos
1179 827 1539 894 sollicitasset,
1575 831 1618 881 si
1648 831 1758 883 vel-

177 913 285 966 lent
320 927 534 968 mortuo
558 914 666 980 jam
698 913 1087 970 Warnacbario
1117 919 1277 970 alium
1312 920 1363 970 in
1394 919 1510 987 ejus
1540 920 1759 974 honoris

175 1003 402 1072 gradum
433 1003 748 1058 sublimare.
793 1004 898 1059 Sed
926 1019 1113 1060 omnes
1145 1009 1466 1062 unanimiter
1485 1010 1757 1079 denegan-

178 1101 261 1146 tes
299 1107 360 1146 se
391 1108 722 1162 nequaquam
749 1095 886 1149 velle
917 1095 1172 1164 majorem
1203 1098 1392 1152 domus
1418 1099 1636 1168 eligere,
1671 1116 1756 1154 re-

177 1181 257 1249 gis
287 1184 514 1252 gratiam
543 1184 739 1239 obnixe
763 1195 1004 1254 petentes
1031 1203 1149 1240 cum
1183 1203 1306 1256 rege
1337 1191 1648 1260 transigere.

254 1278 354 1326 An.
419 1290 650 1330 ncxxvn.
681 1277 882 1330 —LV.
936 1281 1088 1331 Anno
1131 1281 1197 1332 M
1246 1280 1393 1348 regni
1442 1282 1757 1347 Clilotharii,

175 1377 299 1416 cum
343 1365 620 1432 pontifices
651 1376 705 1420 et
737 1368 970 1422 universi
1020 1383 1270 1435 proceres
1311 1371 1458 1441 regni
1497 1374 1599 1437 sui,
1653 1383 1757 1426 tam

178 1454 248 1506 de
274 1453 503 1508 Neuster
535 1472 693 1522 quam
727 1458 792 1512 de
827 1458 1152 1524 Burgundio,
1198 1460 1470 1528 Clippiaco
1500 1463 1564 1516 ad
1594 1463 1756 1517 Chlo-

181 1545 420 1599 tliarium
453 1562 549 1613 pro
590 1548 816 1602 utilitate
850 1564 994 1618 rega
1026 1559 1080 1603 et
1118 1553 1290 1606 salute
1321 1554 1503 1620 patriae
1532 1555 1756 1622 coiijuu-

181 1637 410 1701 xisseut,
461 1638 640 1708 ibique
696 1641 876 1705 homo,
930 1642 1143 1695 nomine
1188 1642 1564 1698 Ermenharius
1589 1644 1638 1710 δ,
1670 1646 1759 1715 qui

1860 457 2034 509 strasii
2064 452 2092 492 ιι
2127 457 2404 525 pontilices
2437 464 2490 510 et
2519 469 2770 523 proceres
2813 457 3035 524 plurima
3068 472 3189 526 pars
3218 472 3438 522 regnum

1861 544 2142 614 Dagoberti
2163 547 2262 600 visi
2287 553 2411 600 sunt
2432 549 2717 614 expstisse.
2747 546 3090 602 Cbaribertus
3117 546 3280 601 frater
3304 562 3436 601 suos

1858 635 2144 701 nitebatur,
2202 637 2249 689 si
2292 637 2803 706 potui~set-regnum
2852 651 3148 700 assumere,
3191 637 3282 690 sed
3324 635 3440 706 ejus

1857 727 2098 781 voluntas
2131 743 2226 798 pro
2274 729 2612 796 simplicitate
2659 745 2840 798 parum
2891 729 3113 781 sortitur
3158 728 3428 782 eﬂ'ectutu.

1860 819 2142 872 Brodttlfus
2163 821 2341 873 Voleus
2366 831 2609 885 nepotem
2634 820 2872 873 stabilire
2900 821 2947 872 in
2975 834 3216 888 regnum,
3246 817 3440 871 adver-

1858 924 1948 964 sus
1981 912 2332 978 Dagobertum
2366 913 2720 979 muscipulare
2749 924 3003 980 (mperat,
3047 911 3140 962 sed
3173 910 3327 977 hujus
3362 912 3438 965 rei

1861 1001 2278 1054 vicissitudinem
2312 1004 2550 1072 probavit
2581 1014 2825 1058 eventus.
3263 1000 3267 1002 ’

1931 1090 2086 1145 LVII.
2114 1093 2350 1159 Cumque
2398 1109 2615 1162 regnum
2643 1095 2937 1150 Chlotbarii
2982 1107 3086 1149 tam
3138 1096 3386 1164 Neptiico
3418 1094 3438 1135 ι

1859 1195 2014 1248 quam
2040 1182 2352 1250 Burgundio:
2384 1199 2414 1236 a
2448 1184 2743 1254 Dagoberlo
2780 1185 2961 1241 fuisset
2996 1202 3440 1256 prmocrupatum,

1859 1275 2028 1341 captis
2057 1275 2319 1329 tbi-sauris
2345 1287 2396 1330 et
2425 1293 2535 1330 suae
2566 1279 2750 1332 ditioui
2801 1278 3051 1345 redactis,
3090 1281 3301 1335 tandem
3345 1283 3441 1335 mi-

1861 1364 2147 1418 sericordia
2182 1376 2377 1429 tnotus,
2410 1367 2632 1422 consilio
2662 1369 2976 1436 sapientium
3011 1389 3158 1441 usus,
3188 1375 3320 1428 citra
3354 1375 3441 1428 Li-

1857 1469 2038 1523 gerem
2069 1465 2120 1508 et
2145 1455 2362 1510 limitem
2386 1458 2549 1529 634
2576 1460 2810 1529 δρειηὶςρ,
2844 1469 2930 1531 qtti
2961 1464 3171 1532 ponitur
3205 1467 3438 1534 partibus

1864 1544 2180 1608 Wasconize,
2207 1562 2296 1600 seu
2327 1557 2380 1602 et
2410 1552 2600 1603 montis
2633 1552 2868 1622 Pyrenaei
2900 1563 2938 1590 ω
2963 1569 3147 1626 pagos,
3176 1569 3225 1610 et
3252 1558 3442 1612 civita-

1865 1643 1965 1700 tes,
1990 1637 2130 1705 quod
2157 1635 2303 1690 fratri
2326 1653 2421 1690 suo
2442 1638 2753 1695 Cbariberto
2785 1645 2847 1696 ad
2882 1648 3277 1716 transigendum
3304 1658 3351 1712 η,
3380 1651 3443 1705 ad

181 1731 516 1800 gubernator
549 1731 726 1800 palatii
779 1731 1078 1786 Chai-ibam
1110 1734 1198 1787 lilii
1229 1734 1519 1790 Chloumrii
1563 1712 1700 1800 erat;
1733 1752 1762 1792 θ
1796 1712 1840 1770 Β
1869 1728 2034 1781 instar
2059 1730 2265 1797 privato
2290 1731 2570 1794 habitu,ad
2594 1733 2874 1787 vivendum
2902 1712 3158 1802 potuisset
3181 1739 3445 1809 sufficere,

183 1820 365 1887 pueris
396 1819 691 1891 Egyuanis
714 1837 912 1890 genere
937 1823 1269 1879 Saxonorum
1298 1827 1569 1894 optimatis
1601 1828 1766 1882 inter-

180 1910 382 1974 ﬁcitur,
431 1926 564 1979 pene
610 1910 781 1966 fuerat
819 1913 1015 1969 exinde
1049 1914 1209 1968 nimia
1240 1915 1528 1970 multorum
1559 1927 1764 1986 strages

179 2013 411 2067 secuta,
464 2004 600 2065 nisi.
649 2004 809 2073 633
858 1987 1476 2072 patientia'cChlotharii
1532 2009 1766 2064 interve-

181 2100 369 2150 niente
418 2097 579 2150 simul
615 2108 667 2151 et
711 2099 825 2151 bare
867 2109 1125 2163 curante,
1198 2098 1387 2154 fuisset
1437 2116 1760 2169 repressum.

179 2187 393 2258 Egyna
424 2187 648 2256 jubente
682 2189 994 2242 Clilotbario
1027 2190 1078 2242 in
1113 2191 1538 2246 Monte—Mereori
1565 2191 1590 2230 ά
1617 2207 1766 2250 rese-

179 2281 282 2346 dit,
316 2280 597 2347 plurimam
627 2295 808 2333 secum
849 2281 1051 2334 habens
1080 2282 1470 2337 multitudinem
1503 2294 1763 2354 pugnato-

180 2387 326 2427 rum.
383 2372 668 2426 Brodnlfns
702 2382 726 2409 ο
759 2374 1053 2426 avunculus
1105 2374 1409 2429 Chai-iberti
1469 2379 1762 2432 exercitum

182 2463 424 2532 undique
454 2465 734 2533 colligens,
768 2479 926 2533 super
955 2466 1125 2531 ipsum
1157 2480 1276 2518 cum
1324 2465 1639 2520 Chariberto
1667 2481 1762 2520 vo-

181 2558 329 2612 lebat
362 2558 590 2612 irruere.
621 2557 966 2611 Chlotbarius
988 2557 1053 2612 ad
1081 2558 1572 2627 burguntlelarones
1593 2557 1616 2596 ί
1645 2575 1766 2627 spe-

181 2651 374 2704 cialius
409 2649 582 2716 jubet,
615 2658 672 2702 ut
701 2653 854 2712 cujus
905 2663 1026 2716 pars
1056 2665 1208 2702 suum
1253 2650 1464 2704 volebat
1504 2649 1765 2720 defugere

182 2742 468 2811 judicium,
503 2755 690 2795 eorum
741 2742 988 2794 instantia
1017 2748 1071 2794 et
1101 2741 1304 2796 viribus
1344 2744 1756 2810 Opprimeretur.

183 2832 258 2886 Ea
288 2833 534 2899 l-at'liﬂlte
565 2843 787 2899 uterque
807 2831 1052 2900 jnssione
1081 2833 1223 2901 regia
1257 2846 1530 2899 pacantur.

256 2926 354 2976 An.
374 2922 845 2976 ucxxvnt.—LVI.
864 2921 1096 2977 Ann045
1119 2932 1144 2968 Β
1169 2925 1315 2994 regni
1331 2925 1412 2977 sui
1432 2926 1769 2982 Clilotltarius

183 3019 434 3081 moritur,
464 3023 517 3067 et
543 3013 594 3066 in
637 3014 939 3067 suburbano
982 3014 1212 3068 Parisius
1242 3017 1291 3068 in
1341 3019 1568 3071 ecclesia
1597 3022 1765 3076 sancti

1869 1821 2106 1875 noscitur
2157 1824 2488 1876 conc-ssisse
2535 1824 2728 1893 Pagum
2779 1826 2820 1878 Τ
2827 1826 3171 1893 hulosmnm,
3213 1830 3444 1888 Catorci-

1867 1927 2015 1976 num,
2044 1913 2435 1981 Agennensem,
2488 1916 2856 1969 I'etrocoreum
2894 1929 2944 1971 et
2977 1919 3342 1987 SantOnicmn,
3369 1924 3446 1983 vel

1866 2006 2006 2069 quod
2035 2003 2099 2056 ab
2129 2003 2211 2056 bis
2230 2019 2417 2057 Versus
2450 2014 2654 2058 montes
2686 2006 2967 2077 Pyrenaeos
2995 2010 3315 2075 excluditur,
3345 2014 3447 2067 hoc

1868 2103 2074 2148 tantum
2101 2094 2421 2150 Chariberto
2458 2099 2747 2170 regendum
2789 2102 3074 2164 concessit,
3100 2104 3236 2170 quod
3268 2114 3323 2158 et
3354 2120 3448 2172 per

1871 2187 2130 2252 pactionis
2162 2187 2424 2240 vinculum
2469 2189 2704 2252 strinxit,
2748 2198 2805 2242 ut
2838 2191 3066 2258 amplius
3095 2192 3442 2249 Cbaribertus

1872 2277 2012 2330 nullo
2043 2288 2283 2344 tempore
2311 2278 2563 2333 adversus
2593 2280 2942 2346 Digobertum
2991 2284 3057 2336 de
3087 2298 3248 2352 regno
3281 2286 3446 2352 patris

1869 2377 2112 2436 repetere
2158 2381 2527 2436 praesumeret.
2583 2371 2928 2425 Charibertus
2974 2375 3154 2426 sedem
3204 2374 3451 2428 Tholosze

1868 2459 2094 2528 eligens,
2113 2471 2295 2528 regnat
2324 2461 2374 2512 iu
2405 2471 2554 2527 parte
2586 2462 2872 2531 pt'Ovincice
2890 2465 3217 2533 Aquitanica:
3243 2472 3290 2518 ο.
3326 2465 3452 2521 Post

1867 2563 2035 2603 annos
2057 2559 2163 2604 tres
2190 2562 2216 2599 P
2245 2565 2518 2620 p05tquam
2551 2568 2772 2623 regnare
2801 2557 3070 2623 ccepissel,
3103 2566 3265 2609 totam
3293 2555 3391 2610 Wa
3407 2579 3452 2606 .-

1869 2643 2075 2696 coniam
2107 2659 2226 2697 cum
2257 2646 2492 2698 exercitu
2542 2660 2819 2713 SUperaus,
2853 2663 2962 2699 sua:
3004 2649 3191 2701 ditioni
3234 2650 3448 2720 redigit,

1869 2735 2253 2803 aliquantulum
2283 2739 2478 2806 largius
2509 2737 2628 2789 fecit
2655 2738 2799 2804 regni
2827 2738 2906 2790 Siti
2937 2739 3187 2805 spatium.

1941 2829 2038 2878 An.
2061 2841 2318 2880 ncxxvttt.
2351 2853 2418 2866 —
2441 2825 2616 2880 LVIII.
2649 2827 2974 2895 Dagobertus
2999 2843 3119 2881 cum
3145 2829 3254 2898 jam
3284 2846 3403 2884 ann:
3426 2848 3453 2885 s

1871 2917 1904 2969 7
1933 2927 2197 2985 regnaret,
2226 2918 2510 2970 maximam
2566 2928 2764 2984 partem
2799 2920 2962 2985 patris
2989 2904 3159 2988 regni,
3195 2929 3253 2973 tit
3290 2937 3449 2988 supra

1874 3007 2111 3070 memini,
2142 3009 2446 3075 assumpsit,
2483 3009 2808 3078 Burgundias
2853 3010 3166 3080 ingreditur.
3192 3012 3362 3066 Tanto
3388 3015 3455 3068 tio

186 3107 455 3161 Vincentii
501 3106 756 3175 sepelitur
786 3104 834 3161 ιι.
866 3105 1191 3174 Dagobeitus
1218 3123 1443 3164 cernens
1472 3113 1766 3180 genitorem

1882 3118 2024 3156 more
2048 3102 2317 3172 pontifices
2339 3114 2390 3157 et
2419 3119 2667 3172 proceres
2697 3105 2748 3158 in
2781 3120 2947 3174 regno
2971 3105 3290 3174 Burgundia:
3319 3121 3453 3160 cou-

185 3212 341 3251 suum
361 3195 525 3249 fuisse
539 3195 866 3261 defunctum,
889 3197 1171 3252 universos
1194 3198 1395 3266 leudes,
1413 3217 1545 3269 quos
1561 3205 1774 3272 regebat

189 3289 242 3342 in
275 3291 490 3348 Auster,
518 3286 667 3356 jubet
715 3287 766 3339 in
821 3288 1056 3341 exercitu
1100 3304 1412 3356 promovere
1445 3309 1459 3345 :
1489 3297 1679 3350 missos
1719 3297 1772 3352 in

191 3380 497 3448 Burgundia
541 3387 596 3433 et
632 3382 823 3432 Auster
881 3379 897 3417 ί
957 3380 1171 3447 direxit,
1215 3392 1270 3436 ut
1321 3399 1473 3438 suum
1517 3387 1775 3444 deberent

191 3471 430 3541 regimen
449 3471 667 3539 eligere.
687 3470 926 3541 Cumque
941 3472 1158 3526 Rhemis
1183 3476 1434 3544 venisset,
1454 3478 1772 3536 Suessionas

193 3561 556 3639 peraccedens
589 3561 603 3612 ἰ
641 3566 826 3616 omnes
858 3564 1135 3632 pontilices
1177 3575 1232 3620 et
1278 3568 1458 3623 leudes
1498 3572 1563 3626 de
1612 3588 1773 3642 regno

196 3715 493 3790 Bhemcnsi
525 3717 878 3790 conciliojsub
903 3721 1158 3775 Sonnatio
1185 3725 1407 3790 pra~sule
1435 3725 1768 3786 interfuerat.

197 3787 253 3840 In
283 3789 408 3840 cod.
444 3787 676 3862 C'arom.
723 3788 818 3862 ubi,
844 3792 1008 3854 prima
1035 3787 1196 3846 manu
1227 3792 1502 3862 Αῑίοεαηὶ,
1542 3803 1770 3853 secunda

198 3872 358 3936 manu
382 3867 439 3910 et
469 3857 680 3936 quidem
713 3861 927 3927 antiqua
954 3863 1180 3936 positum
1208 3874 1290 3936 est
1331 3863 1403 3918 To
1426 3857 1581 3934 supra
1615 3870 1770 3936 dipli-

197 3929 454 4008 thongum
639 3926 875 3981 Seuocus
925 3926 1164 4008 ultimum
1216 3935 1390 3988 locum
1439 3926 1773 4008 ili-icatalogo

200 3998 380 4051 Elusa:
410 3999 781 4069 episcoporum
812 4012 1056 4069 occupat.
1091 4005 1214 4056 Ilzec
1236 4013 1410 4058 tamen
1441 4007 1598 4062 sedes
1627 3998 1776 4064 stei'it

197 4083 368 4140 usque
395 4067 461 4140 ad
491 4070 754 4140 saeculum
796 4085 874 4134 tit,
925 4067 1030 4140 quo
1065 4073 1221 4126 Elusa
1255 4090 1280 4126 a
1309 4075 1650 4132 Nortmannis
1675 4096 1772 4134 ex-

197 4135 331 4215 cisa,
380 4135 498 4205 ejus
541 4137 787 4215 dioecesis
829 4135 970 4215 cura
997 4145 1272 4198 Auscieusi
1328 4148 1580 4215 episcopo
1628 4165 1775 4204 com-

199 4209 516 4290 missarest‘,
548 4209 638 4276 qui
684 4211 880 4290 esinile
922 4209 1425 4282 Novempopulaniw
1467 4209 1775 4290 ni'etrOpoli-

199 4279 304 4330 tani
338 4276 650 4342 dignitatem
681 4279 928 4332 obtinuit.

274 4346 494 4423 fCh_es.
519 4390 533 4411 ,
585 4347 934 4423 T‘reciissiiiis:
964 4351 1077 4423 _a|.,
1131 4350 1315 4408 Trecas
1366 4357 1491 4410 suis.
1547 4359 1730 4414 Treczu
1755 4403 1768 4423 ,

199 4417 358 4484 vulgo
393 4415 603 4487 Troyes,
641 4420 689 4470 in
721 4417 1008 4485 Campania
1028 4463 1041 4486 ,
1075 4438 1192 4487 qua:
1222 4427 1379 4478 etiam
1410 4430 1534 4482 urbs
1565 4415 1770 4486 Tricas-1

201 4488 339 4540 siurn
376 4486 592 4572 dicitur;
633 4491 706 4570 Ex
752 4488 852 4572 hoc
897 4486 1197 4572 loco_p.atet
1240 4495 1348 4572 jam
1393 4507 1515 4552 tunc
1549 4516 1577 4553 a
1623 4505 1769 4572 regni

203 4559 516 4627 proceribus
551 4559 774 4627 Majores
804 4559 993 4613 domus
1025 4561 1186 4614 fuisse.
1216 4559 1434 4619 electos.

273 4626 478 4706 θριξὶ.-
508 4626 673 4706 (ὲΙθίςζ,
707 4628 1053 4706 _firmarius...
1088 4630 1351 4706 {lariberto
1373 4677 1387 4698 ,
1446 4654 1539 4706 pro
1594 4639 1776 4694 Chari-

205 4696 364 4769 berti;
384 4696 553 4769 Boh.;
591 4696 859 4752 Gariberto
884 4712 928 4752 et
951 4701 1060 4769 ﬁlio
1085 4696 1458 4762 Clilotlmrii‘...'
1481 4711 1740 4766 obtintule.

278 4777 298 4805 ε
329 4766 492 4828 Edtti,
516 4771 804 4835 pra’sentia.

272 4836 299 4872 ά
331 4840 419 4908 Sic
449 4836 615 4903 Clar.,
644 4840 795 4902 Boh.,
823 4839 1100 4904 Mercaris;
1129 4852 1182 4896 at
1209 4843 1357 4898 Colb.
1393 4845 1549 4902 habet
1603 4849 1782 4908 Monte

205 4910 343 4981 (imi.
371 4907 540 4981 Ft_eli_._
563 4922 615 4962 et
644 4913 764 4971 CIL,
809 4910 983 4962 Monte
1017 4912 1344 4978 Mercomire;
1378 4933 1438 4970 υς·
1461 4922 1578 4981 teri,
1612 4921 1784 4976 Monte

208 4979 471 5058 Mercurii.
495 4979 684 5058 Ifunct
696 4981 782 5048 qui
813 4985 978 5058 etiam
993 4987 1121 5034 alias
1137 4985 1328 5038 dicitur
1342 4987 1544 5058 Montis
1567 4979 1779 5058 diariis,

203 5049 357 5128 juxta
392 5047 624 5128 Parisios
644 5047 824 5128 situm,
857 5052 1011 5128 hodie.
1053 5067 1081 5104 a
1109 5057 1588 5128 sanctisllionysio
1616 5074 1668 5114 et
1695 5047 1784 5115 so1

205 5122 304 5202 ciis
343 5119 665 5202 martyribus
714 5119 937 5173 Montem
965 5122 1062 5175 Mai
1081 5131 1251 5192 tyrum
1279 5119 1661 5199 (Montiiutrtre)
1687 5149 1778 5202 ap-

206 5190 486 5258 pellamus.

281 5268 304 5294 ε
359 5258 448 5311 S.c
499 5256 641 5311 Clar.
702 5269 754 5312 et
808 5261 967 5315 ll‘rt-b.
1017 5265 1119 5316 Tot
1175 5265 1397 5318 diwrsls
1448 5269 1557 5322 fere
1614 5272 1783 5324 modis

207 5331 464 5402 scriptum
490 5328 756 5402 reperitur
799 5335 954 5402 hujus
989 5338 1081 5386 viri
1117 5351 1329 5399 muten,
1361 5352 1486 5402 quot
1522 5340 1784 5394 habentur

206 5399 361 5479 (_odd:
395 5398 594 5479 scripti
610 5411 664 5479 et
693 5401 1120 5479 lfd.lfi_riinttl_fus,
1159 5398 1458 5479 I’ioditlfus,
1499 5410 1779 5479 [indui/"us,

211 5467 521 5546 ξινᾳάαιίιιί.
557 5469 622 5546 Et
644 5468 961 5546 infra-Clara
987 5467 1259 5537 Airiberti;
1280 5467 1456 5540 Colb.,
1487 5467 1778 5546 Haribe'rti;

210 5537 372 5612 Boh.,
397 5538 638 5612 ﬁriberti.
669 5539 733 5589 Et
758 5542 994 5612 sic_infra
1023 5559 1139 5610 cap.
1170 5551 1432 5612 sequenti.

283 5609 298 5643 ί
332 5607 496 5678 Editi,
530 5618 587 5678 ut
615 5622 792 5678 supra,
825 5607 1136 5678 Burgundio?
1167 5607 1394 5668 barones.

278 5687 304 5724 ε
331 5678 420 5732 Sic
447 5676 631 5740 Colb.,
680 5677 832 5746 Boh.,
862 5676 1112 5740 Chronic.
1147 5688 1313 5738 sancti
1342 5686 1558 5760 Beuigni
1583 5702 1635 5746 et
1665 5708 1779 5747 om-

1876 3195 2146 3260 sisteutes,
2177 3209 2268 3249 seu
2300 3203 2354 3248 et
2383 3204 2608 3249 caeteros
2652 3196 2834 3250 leudes
2868 3197 3127 3249 adventus
3174 3197 3457 3266 Dagoberti

1875 3297 2236 3348 concusserat,
2271 3293 2324 3340 ut
2355 3301 2382 3338 a
2413 3287 2620 3340 cunctis
2649 3296 2793 3342 esset
2827 3287 3220 3341 admirandum.
3254 3287 3459 3356 Paupe-

1878 3377 2026 3432 ribzs
2044 3378 2303 3445 justitiam
2336 3377 2650 3433 habentibus
2677 3379 2925 3448 gaudium
2948 3381 3294 3435 vehementer
3320 3381 3458 3434 irro-

1877 3479 2113 3539 gaverat.
2146 3467 2389 3539 Cumque
2424 3469 2687 3542 Lingonas
2718 3472 2985 3526 civitatem
3026 3472 3280 3535 venisset,
3315 3481 3460 3526 tanta

1878 3558 1928 3612 in
1959 3559 2217 3613 universis
2243 3559 2482 3614 leudibus
2511 3563 2640 3626 suis,
2670 3569 2773 3614 tam
2802 3561 3117 3616 sublimibus
3141 3575 3298 3630 quam
3327 3577 3458 3631 pnu-

1879 3725 1974 3763 nes
2005 3709 2163 3762 Editi.
2187 3707 2330 3763 Clar.
2363 3719 2538 3764 tamen
2569 3710 2725 3762 habet
2758 3711 2846 3764 46.

1953 3778 1979 3816 ιι
2015 3778 2222 3846 Corpus
2268 3781 2382 3844 ejus
2425 3783 2475 3832 in
2528 3781 2732 3833 tumulo
2782 3781 2986 3844 lapideo
3031 3780 3291 3832 inclusum
3319 3777 3464 3847 jacet

1881 3865 2019 3903 nunc
2050 3849 2211 3916 prope
2237 3849 2406 3917 majus
2434 3851 2604 3903 altare
2631 3865 2752 3903 cum
2794 3852 2911 3902 aliis
2941 3855 3151 3919 regibus
3190 3851 3241 3904 in
3271 3850 3462 3904 eadem

1881 3920 2094 3973 basilica
2120 3919 2359 3984 sepultis.

1958 4012 1968 4046 ¹
2007 4009 2310 4079 Legendum
2342 4008 2478 4062 hiud
2509 4009 2669 4064 dubie
2699 4009 2940 4064 Neuster.

1955 4101 1968 4150 i
2007 4101 2096 4154 Sic
2125 4115 2234 4153 mss
2266 4141 2281 4163 ,
2315 4109 2504 4166 printer
2545 4103 2677 4152 Itoh.
2712 4103 2797 4168 qui
2831 4103 2990 4155 habet
3022 4101 3208 4154 Remus
3253 4103 3465 4158 venisset

1878 4171 2224 4241 suggestione:
2263 4171 2618 4238 praecedens.
2649 4169 2751 4224 Ch.
2783 4183 2834 4224 ct
2882 4171 3065 4234 Freh.,
3111 4173 3324 4224 venisset
3376 4191 3466 4241 per

1879 4242 2219 4309 suggestiones
2245 4242 2507 4292 accedens.
2537 4245 2869 4310 Anonymus,
2895 4245 2980 4308 qui
3005 4251 3149 4311 gesta
3184 4244 3463 4307 Dagoberti

1879 4312 2109 4378 scripsit,
2149 4311 2298 4364 habet
2348 4326 2561 4379 cumque
2593 4312 2762 4365 Remis
2790 4314 3022 4372 venisset,
3056 4316 3311 4380 suggestio
3341 4330 3462 4379 per-

1883 4385 2145 4434 accedens.
2178 4383 2243 4434 Et
2292 4381 2395 4433 isto
2452 4383 2609 4434 tundo
2653 4381 2735 4434 Itic
2786 4384 2884 4451 legi
2937 4383 3133 4435 debere
3185 4385 3464 4437 conteudt

1800 4453 1852 4512 D
1875 4451 2136 4528 Cointius.
2168 4451 2411 4505 Nostram
2444 4451 2724 4528 lectionem
2761 4455 2915 4506 habet
2944 4451 3265 4506 Chronicum
3296 4455 3464 4508 sancti

1886 4521 2132 4592 Benigni.

1956 4610 1983 4650 ¹ι
2013 4611 2262 4665 Nonnulli
2295 4612 2415 4676 Ed.,
2441 4613 2528 4664 sed
2568 4623 2613 4666 et
2654 4613 2905 4665 Austrasii

1960 4702 1978 4740 ὶ
2011 4702 2107 4757 Clt.
2141 4703 2238 4767 aL,
2286 4703 2627 4773 Neptricium.
2664 4705 2820 4768 Boh.,
2855 4705 3222 4773 Neplrico..."
3251 4706 3320 4759 ad
3363 4706 3468 4759 Da-

1884 4774 2163 4844 gobertum.

1957 4867 2225 4938 mrAlii,Aet
2265 4876 2455 4938 montes
2486 4865 2774 4938 Pyrenaeos.
2810 4865 2954 4922 Citra
2978 4867 3206 4938 Ligerim
3235 4871 3473 4938 appellat

1888 4935 2236 5003 Fredegarius
2262 4937 2400 5002 quod
2439 4935 2540 4989 nos
2581 4937 2797 4990 Parisiis
2834 4941 2971 4992 ultra
2997 4935 3316 4992 diceremus.
3346 4937 3466 4992 Οερ-

1886 5019 2056 5059 terum
2086 5005 2253 5076 prima
2300 5005 2397 5058 hac
2428 5010 2543 5060 vice
2587 5017 2711 5061 natu
2745 5009 2918 5061 minor
2959 5027 2986 5060 a
3037 5020 3256 5073 paterno
3303 5023 3465 5076 regno

1885 5077 2133 5130 exclusus
2185 5074 2303 5138 fuit,
2356 5092 2473 5139 utne
2513 5080 2842 5130 consuetudo
2887 5080 3085 5131 sensim
3134 5074 3465 5131 invalescens

1854 5170 1856 5173 -
1887 5147 1939 5199 in
1991 5148 2158 5215 legem
2211 5143 2419 5198 tandem
2461 5149 2687 5200 transiit.
2722 5146 2849 5201 Vide
2884 5147 3056 5200 Vales.
3082 5147 3171 5201 lib.
3215 5162 3302 5199 xu
3335 5147 3464 5203 Iter.

1887 5216 2127 5271 Franrtc.

1957 5317 1984 5343 ιι
2017 5308 2145 5361 Bob.
2191 5307 2370 5373 habet,
2404 5305 2692 5359 Chariberto
2729 5306 2796 5356 ad
2825 5306 3204 5376 transigendum
3225 5307 3467 5377 potuisset

1885 5379 2143 5448 sufficere,
2175 5380 2437 5436 concessit.
2466 5377 2676 5429 cmtetis
2707 5377 2940 5428 omissis.

1958 5478 1981 5504 ο
2013 5467 2211 5524 Chesn.
2237 5479 2288 5522 et
2313 5468 2468 5524 Freb.
2488 5469 2581 5530 al.,
2612 5465 2922 5533 Equituuicw
2943 5483 2958 5529 ;
2983 5478 3034 5522 at
3056 5469 3144 5524 alii
3170 5469 3292 5536 Ed.,
3312 5470 3468 5540 Aqui-

1889 5541 2058 5593 tania}.
2133 5544 2137 5547 ’

1958 5650 1986 5687 r
2012 5637 2165 5689 Anno
2187 5634 2218 5684 5
2244 5635 2389 5702 regni
2419 5631 2570 5686 obiit.
2604 5629 2798 5685 Confer
2825 5645 2942 5700 cap.
2967 5633 3058 5685 (Π.
