4020 6194
183 273 305 331 ῦιῖ

1662 284 2082 342 CIIRONICUM.

3388 299 3492 354 646

183 391 386 461 gttatio
416 394 536 460 ejus
579 391 913 456 recessisset,
949 401 1128 450 tamen
1163 405 1364 464 postea,
1395 405 1555 469 atque
1598 402 1797 456 utinam
1829 404 1876 459 Α
1907 409 2205 454 maverunt.
2233 400 2355 454 PoSt
2387 407 2498 458 haec
2521 403 2962 478 Cnnstantinopol
2990 427 3040 465 m
3063 412 3244 467 sedem
3277 415 3488 484 imperii

185 488 268 541 ilii
297 487 364 540 ad
386 486 687 541 mercedem
721 501 900 542 veram
930 486 1062 542 lucri
1091 489 1300 556 fuisset,
1331 507 1452 545 nam
1485 493 1787 564 eleemosy-

184 592 317 630 nam
348 577 670 645 pauperibus
706 591 867 648 supra
907 578 1122 632 modum
1155 580 1373 650 largiter
1419 585 1698 654 erogabat,
1743 585 1787 637 si

182 666 356 736 hujus
388 669 463 722 rei
505 667 769 738 sagacitas
807 669 1116 738 cupiditatis
1143 668 1393 726 instinctu
1440 690 1543 727 non
1580 689 1787 743 przepe-

182 760 383 824 disset,
415 775 636 826 regnum
669 769 725 814 ut
753 761 987 815 creditur
1018 765 1300 818 meruisset
1332 776 1614 822 aeternum.

261 849 403 903 LXI.
446 848 575 903 Cum
623 849 807 904 Ieudes
851 851 930 904 sui
976 851 1092 921 ejus
1143 855 1434 922 nequitiam
1485 868 1784 925 gemerent,

184 955 311 993 mre
342 955 570 994 cernens
598 941 876 1010 Pippinus,
913 958 1033 996 cum
1065 955 1208 999 esset
1238 949 1445 1002 cautior
1473 951 1704 1013 cunctis,
1736 960 1790 1004 et

181 1035 514 1090 consiliosus
538 1034 716 1099 valde,
752 1037 1094 1104 plenissimus
1124 1039 1248 1104 lide,
1285 1041 1351 1093 ab
1382 1043 1631 1095 omnibus
1657 1043 1791 1097 dile-

184 1135 332 1190 ctus,
366 1141 461 1193 pro
503 1126 722 1194 jttstitize
766 1142 951 1181 amore
980 1144 1081 1197 qua
1115 1130 1468 1198 Dagohertum
1503 1133 1789 1188 consiliose

185 1217 542 1282 inStruxerat,
568 1217 693 1270 dum
726 1232 826 1270 suo
849 1235 975 1272 usus
1008 1220 1178 1274 fuerat
1208 1222 1454 1286 consilio,
1482 1225 1580 1277 sibi
1609 1238 1785 1278 tamen

183 1322 290 1360 nec
318 1307 608 1377 quidquam
652 1308 856 1364 oblitus
881 1311 1122 1379 justitite,
1156 1328 1329 1382 neque
1360 1315 1615 1368 recedens
1644 1331 1671 1367 a
1706 1317 1787 1369 via

185 1399 453 1454 bonitatis
476 1443 493 1470 ,
522 1415 644 1454 cum
676 1401 753 1478 ad
777 1403 1132 1471 Dagohertum
1163 1406 1463 1471 accederet,
1500 1408 1788 1476 prudenter

183 1492 385 1559 agebat
416 1491 468 1544 in
495 1493 723 1558 cunctis,
757 1501 814 1546 et
841 1503 1054 1547 cautum
1084 1510 1143 1550 se
1172 1498 1226 1549 in
1256 1499 1506 1551 omnibus
1537 1501 1786 1554 ostende-

185 1582 311 1644 bat;
349 1583 523 1635 zelum
556 1581 698 1653 [Ch.,
720 1581 887 1654 zelus]
910 1584 1313 1641 Austrasiorum
1345 1588 1605 1644 adversus
1638 1606 1785 1643 eum-

185 1669 313 1724 dem
359 1669 708 1725 vehementer
752 1673 1094 1742 suggerebat,
1131 1682 1190 1728 ut
1232 1675 1391 1730 etiam
1445 1677 1614 1744 ipsum
1666 1694 1784 1732 cum

1894 491 2313 561 propinquantes
2339 494 2617 552 destruere
2646 501 3000 556 conabantur.
3037 504 3330 574 Egrediens
3351 522 3476 564 cum

1893 587 2130 639 exercitu
2179 587 2452 643 lleraclius
2497 591 2744 658 obviam,
2796 596 2984 665 legatis
3033 599 3480 667 discurrentibus,

1893 675 2168 731 lleraclius
2201 679 2573 747 imperatorem
2597 685 2898 754 Persarum,
2917 692 3136 745 nomine
3164 691 3403 750 Cosdroe
3425 695 3481 764 (³,

1896 766 2046 834 petiit
2092 778 2146 820 ut
2196 769 2248 822 hi
2298 770 2403 824 duo
2456 772 2809 840 imperatores
2873 781 3127 840 singulari
3187 787 3484 842 certamine

1893 856 2369 926 coniungerentur,
2397 877 2652 931 suspensa
2685 870 2866 933 procul
2901 871 3176 940 utriuSque
3207 875 3480 931 exercitus

1895 949 2261 1015 multitudine;
2289 963 2344 1006 et
2366 955 2447 1007 cui
2478 955 2698 1009 victoria
2723 972 3068 1025 prmsmretur
3089 965 3155 1015 ah
3183 965 3478 1034 Altissimo,

1893 1038 2173 1107 imperium
2224 1042 2340 1112 ejus
2376 1047 2462 1112 qui
2507 1048 2818 1103 vintebatur
2865 1061 2919 1105 et
2961 1055 3208 1122 pupulum
3252 1057 3480 1112 illatsum

1894 1132 2179 1200 reciperet.
2211 1132 2506 1203 Imperator
2549 1137 2832 1194 Persarum
2882 1144 2979 1197 hac
3017 1147 3388 1202 convenientia
3417 1167 3480 1205 se

1892 1237 2230 1291 cgressurum
2258 1227 2321 1279 ad
2351 1228 2590 1294 pra-lium
2622 1231 2882 1299 singulari
2910 1236 3200 1289 certamine
3237 1254 3476 1307 spopon-

1892 1313 1989 1367 dit.
2039 1315 2314 1371 Ilcraclius
2365 1319 2656 1388 imperator
2703 1337 2851 1377 arma
2894 1340 3112 1381 sumens
3153 1329 3308 1382 telam
3342 1344 3477 1398 pra:-

1892 1405 1946 1458 Iii
1981 1414 2004 1442 °
2034 1416 2089 1460 et
2139 1409 2456 1477 phalangem
2487 1428 2515 1464 a
2547 1415 2660 1469 suis
2709 1425 2830 1483 post
2869 1426 3074 1489 tergum
3124 1405 3476 1492 praeparatam
3508 1494 3509 1497 η

1893 1496 2200 1566 relinquens
2230 1541 2245 1565 ,
2298 1502 2552 1571 singulari
2600 1509 2916 1575 certamine,
2965 1524 3022 1565 ut
3069 1528 3238 1568 novus
3287 1515 3477 1580 David,

1893 1592 2130 1659 procedit
2178 1592 2245 1646 ad
2294 1593 2513 1650 bellum.
2558 1599 2852 1667 Imperator
2897 1603 3183 1659 Persarum
3214 1603 3478 1664 Cosdroes

1894 1683 2172 1750 patricium
2225 1689 2506 1752 quemdam
2553 1705 2619 1744 ex
2668 1691 2800 1759 suis,
2829 1709 2988 1764 quem
3042 1697 3390 1754 fortissimum
3423 1702 3476 1755 in

187 1761 248 1816 D.
271 1760 502 1829 guberto
546 1773 874 1817 conarentur
902 1763 1075 1819 facere
1122 1764 1386 1830 odiosum,
1416 1776 1471 1819 ut
1502 1769 1672 1834 potius
1708 1769 1785 1822 in-
1821 1781 1866 1840 Β
1895 1773 2081 1839 praelio
2126 1789 2350 1831 cernere
2381 1788 2646 1849 potuerat,
2684 1760 3260 1851 Itujus‘convenientiae
3301 1793 3365 1844 ad
3397 1793 3478 1846 in-

187 1855 550 1908 terficeretur.
590 1855 694 1910 Sed
726 1855 946 1924 iustitia:
995 1873 1146 1912 amor
1173 1868 1225 1912 et
1266 1858 1360 1913 Dei
1415 1861 1592 1924 timor,
1625 1877 1781 1926 quem

185 1943 482 2013 diligenter
511 1944 790 2013 amplexus
824 1943 1026 2011 fuerat,
1059 1947 1230 2014 ip~um
1278 1948 1521 2002 liberavit
1548 1965 1574 2002 a
1607 1951 1781 2004 malis.

188 2038 308 2107 Ipse
330 2053 461 2092 vero
495 2052 560 2091 eo
588 2053 730 2091 anno
770 2053 890 2093 cum
940 2038 1208 2094 Si4iberto
1249 2040 1359 2094 lilio
1393 2041 1683 2111 Dagobetti
1716 2045 1781 2097 ad

188 2129 564 2185 Charihertum
599 2147 785 2203 regem
813 2133 1058 2186 accessit.

258 2224 425 2280 LXII.
467 2222 846 2290 Charibertus,
900 2225 1200 2280 Aurelianis
1253 2227 1504 2292 veniens,
1545 2226 1785 2298 Sigiber-

190 2323 300 2368 tum
329 2315 398 2370 de
425 2325 611 2370 saneto
638 2317 850 2371 lavacro
878 2319 1088 2385 excepit
1111 2326 1158 2370 ⁸.
1193 2316 1324 2386 ίΕεθ
1359 2333 1485 2372 vero
1513 2334 1540 2370 a
1573 2324 1782 2372 caeteris

191 2404 494 2475 Neptrasiis
541 2403 568 2443 δ
609 2407 833 2460 consilio
882 2407 1164 2476 Dagoberti
1221 2417 1338 2461 erat
1386 2410 1650 2464 assiduus.
1705 2411 1784 2464 Eo

189 2509 332 2551 anno
355 2497 514 2565 legati
550 2497 864 2566 Dagoberti,
898 2513 1034 2564 quos
1062 2497 1126 2550 ad
1159 2498 1459 2552 IIeraclium
1491 2499 1783 2568 imperato-

193 2602 300 2641 rem
323 2587 617 2654 direxerat,
638 2588 720 2642 his
739 2589 1045 2643 nominibus
1061 2590 1316 2645 Servatus
1333 2589 1464 2662 [Αι.,
1483 2593 1782 2664 Servatius]

193 2688 242 2734 et
284 2679 581 2744 Paternus,
636 2681 702 2734 ad
757 2681 1005 2734 eumdem
1057 2691 1422 2747 revertuntur,
1476 2683 1784 2736 nuntiantes

193 2787 371 2842 pacem
408 2783 720 2842 perpetuam
751 2789 869 2827 eum
918 2773 1167 2828 Heraclio
1198 2774 1460 2829 lirmasse.
1495 2777 1626 2830 Acta
1657 2793 1783 2831 vero

191 2865 434 2920 miraculi
459 2881 578 2934 quae
597 2866 664 2920 ab
680 2865 925 2920 Heraclio
943 2865 1079 2919 facta
1093 2877 1212 2920 sunt
1231 2884 1333 2919 non
1353 2871 1778 2935 praetermittam.

259 2980 440 3036 LXIII.
464 2981 738 3035 lleraclius
762 2997 880 3035 cum
905 2991 1047 3036 esset
1072 2982 1324 3051 patricius
1343 2980 1461 3054 [δὴ.
1486 2985 1573 3036 ad.
1599 2986 1780 3057 supch

182 3073 468 3127 universas
500 3071 692 3126 Africae
723 3072 1050 3142 provincias,
1073 3083 1127 3127 et
1161 3072 1348 3138 Focas,
1374 3076 1464 3143 qui
1501 3078 1781 3147 tyrannico

1887 1873 1999 1918 star
2029 1880 2125 1932 pro
2154 1881 2213 1922 se
2240 1879 2424 1923 contra
2450 1871 2749 1928 iIeraclium
2777 1877 2840 1929 ad
2876 1880 3226 1948 praeliandum
3255 1883 3475 1939 direxit.

1884 1957 2128 2028 Cumque
2173 1971 2396 2032 uterque
2449 1979 2568 2019 cum
2624 1969 2798 2038 equis,
2841 1970 2894 2022 hi
2944 1973 3050 2026 duo
3094 1977 3478 2044 congressione

1886 2050 2052 2117 νηί)Ιῆ
2100 2052 2152 2105 in
2203 2054 2429 2110 invicem
2485 2059 2924 2129 propinquarent,
2962 2063 3242 2120 lleraclius
3287 2068 3362 2120 ait
3408 2069 3475 2121 ad

1885 2141 2195 2208 patricium,
2227 2159 2388 2213 quem
2439 2147 2816 2216 imperatorem
2851 2151 3133 2207 Persarum
3179 2156 3473 2211 Cosdroem

1885 2234 2206 2300 mstimabat,
2237 2236 2422 2290 dicens
2447 2255 2460 2292 :
2485 2239 2574 2293 Sic
2611 2253 2939 2297 convenerat
2973 2255 3028 2300 ut
3057 2247 3328 2316 singulare
3354 2265 3474 2306 cer-

1886 2333 2063 2378 tamen
2111 2327 2274 2398 639
2321 2329 2666 2396 pra-Iiandum
2721 2334 3095 2393 debuissemus
3141 2340 3473 2410 conﬂigere,

1884 2429 2051 2482 quare
2096 2427 2212 2484 post
2263 2429 2468 2488 tergum
2515 2432 2660 2476 tuum
2709 2425 2802 2479 alii
2853 2430 3181 2496 sequuntur?
3214 2431 3474 2487 Patricius

1886 2502 1974 2558 ille
2020 2521 2213 2574 gyraos
2260 2519 2450 2576 caput,
2479 2519 2536 2562 ut
2579 2515 2918 2581 conspiceret
2965 2518 3053 2585 qui
3100 2531 3222 2588 post
3265 2530 3472 2591 tergum

1886 2595 1999 2664 ejus
2028 2599 2292 2664 venirent,
2320 2601 2590 2654 lleraclin~
2621 2619 2816 2670 equum
2842 2608 3092 2662 calcar-eu
3125 2611 3473 2667 vehementer

1887 2703 2101 2758 urgens,
2135 2697 2426 2746 extrahens
2472 2709 2632 2746 uxum
2671 2692 2689 2730 ί
2727 2708 2885 2764 caput
2933 2703 3136 2766 patricii
3184 2702 3472 2760 Pets:trttttl

1885 2782 2167 2834 truncavit.
2202 2780 2474 2837 Cosdroes
2526 2784 2816 2852 imperator
2845 2804 2963 2840 t'tttn
3013 2787 3190 2844 Persis
3232 2791 3473 2848 devictus

1885 2881 1939 2924 et
1981 2873 2259 2939 confusus,
2290 2885 2437 2944 terga
2487 2887 2702 2930 vertens
2733 2893 2761 2929 a
2795 2881 2904 2932 suis
2937 2883 3168 2950 propri:s
3199 2887 3474 2951 tyrannica

1887 2965 2073 3020 ordine
2116 2966 2457 3022 interﬁcitur.
2508 2968 2684 3024 Persa:
2731 2981 2877 3039 terga
2924 2983 3192 3028 vertentes
3220 2979 3283 3029 ad
3318 2979 3474 3033 sedes

1886 3067 2128 3110 remeant
2156 3064 2418 3127 proprias.
2447 3060 2722 3115 lleraclius
2749 3073 2940 3118 evectu
2969 3066 3144 3119 navali
3170 3082 3290 3121 cum
3319 3084 3473 3123 exer-

187 3163 373 3216 ordine
420 3162 732 3217 Mauricium
777 3163 1153 3233 imperatorem
1213 3165 1576 3230 interfecerat,
1607 3166 1777 3237 impe-

1893 3147 1994 3201 citu
2044 3145 2233 3201 Persas
2283 3149 2600 3219 ingreditur,
2629 3161 2903 3224 totamque
2935 3156 3209 3230 Persidam
3252 3175 3361 3214 sua:
3393 3161 3474 3214 di-

191 3254 436 3322 riumque
456 3253 622 3324 638
646 3262 920 3321 rapuerat,
941 3255 1270 3323 nequissime
1295 3268 1522 3325 regeret,
1549 3272 1600 3310 et
1624 3260 1784 3311 modo

189 3345 441 3399 amentia:
484 3345 766 3397 thesauros
808 3344 858 3396 in
893 3359 1040 3396 mare
1090 3343 1392 3412 projiceret.
1423 3347 1609 3401 dicens
1639 3354 1779 3418 quod

188 3435 438 3504 Neptuno
489 3449 711 3489 munera
760 3435 934 3501 daret,
979 3445 1257 3488 senatores
1308 3434 1593 3493 cernentes
1641 3441 1780 3507 quod

192 3528 349 3581 vellet
397 3526 683 3594 imperium
711 3541 830 3594 per
869 3525 1151 3602 stultitiam
1199 3529 1479 3582 destruere
1505 3569 1519 3591 ,
1553 3526 1785 3585 factione

193 3616 426 3672 lleraclii
463 3615 716 3670 Focatem
761 3617 1156 3684 apprehensum
1203 3630 1422 3672 senatus
1463 3621 1703 3674 manibus
1732 3633 1786 3675 et

195 3705 420 3774 pedibus
472 3706 730 3758 truncatis
780 3705 955 3772 lapide
997 3706 1061 3759 ad
1110 3708 1302 3760 collum
1351 3707 1512 3776 ligato
1553 3709 1604 3762 in
1638 3725 1785 3764 mare

194 3796 508 3866 projiciunt.
543 3796 818 3851 iletaclius
844 3813 1112 3852 consensu
1149 3809 1368 3854 senatus
1399 3800 1453 3852 in
1503 3800 1782 3870 imperium

194 3888 510 3942 sublimatur
564 3898 611 3955 ε,
636 3903 756 3942 cum
796 3887 1134 3944 infestatione
1176 3892 1456 3944 Persarum
1500 3891 1782 3962 imperium

197 3979 528 4049 temporibus
572 3979 809 4034 Mauricii
841 3991 897 4036 et
928 3979 1137 4037 Focatis
1183 3984 1564 4051 imperatorum
1600 3985 1783 4040 multa:

195 4070 488 4137 provinciae
518 4071 745 4125 fuissent
776 4079 1016 4125 vastatas.

192 4213 198 4218 ,
268 4159 456 4215 LXIV.
505 4161 653 4215 Mure
681 4161 841 4215 solito
869 4161 1045 4216 denuo
1072 4172 1254 4215 contra
1285 4162 1584 4218 Heraclium
1613 4177 1783 4232 unpe-

197 4261 338 4307 rator
367 4253 650 4307 Persarum
693 4267 814 4306 cum
844 4255 1082 4308 exercitu
1105 4270 1356 4322 surgens,
1387 4255 1782 4310 Chalcedonam

198 4344 464 4398 civitatem
516 4359 614 4398 nec
662 4346 845 4412 procul
895 4361 925 4398 a
979 4345 1485 4415 ConstantinOpoIi,
1516 4358 1784 4403 vastantes

202 4436 375 4490 Persae
423 4437 712 4504 provinciae
743 4435 758 4507 [
791 4433 1037 4502 Forsan,
1073 4437 1411 4508 provincias]
1447 4440 1779 4508 reipublicae,

1893 3238 2018 3292 tioni
2045 3240 2255 3311 redigit,
2273 3243 2444 3309 captis
2464 3244 2658 3299 exinde
2682 3247 2861 3301 multis
2881 3247 3170 3317 thesauris,
3192 3258 3245 3316 et
3267 3263 3473 3319 septem

1887 3330 2294 3388 zEltiarnitissz
2341 3336 2508 3390 tribus
2553 3338 2705 3391 annis
2753 3339 2968 3395 circiter
3024 3341 3241 3397 Persida
3273 3354 3474 3406 vastata

1886 3423 2003 3491 ejus
2032 3424 2219 3478 ditioni
2247 3426 2545 3496 subjicitur.
2591 3428 2718 3484 Post
2751 3433 2864 3486 htec
2891 3433 3068 3488 denuo
3101 3435 3279 3491 Persa:
3312 3437 3455 3508 impe

1887 3530 2119 3570 ratorem
2151 3531 2312 3584 super
2337 3535 2397 3574 se
2427 3531 2611 3576 creant
2641 3520 2688 3576 ιι.

1960 3611 2118 3666 LXV.
2157 3613 2432 3669 lleraclius
2475 3616 2770 3684 imperator
2799 3628 2914 3672 erat
2945 3621 3222 3689 speciosus
3249 3637 3475 3692 conspe~

1887 3712 1996 3767 ctu,
2052 3703 2271 3770 pu'ehra
2327 3705 2480 3772 faeie,
2531 3717 2698 3761 status
2751 3710 2917 3761 forma
2963 3711 3135 3779 digna:
3185 3727 3473 3779 mensurae,

1889 3795 2209 3849 fortissimus
2241 3799 2474 3862 caeteris,
2500 3811 2762 3866 pugnator
2791 3803 3056 3869 egregius.
3091 3802 3220 3858 Nam
3251 3815 3305 3858 et
3329 3820 3474 3874 saepe

1888 3886 2067 3940 leones
2094 3885 2146 3939 in
2169 3899 2352 3949 arena,
2381 3895 2435 3939 et
2459 3889 2678 3943 inermis
2707 3890 2882 3958 plures
2913 3892 3159 3961 singulus
3185 3893 3474 3948 interfecit.

1887 3975 2017 4030 Cum
2049 3985 2189 4029 esset
2222 3975 2414 4029 litteris
2446 3977 2670 4032 nimium
2717 3982 2960 4034 eruditus
2981 4022 2994 4046 ,
3028 3983 3331 4052 astrologus
3361 3987 3474 4037 em.

1887 4067 2044 4131 citur,
2076 4083 2167 4136 per
2190 4071 2328 4135 quod
2359 4083 2584 4122 cernens
2610 4085 2638 4122 a
2665 4070 2998 4123 circumcisis
3024 4074 3272 4140 gentibus
3296 4076 3475 4129 divino

1891 4170 2016 4212 nuttt
2066 4158 2346 4220 imperium
2378 4171 2497 4211 esse
2529 4158 2864 4222 vastandum,
2896 4161 2959 4212 ad
2996 4161 3356 4232 Dagobertum
3390 4182 3474 4220 re-

1888 4265 2006 4320 gem
2060 4250 2386 4304 Francorum
2436 4251 2709 4320 dirigens,
2751 4254 2882 4320 petit
2932 4264 2986 4307 ut
3029 4268 3217 4309 omnes
3261 4255 3475 4310 .Iudzeos

1891 4345 2038 4414 regni
2070 4344 2152 4398 sui
2183 4344 2246 4396 ad
2297 4344 2453 4398 fidem
2485 4343 2794 4397 catholicam
2846 4345 3191 4414 baptizandos
3224 4349 3476 4418 pta-eripe.

1891 4449 1993 4501 ret,
2024 4437 2164 4506 quod
2198 4438 2438 4503 protinus
2490 4435 2824 4506 Dagobertus
2851 4436 3091 4506 implevit
3122 4435 3164 4491 ί.
3198 4439 3474 4495 lleraclius

200 4527 588 4596 pervenis~eut,
615 4540 840 4595 eamque
885 4537 1231 4595 erumpentes
1281 4527 1527 4583 incendio
1556 4546 1783 4586 concre-
1820 4526 1866 4583 D
1899 4544 1993 4600 per
2018 4544 2204 4584 omnes
2234 4528 2534 4598 provincias
2581 4527 2792 4582 inzuerii
2823 4529 2983 4582 talem
3017 4529 3265 4600 idemque
3297 4530 3478 4587 facere

275 4689 312 4750 ιν
327 4679 521 4733 Narrat
537 4678 950 4750 Bauu‘emundus
967 4684 1019 4732 in
1041 4679 1156 4734 Vita
1175 4681 1343 4734 saneti
1367 4683 1592 4736 Ant-andi
1613 4698 1784 4750 epise.

202 4749 576 4817 Trajeclettsis,
607 4747 760 4817 cujus
787 4749 1078 4818 dIScipulus
1109 4752 1206 4804 fuit
1227 4793 1243 4812 ,
1275 4752 1598 4818 Sigibertum
1626 4747 1692 4807 ab
1719 4770 1785 4809 eo

201 4819 521 4886 baptizatum
554 4820 740 4880 fuisse.
771 4834 942 4886 eaque
965 4822 1246 4876 occasione
1293 4824 1610 4877 miraculum
1655 4825 1784 4879 insi-

199 4906 296 4960 gne
325 4888 636 4959 contigisse.
666 4889 797 4943 Nam
825 4905 945 4944 cum
978 4893 1059 4945 vir
1086 4905 1300 4947 sanctus
1333 4895 1615 4959 puerulum
1644 4907 1784 4949 cate-

201 4962 519 5014 chumenum
565 4960 791 5024 faceret,
824 4973 876 5012 et
925 4975 1084 5015 rietno
1131 4965 1480 5028 responderet
1527 4967 1778 5029 orationi,

203 5031 450 5106 puerulus
475 5031 614 5106 clara
640 5046 778 5106 voce
798 5032 1070 5098 respondit
1095 5036 1275 5106 Amen,
1297 5037 1436 5104 quod
1463 5037 1603 5104 apud
1635 5036 1778 5106 Clip-

202 5101 408 5168 piacum
439 5101 701 5155 accidisse
729 5101 870 5154 idem
900 5113 1086 5156 auctor
1115 5105 1305 5158 innuit.

325 5172 426 5226 Ed.
451 5171 675 5238 aliquot,
705 5188 765 5225 ac
802 5175 998 5226 coetu-is
1043 5175 1340 5229 Austrtuiis.
1381 5175 1446 5230 Et
1478 5177 1635 5240 infra,
1668 5190 1778 5233 erat

199 5243 262 5294 ad
289 5242 539 5305 insidias;
572 5241 787 5306 Bolter.,
817 5245 885 5296 ad
914 5244 1139 5300 insidiis.

269 5325 290 5352 ε
323 5312 612 5384 lleraclius
649 5326 861 5384 creatus
900 5323 983 5367 est
1026 5316 1316 5384 imperator
1353 5331 1420 5370 an
1451 5317 1578 5370 610.
1608 5317 1777 5372 Chos-

201 5385 354 5437 droes
379 5398 469 5436 an.
515 5381 620 5455 6ιᾷ
667 5383 1058 5455 Jerosolymam
1104 5381 1278 5453 cepit,
1339 5397 1392 5440 et
1437 5389 1568 5442 Saes
1613 5389 1777 5455 ipsius

200 5455 528 5523 exereitn_nm
585 5452 777 5506 ductor
818 5452 1206 5523 Ctialeedonem
1233 5500 1250 5523 ,
1296 5452 1669 5512 Alexandriam
1726 5470 1780 5512 et

203 5533 356 5595 totam
385 5519 678 5595 Egyptutn
706 5539 793 5576 an.
825 5522 930 5578 615
951 5535 1042 5579 aut.
1068 5519 1332 5595 sequenti.
1367 5529 1466 5580 An.
1494 5544 1620 5581 vero
1647 5530 1771 5594 62'»,

203 5594 470 5649 lleraclius
498 5593 551 5645 itt
584 5599 726 5660 ipSOs
753 5597 1044 5649 exercitum
1089 5593 1274 5660 tnovit,
1301 5608 1353 5650 et
1381 5597 1659 5651 Cltosdroe
1683 5593 1770 5651 an.

202 5665 300 5718 628
330 5665 533 5731 fugato,
571 5673 679 5716 tum
725 5679 853 5731 pace
901 5681 1019 5719 eum
1052 5667 1232 5721 δίει-ορ
1277 5669 1420 5721 illius
1465 5668 1570 5720 tilio
1611 5668 1770 5730 inita,

201 5747 410 5791 crucem
439 5741 680 5790 sanctam
699 5771 714 5799 ,
744 5749 860 5804 quae
883 5737 936 5792 in
967 5738 1237 5793 Persidem
1265 5738 1438 5793 delata
1469 5737 1656 5805 fuerat,
1681 5751 1771 5792 re-

1891 4685 2052 4752 cepit,
2090 4699 2152 4737 ac
2197 4683 2427 4756 solemni-
2469 4698 2678 4756 pompa
2705 4681 3057 4756 .Ierosolymis
3108 4688 3356 4742 restituit.
3396 4689 3473 4743 De

1891 4756 1972 4809 bis
2024 4755 2140 4808 fuse
2194 4754 2587 4824 'l‘heOpbanes,
2642 4753 2934 4812 Ccdrenus'
2971 4771 3023 4812 et
3076 4759 3166 4812 alii
3221 4773 3474 4815 auCtores

1889 4826 2084 4882 Grmci.

1957 4894 1983 4933 ἀ
2013 4894 2153 4950 Edit.
2187 4903 2291 4966 vel.
2325 4905 2379 4949 et
2421 4895 2580 4966 (lites.
2613 4896 2706 4960 aI.,
2741 4897 3035 4963 Construes,
3071 4912 3168 4952 seu
3197 4898 3456 4966 Costrues,

1883 4979 1939 5022 et
1965 4968 2190 5022 Costrus.
2227 4965 2382 5030 Bob.,
2409 4965 2676 5030 Conslrue,
2711 4978 2764 5021 et
2790 4969 2867 5021 sic
2895 4968 3053 5022 infra.

1962 5048 1984 5075 ε
2011 5039 2185 5104 Colb.,
2214 5052 2418 5107 sumens
2445 5039 2544 5090 tela
2571 5047 2653 5100 et;
2683 5039 2753 5090 al.
2792 5038 2912 5099 Ed.,
2943 5050 2992 5090 et
3023 5037 3312 5107 phalangis.

1965 5107 1982 5146 ί
2015 5108 2104 5162 Sic
2130 5107 2306 5167 Clar.,
2343 5106 2456 5159 Pal.
2499 5117 2550 5160 et
2579 5107 2735 5162 Freh.
2788 5107 2842 5178 In
2892 5108 3044 5162 Colb.
3079 5108 3273 5161 detrito
3303 5109 3468 5178 primi

1885 5181 2142 5233 vocabulo
2170 5179 2425 5248 scriptum
2449 5187 2533 5232 est
2552 5194 2741 5231 ensem.
2770 5175 2870 5230 Cb.
2904 5178 2973 5230 al.
3007 5185 3060 5231 et
3085 5178 3175 5230 alii
3200 5175 3322 5245 Ed.,
3353 5182 3468 5250 gla-

1885 5250 2047 5302 dium.

1958 5329 1982 5364 κ
2013 5319 2102 5376 Sic
2127 5317 2269 5374 Clar.
2315 5327 2369 5373 et
2415 5318 2554 5379 Col.,
2585 5316 2745 5371 Ches.
2781 5318 2852 5371 al.
2893 5329 2946 5371 et
2995 5320 3196 5372 caeteri.
3247 5321 3470 5378 Veteres

1891 5390 1987 5444 Ed.
2017 5389 2474 5460 incautelitteras
2527 5389 2830 5460 numer-ales
2882 5391 3198 5460 \‘ttrnomini
3250 5395 3467 5460 proprio

1883 5461 2190 5526 jungentes,
2231 5459 2610 5519 Walliarnitis;
2646 5458 2736 5511 Pal
2770 5498 2784 5518 ,
2813 5474 2864 5512 Iv
2893 5459 3216 5513 Az'ltiarnitis
3232 5458 3261 5522 :7
3281 5458 3374 5517 Cb.
3413 5478 3466 5518 ct

1887 5531 2070 5590 I~‘relr.,
2096 5543 2284 5598 septem
2329 5531 2558 5583 Arnitis:
2595 5529 2690 5593 al.,
2721 5529 2907 5583 Λίιιίε.
2939 5531 3097 5596 ltob.,
3124 5530 3464 5589 Celtiarnitis.

1951 5601 2151 5654 1“Edtti
2199 5617 2316 5654 cum
2364 5599 2544 5667 Gulb.,
2597 5602 2763 5651 denuo
2815 5598 3001 5654 Persas
3047 5601 3328 5672 imperator
3375 5622 3467 5657 su-

1887 5684 2052 5737 perat.

1955 5736 1970 5774 ί
2007 5741 2148 5796 Idem
2181 5739 2379 5796 fecerat
2409 5739 2655 5808 Cltilperi-
2679 5755 2739 5794 us
2767 5756 2830 5794 ex
2872 5742 3092 5812 Gregor.
3121 5743 3215 5797 lib.
3251 5757 3323 5807 v1,
3348 5755 3449 5810 cap
