4020 6194
558 255 660 310 647

1722 247 2149 304 FREDEGARII
2190 246 2639 307 SCIIOLASTICI

3725 252 3832 308 0.5.3

559 366 830 432 decrevit;
863 365 1138 434 ignorabat
1167 364 1308 420 enim
1333 363 1475 419 unde
1506 362 1619 419 litec
1645 363 1922 417 calamitas
1950 370 2137 417 contra
2168 371 2215 424 Α
2248 361 2437 415 ﬁnivit.
2462 359 2561 415 Cui
2591 358 2848 416 successit
2871 361 2921 415 in
2955 361 3160 430 imperii
3187 361 3413 432 gradum
3443 363 3831 421 Constantinus

562 457 843 528 imperium
872 466 1136 527 surgeret.

635 554 814 610 LXVI.
875 555 1139 624 Agareni,
1173 555 1261 625 qui
1320 562 1373 609 et
1415 552 1722 617 Sarraceni,
1770 552 1911 606 sicut
1966 550 2141 604 Orosii

564 640 715 718 ζΒιινΙι.
744 646 971 716 Eorosii]
997 647 1127 701 liber
1164 654 1409 711 testatur,
1441 660 1571 713 gens
1593 644 1902 697 circumcisa
1926 657 1954 695 a
1978 642 2144 696 latere

560 735 761 789 montis
807 734 1049 799 Caucasi,
1081 750 1242 803 super
1292 750 1437 788 mare
1487 734 1765 802 Caspium,
1798 742 2017 793 terram,
2048 731 2144 784 Er-

560 829 714 882 colizc
741 837 766 865 ⁸
797 842 1150 900 cognomento
1171 871 1184 893 ,
1214 828 1325 898 jam
1373 830 1498 882 olim
1531 828 1906 893 consedeutes,
1939 844 2058 882 cum
2090 829 2141 883 in

564 920 723 971 nimia
761 920 1093 973 multitudine
1139 919 1467 980 crevissent,
1503 919 1715 973 tandem
1747 934 1893 972 arma
1922 935 2140 974 sumen-

564 1018 676 1083 tes,
710 1011 1007 1075 provincias
1060 1010 1285 1063 lleraclii
1335 1010 1673 1075 imperatoris
1728 1009 1792 1062 ad
1827 1012 2142 1065 vastandum

564 1102 770 1153 irruunt
796 1110 1014 1156 :contra
1056 1116 1189 1170 quos
1220 1102 1496 1155 Heraclius
1542 1101 1737 1155 milites
1767 1100 1931 1173 640
1961 1102 2026 1155 ad
2058 1118 2143 1155 re-

563 1191 856 1245 siSIendum
889 1191 1106 1246 direxit.
1136 1190 1377 1261 Cumque
1411 1191 1643 1259 praeliari
1674 1202 1983 1260 C(BpiSSEttl,
2017 1193 2120 1246 Sar

564 1285 748 1339 raceni
777 1284 974 1339 milites
1004 1293 1279 1353 superant,
1312 1298 1511 1353 eosque
1562 1283 1741 1353 gladio
1772 1285 2006 1353 graviter
2037 1295 2117 1338 tru

564 1376 764 1431 cidant.
818 1382 1007 1431 ltertur
1048 1377 1100 1429 iri
1152 1392 1217 1430 eo
1268 1376 1452 1444 praelio
1500 1386 1713 1430 centum
1760 1376 2141 1444 quinquaginta

565 1468 726 1523 millia
760 1468 984 1522 militum
1018 1484 1046 1521 a
1076 1466 1385 1523 Sarracenis
1427 1467 1595 1522 fuisse
1626 1466 1927 1522 interfecta.
1957 1468 2140 1535 Spolia

562 1574 745 1612 eorum
796 1557 1071 1613 Sarraceni
1134 1574 1227 1624 per
1281 1559 1488 1626 legatos
1542 1558 1788 1611 Ileraclio
1841 1559 2145 1625 recipienda

563 1648 812 1703 offerunt.
849 1650 1117 1704 lleraclius
1159 1649 1378 1719 cupiens
1425 1664 1584 1716 super
1614 1649 1940 1704 Sarracenos
1972 1650 2125 1705 vindi-

2247 452 2388 505 tilius
2418 451 2568 519 ejus,
2600 452 2751 521 cujus
2780 460 3020 521 tempore
3052 466 3173 521 pars
3216 452 3428 522 publica
3456 468 3487 508 a
3516 454 3835 512 Sarracenis

2245 546 2466 599 nimium
2496 554 2751 601 vastatur.

2321 632 2425 689 AN.
2458 651 2658 689 ncxxx.
2693 661 2761 673 —
2807 634 3015 688 LXVII.
3047 636 3201 688 Antio
3233 635 3263 689 9
3296 645 3319 673 θ
3352 636 3663 706 Dagoberti,
3696 638 3839 692 Cha-

2245 725 2473 778 ribertus
2496 741 2583 777 rex
2611 726 2850 789 moritur,
2884 726 3189 794 relinquetis
3222 725 3386 780 tilium
3415 728 3718 794 parvulum,
3744 744 3839 783 tto.

2246 817 2387 869 mine
2442 814 2806 883 Chilpericutn
2838 856 2851 879 ,
2884 815 2971 883 qui
3006 830 3105 869 nec
3145 825 3262 883 post
3311 832 3516 870 moram
3551 815 3837 871 defunctus

2246 915 2328 961 est
2386 923 2399 959 :
2459 905 2626 959 fertur
2675 907 2906 959 factione
2959 905 3235 973 Dagoberti
3291 906 3453 961 fuisse
3495 909 3829 964 interfectus.

2255 999 2428 1051 Omne
2453 1011 2670 1062 regnum
2697 995 3014 1061 Chariberti,
3043 1012 3145 1049 una
3171 1011 3289 1050 cum
3322 998 3629 1064 Wascmiia,
3664 999 3835 1068 Dago-

2246 1088 2429 1142 bertus
2468 1098 2705 1155 protinus
2733 1103 2842 1141 sua:
2872 1088 3060 1142 ditioni
3093 1089 3283 1157 redigit
3331 1106 3345 1142 :
3392 1093 3675 1144 thesauros
3700 1107 3833 1159 quo-

2245 1200 2348 1255 que
2379 1185 2672 1239 Chariberti
2724 1184 2955 1237 Barunto
2986 1184 3107 1237 duci
3155 1182 3173 1221 ί
3224 1184 3598 1239 adducendum
3644 1195 3703 1239 et
3730 1186 3827 1239 sibi

2249 1278 2675 1334 nimsentandutn
2703 1277 2918 1329 direxit.
2956 1276 3107 1331 Unde
3141 1277 3399 1330 Baruntus
3430 1293 3594 1345 grave
3618 1278 3833 1346 dispen-

2247 1372 2391 1425 dium
2425 1370 2615 1424 fecisse
2643 1360 3000 1438 dignoscitur,
3028 1383 3129 1421 una
3162 1383 3281 1421 cum
3315 1368 3667 1423 tbesaurariis
3701 1369 3833 1438 ιΑι..

2251 1460 2536 1531 tlieSauris]
2608 1460 2826 1524 faciens,
2861 1462 3080 1515 nimium
3104 1462 3298 1516 exinde
3325 1461 3690 1519 fraudulenter
3720 1463 3829 1516 sub

2250 1557 2431 1610 traxit.

2318 1647 2551 1703 LXVIII.
2596 1646 2674 1702 Eo
2701 1660 2841 1701 anno
2870 1645 3022 1700 Sclav
3062 1685 3079 1710 ,
3109 1656 3466 1717 cognomento
3499 1647 3699 1703 Winidi
3722 1688 3737 1714 ,
3781 1650 3834 1704 in

562 1751 722 1803 ctam,
758 1741 885 1793 nihil
913 1741 981 1795 ab
1011 1742 1091 1794 his
1122 1741 1363 1807 recipere
1392 1741 1579 1801 voluit,
1623 1741 1955 1813 Congregata
1988 1744 2142 1799 undi-
2176 1742 2218 1800 Β
2247 1755 2411 1809 regno
2454 1740 2706 1797 Samonis
2733 1740 3093 1809 negotiantes,
3144 1740 3469 1794 Francorum
3512 1756 3635 1795 cum
3669 1742 3834 1810 pluri-

563 1848 665 1898 que
686 1833 749 1885 de
772 1833 1034 1887 universis
1059 1834 1352 1901 provinciis
1380 1833 1589 1900 imperii
1615 1834 1780 1889 nimia
1804 1834 2142 1891 multitudine

564 1924 825 1986 militum,
882 1925 1243 1976 transmittens
1330 1922 1607 1979 [Ieraclius
1673 1923 1991 1995 legationem
2074 1925 2139 1979 ad

566 2011 753 2066 Portis
803 2015 1021 2082 Castiias
1056 2013 1103 2076 δ,
1136 2029 1268 2083 quas
1315 2014 1612 2068 Alexander
1653 2014 1875 2085 Magnus
1921 2016 2142 2072 Macedo

563 2120 639 2169 tu,
664 2120 722 2158 er
753 2120 898 2159 mare
930 2105 1180 2174 Caspium
1212 2120 1381 2159 aereas
1413 2104 1527 2159 fieri
1567 2115 1623 2158 et
1650 2120 1861 2161 serrare
1887 2109 2138 2176 jusserat,

563 2207 783 2265 propter
828 2198 1226 2251 inundationem
1274 2200 1507 2265 gentium
1558 2198 1994 2264 srvissimarum,
2026 2216 2143 2268 qua:

564 2288 699 2340 ultra
744 2296 977 2340 montem
1011 2288 1233 2341 Cauetisi
1285 2290 1531 2341 culminis
1566 2290 1896 2355 habitabant,
1926 2292 2140 2345 easdem

564 2387 745 2447 portas
791 2380 1063 2433 lleraclius
1113 2381 1319 2448 aperire
1368 2383 1639 2450 praecepit,
1671 2382 1899 2452 indeque
1927 2394 2140 2439 centum

563 2472 941 2539 quinquaginta
993 2473 1157 2525 millia
1206 2486 1556 2542 pugnatorum
1585 2490 1819 2544 auroque
1848 2477 2140 2531 locatorum

562 2562 770 2615 auxilio
800 2578 896 2615 suo
923 2574 1107 2617 contra
1139 2563 1468 2617 Sarracenos
1486 2565 1548 2617 ad
1575 2566 1922 2633 prteliandum
1954 2568 2138 2621 mittit.

564 2655 844 2707 Sarraceni
897 2654 1035 2708 duos
1100 2656 1356 2709 habentes
1405 2656 1705 2727 principes.
1758 2657 1984 2712 ducenta
2032 2658 2143 2713 fere

562 2745 726 2796 miilia
748 2754 923 2798 erant.
954 2746 1192 2814 Cumque
1218 2756 1391 2799 castra
1421 2763 1517 2800 nec
1542 2748 1723 2815 procul
1750 2750 1887 2803 inter
1909 2764 1965 2805 se
1991 2765 2142 2804 exer-

562 2834 699 2887 citus
727 2845 949 2902 uterque
982 2836 1304 2903 posuissent,
1339 2837 1410 2889 ita
1441 2847 1497 2889 ut
1542 2837 1593 2889 in
1622 2839 1911 2891 crastinum
1942 2840 2140 2894 bellum

563 2926 776 2991 inirent,
805 2926 1171 2993 conliigentes,
1199 2926 1383 2979 eadem
1417 2934 1569 2980 nnt‘te
1589 2926 1764 2995 gladio
1794 2929 1881 2982 Dei
1916 2929 2141 2987 lieraclii

563 3018 829 3071 exercitus
881 3020 1187 3085 percutitur.
1219 3017 1275 3071 lii
1312 3021 1505 3073 castris
1531 3019 1912 3090 quinquaginta
1943 3033 1994 3076 et
2036 3024 2141 3078 duo

2244 1848 2386 1887 mam
2419 1832 2807 1886 multitudinem
2842 1830 3232 1886 interfecissent
3258 1842 3314 1887 et
3335 1833 3495 1886 rebus
3526 1834 3829 1902 exsptilias-

2243 1933 2384 1991 sent,
2422 1925 2521 1976 hoc
2568 1922 2669 1977 fuit
2710 1924 2915 1976 initium
2950 1922 3186 1976 scandali
3228 1923 3365 1977 inter
3393 1922 3755 1990 Dagobertum
3783 1934 3833 1979 et

2242 2013 2529 2068 Samonem
2564 2028 2744 2083 regem
2786 2011 3159 2066 Sclavinorum
3190 2021 3238 2065 Β.
3264 2012 3620 2081 Dirigensque
3662 2014 3835 2083 Dago-

2244 2104 2423 2156 bertus
2446 2101 2748 2156 Sichariutu
2775 2102 3086 2170 legatarium
3117 2102 3185 2156 ad
3206 2103 3517 2168 Samonem,
3552 2114 3744 2172 petens
3772 2116 3829 2159 ut

2245 2196 2577 2263 negotiantis
2604 2208 2741 2263 quos
2769 2196 2848 2247 sui
2895 2191 3307 2261 interfecerant,
3349 2205 3401 2248 et
3433 2210 3519 2249 res
3551 2210 3686 2263 quas
3731 2197 3802 2249 illi

2242 2286 2347 2341 cite
2388 2294 2777 2354 usurpaverant
2831 2302 2952 2339 cum
3003 2286 3209 2353 justitia
3258 2284 3459 2339 faceret
3506 2286 3803 2340 emendare

2243 2380 2405 2435 Samo
2438 2380 2625 2435 uolens
2678 2378 2977 2434 Sicharium
3018 2379 3235 2444 videre,
3276 2394 3376 2432 nec
3401 2377 3467 2432 ad
3498 2393 3558 2433 se
3585 2393 3711 2433 eum
3739 2394 3832 2433 ve-

2250 2473 2366 2528 nire
2400 2475 2761 2542 permitteret;
2811 2474 3082 2529 Sicharius
3110 2484 3284 2527 vestes
3312 2472 3524 2527 indutus
3563 2472 3631 2525 ad
3665 2472 3832 2526 instar

2243 2566 2608 2621 Sclaviunrutu
2661 2561 2687 2601 ιι
2733 2579 2852 2618 cum
2895 2564 3005 2618 suis
3052 2563 3118 2617 ad
3160 2573 3504 2633 conspectum
3555 2563 3832 2630 pervenit,

2246 2657 2462 2711 Samoni
2512 2657 2759 2711 universa
2808 2672 2925 2724 qua:
2971 2655 3200 2724 iniuncta
3257 2654 3487 2709 habebat
3538 2655 3833 2709 nuntiavit.

2248 2748 2354 2802 Sed
2390 2758 2447 2802 ut
2479 2748 2631 2803 habet
2663 2747 2932 2816 gentilitas
2962 2757 3019 2801 ct
3047 2746 3292 2813 superbia
3336 2761 3620 2815 pravorum
3649 2786 3664 2809 ,
3701 2747 3831 2800 nihil

2248 2855 2276 2893 a
2313 2838 2544 2895 Samone
2584 2855 2702 2908 quin
2732 2840 2811 2892 sui
2851 2840 3181 2892 admiserant
3208 2848 3290 2892 est
3331 2838 3700 2902 emendatum,
3733 2840 3831 2891 nisi

2249 2941 2455 2983 tantum
2488 2930 2677 3000 placita
2710 2930 2909 2985 vellens
2940 2931 3221 2984 instituere
3247 2970 3261 2992 ,
3295 2928 3368 2983 uti
3393 2929 3459 2983 de
3506 2930 3588 2984 bis
3629 2939 3686 2984 et
3716 2930 3832 2984 aliis

2248 3021 2671 3084 intentionibus,
2726 3036 2842 3091 quae
2885 3022 3023 3074 inter
3060 3020 3156 3074 has
3196 3029 3376 3089 partes
3421 3036 3470 3073 οι
3488 3030 3554 3074 tae
3595 3021 3831 3089 fuerant,

567 3118 591 3145 ε
630 3110 793 3162 millia
826 3126 890 3162 ex
921 3110 1176 3165 militibus
1207 3112 1434 3166 Hei-aelii
1469 3114 1517 3165 iu
1547 3122 1716 3169 stratu
1762 3119 1952 3170 mortui
1982 3129 2133 3173 sunt;
2169 3107 2214 3168 C
2241 3110 2442 3179 justitia
2477 3111 2794 3165 redderetur
2824 3111 2875 3165 in
2901 3110 3150 3165 invicem.
3202 3110 3492 3173 Sicharius,
3516 3109 3658 3165 sicut
3691 3114 3830 3166 stul-

561 3214 790 3269 cumque
832 3202 882 3254 in
926 3203 1160 3261 crastino
1201 3204 1462 3258 deberent
1510 3206 1574 3258 ad
1627 3207 1866 3274 praelium
1913 3206 2134 3278 egredi,

561 3300 841 3345 cernentes
872 3307 1055 3346 eorum
1090 3296 1356 3349 exercitus
1389 3297 1583 3351 milites
1615 3308 1816 3364 partem
1849 3299 2137 3355 maximam

561 3383 740 3435 divino
762 3383 966 3453 judicio
996 3383 1354 3451 interfectam,
1386 3387 1641 3442 adversus
1686 3390 2010 3445 Sarracenos
2039 3407 2138 3447 nec

563 3474 677 3526 ausi
705 3484 826 3527 sunt
873 3475 1006 3528 inire
1053 3474 1316 3544 praelium.
1349 3476 1643 3548 Regressus
1671 3480 1847 3532 omnis
1871 3482 2137 3539 exercitus

564 3565 789 3619 lleraélii
820 3567 883 3619 ad
918 3569 1159 3635 preprias
1188 3568 1372 3633 sedes,
1407 3570 1687 3626 Sarraceui
1720 3588 1867 3627 tnore
1896 3589 2001 3643 quo
2029 3589 2140 3630 cce-

562 3668 771 3726 perant,
803 3660 1102 3726 provincias
1135 3661 1363 3715 Ileraclii
1414 3662 1749 3731 imperatoris
1793 3668 2009 3722 assidue
2041 3684 2137 3720 va-

561 3758 702 3803 stare
744 3750 1054 3820 pergebant.
1113 3751 1244 3805 Cum
1292 3750 1402 3822 jam
1447 3754 1867 3825 Hierosolymam
1920 3761 2136 3827 prepin-

561 3850 831 3907 quassent,
858 3840 1132 3895 IIeraelius
1158 3842 1340 3896 videns
1363 3844 1499 3912 quod
1524 3859 1707 3898 eorum
1738 3847 2004 3902 violentia:
2034 3867 2137 3903 non

560 3930 820 3994 potuisset
862 3932 1113 3984 resistere
1139 3973 1152 3991 .
1200 3933 1363 3985 nimia
1413 3933 1767 3989 amaritudine
1807 3945 1863 3991 et
1905 3952 2138 3993 mazrnre

561 4028 823 4088 arreptus,
857 4021 1035 4074 infelix
1071 4023 1412 4092 Eutycianam
1448 4025 1690 4079 haeresim
1710 4025 1822 4095 jam
1846 4036 2059 4083 sectans
2080 4027 2131 4093 ά,

561 4109 753 4162 Christi
784 4115 981 4164 cultum
1014 4114 1337 4180 relinquens,
1373 4113 1574 4170 habens
1601 4132 1823 4170 uxorem
1862 4118 2019 4173 filiam
2047 4135 2133 4175 so-

564 4202 705 4255 inris
749 4216 880 4267 suae,
912 4203 1069 4275 641
1099 4221 1126 4257 a
1169 4205 1315 4260 febre
1359 4218 1581 4261 vexatus
1629 4209 1918 4264 crudeliter
1972 4213 2131 4267 vitam

2245 3212 2329 3257 tus
2358 3205 2589 3272 legatus,
2631 3204 2789 3256 veiba
2825 3202 3129 3272 improperii
3179 3216 3298 3271 qua:
3330 3202 3571 3271 injuncta
3604 3219 3709 3257 non
3742 3207 3831 3256 ha-

2244 3296 2452 3361 buerat,
2486 3306 2539 3351 et
2584 3294 2757 3349 minas
2802 3295 3060 3349 adversus
3114 3295 3399 3349 Samonem
3461 3296 3720 3364 loquitur,
3767 3316 3833 3351 eu

2242 3388 2385 3458 quid
2418 3390 2583 3444 Samo
2611 3396 2665 3440 et
2688 3386 2916 3456 populus
2946 3387 3094 3461 regni
3118 3388 3200 3440 sui
3235 3387 3533 3457 Dagoberto
3565 3388 3832 3444 deberent

2240 3480 2538 3535 servitium.
2567 3480 2728 3535 Samo
2755 3480 3082 3549 respondens
3101 3482 3209 3549 jam
3236 3480 3446 3536 saucius
3473 3480 3670 3555 [Clar.,
3699 3498 3834 3538 cau-

2241 3576 2376 3649 cius]
2427 3577 2560 3632 dixit
2603 3594 2617 3631 :
2670 3575 2830 3647 642
2870 3575 2937 3631 Et
2968 3586 3160 3631 terram
3191 3590 3347 3645 quam
3379 3575 3638 3630 habemus
3662 3577 3834 3647 Dago-

2244 3667 2381 3722 berti
2407 3677 2509 3734 est,
2538 3678 2589 3722 et
2616 3681 2715 3721 nos
2752 3668 2831 3721 sui
2864 3682 3048 3721 sumus
3069 3708 3085 3734 ,
3126 3667 3172 3720 si
3207 3676 3382 3720 tamen
3413 3667 3692 3721 nobiscum
3719 3667 3836 3722 dis-

2243 3758 2482 3829 posuerit
2538 3759 2800 3812 amicitias
2855 3772 3200 3815 conservare.
3261 3759 3537 3814 Sicliarius
3593 3760 3831 3815 dicens:

2240 3853 2354 3906 Non
2385 3860 2468 3906 est
2497 3852 2776 3921 possibile,
2808 3860 2863 3904 ut
2888 3850 3178 3906 Christiani
3207 3851 3299 3906 Dei
3332 3853 3474 3905 servi
3513 3867 3640 3906 eum
3676 3853 3831 3905 caui-

2245 3943 2345 3996 bus
2384 3943 2651 3997 amicitias
2698 3943 2961 3998 collocare
3008 3945 3233 4012 possint,
3275 3944 3435 3999 Samo
3480 3959 3511 3998 e
3558 3945 3831 3998 contrarie

2240 4035 2375 4089 dixit
2400 4054 2412 4087 ι
2447 4036 2501 4090 Si
2531 4050 2624 4089 vos
2644 4036 2774 4089 estis
2798 4036 2887 4089 Dei
2912 4036 3076 4097 servi,
3106 4046 3159 4091 et
3186 4052 3283 4090 nos
3309 4052 3491 4092 sumus
3523 4037 3615 4093 Dei
3643 4054 3827 4105 canes,

2223 4127 2366 4179 dum
2401 4141 2495 4179 vos
2522 4127 2738 4181 assidue
2767 4138 2949 4180 contra
2980 4127 3152 4186 ipsum
3182 4135 3359 4196 agitis,
3383 4142 3479 4180 nos
3502 4130 3826 4195 permissum

2243 4220 2550 4286 accepimus
2580 4235 2677 4274 vos
2702 4219 2965 4273 morsibus
2990 4219 3247 4274 lacerare.
3286 4221 3499 4289 Ejectus
3529 4232 3614 4276 est
3639 4223 3827 4277 Siclta-

562 4316 645 4395 i7.
698 4318 769 4395 De
800 4325 911 4395 hac,
932 4333 988 4370 re
1020 4319 1167 4395 plura
1195 4320 1266 4395 _in_
1294 4330 1814 4395 utramquepartem
1862 4338 2127 4390 scripsere
2160 4332 2212 4393 ι)
2240 4345 2398 4383 unam
2432 4330 2715 4383 conflatam
2746 4337 2990 4382 naturam
3022 4329 3361 4395 admittebat,
3382 4331 3467 4385 illa
3492 4336 3707 4388 unicam
3735 4352 3823 4388 vn-

561 4387 680 4440 J~ih.
718 4387 983 4440 L'tttlttiius
1012 4402 1063 4442 et
1097 4390 1153 4441 P.
1186 4389 1311 4444 Joh.
1343 4387 1542 4444 Nitatil‘ai
1588 4387 1985 4447 Dominicanus.

632 4467 655 4491 ’ί
689 4458 836 4510 Colb.
867 4468 920 4510 et
951 4458 1085 4510 Εόίιί
1126 4459 1342 4521 aliquot.
1381 4459 1646 4513 Ercolrim.
1696 4464 1822 4523 Alii,
1867 4462 2125 4518 Herculei.

561 4526 841 4601 Inferiores
862 4527 1092 4601 Caucasi
1109 4537 1281 4594 partes
1303 4529 1473 4583 Colice
1494 4531 1751 4601 regionem
1770 4532 1941 4587 dictas
1966 4533 2130 4591 fuisse

564 4599 753 4661 legitur
771 4597 907 4663 apud
932 4600 1213 4650 Urtelititti.

628 4665 655 4702 ι)
682 4667 860 4743 (ΣωΙὼ
880 4668 1019 4723 Clar.
1041 4679 1094 4743 et
1118 4666 1293 4743 Cnlb_.,
1319 4667 1549 4743 Cispius;
1581 4670 1850 4735 Freh.al.,
1878 4671 2127 4743 Cispium.

561 4736 1321 4812 Alavult_Ptinius__Caucasi.ts
1376 4742 1558 4812 portas
1590 4743 1879 4808 appellari:
1914 4736 2033 4812 quae
2076 4756 2130 4801 et

562 4805 700 4882 Pylae
745 4805 926 4858 Iberia:
972 4807 1240 4871 dicuntur,
1275 4825 1378 4882 non
1425 4811 1564 4877 quod
1590 4805 1681 4882 ibi
1735 4826 1899 4877 portae
1930 4805 1986 4868 re
2014 4816 2127 4882 ipsa

560 4876 782 4937 hiet-int,
812 4891 912 4943 qua
940 4891 1115 4942 iquam
1152 4888 1206 4930 et
1243 4879 1310 4931 ab
1342 4881 1529 4933 incolis
1571 4876 1813 4935 dicantur
1844 4884 1998 4938 I’Orta
2028 4876 2132 4939 fer-

560 4946 800 5023 _rea,_sed
830 4948 994 5023 Δ(μιιιιι
1045 4949 1202 5023 locus
1239 4950 1372 5001 adeo
1417 4953 1490 5023 sit
1534 4962 1823 5019 angustus,
1855 4964 1911 5008 ut
1958 4958 2133 5023 quivis

565 5018 798 5094 hostium
830 5016 1058 5082 impetus
1085 5016 1240 5071 facile
1269 5020 1478 5071 retundi
1511 5016 1700 5094 possit.
1725 5024 1913 5078 Aditus
1944 5016 2134 5094 nempe

560 5088 773 5139 nuntiisi
802 5095 1157 5140 trecentorum
1187 5104 1433 5156 passuum
1464 5091 1634 5157 Spatia
1666 5093 1800 5147 inter
1828 5088 2132 5148 Caucasum

563 5167 801 5232 montem
830 5167 881 5232 et
914 5174 1059 5211 mare
1091 5157 1407 5232 Iiircaneum
1440 5172 1602 5226 patet,
1638 5163 1981 5232 imminetqtte
2012 5167 2133 5219 valli

559 5229 834 5304 castellum
869 5228 919 5279 in
964 5243 1093 5295 rupe
1133 5228 1385 5304 Cumanis
1426 5234 1677 5304 positum.
1729 5233 1797 5284 lbi
1848 5228 1975 5289 ur'hs
2018 5246 2124 5304 est,

560 5294 854 5373 Ilartnasus
878 5294 1121 5373 nomine,
1154 5315 1312 5373 quam
1354 5294 1595 5373 Declina,
1631 5301 1680 5355 id
1724 5315 1804 5355 est
1844 5294 2129 5373 Angustias

558 5365 845 5439 appellant,
878 5366 1063 5439 T_urc_is
1101 5365 1292 5435 Demir,
1317 5386 1408 5423 seu
1442 5365 1611 5425 Tentt'r
1644 5374 1776 5439 cupi.

596 5443 653 5551 ,Ξ
680 5433 1081 5551 frena
1098 5433 1461 5508 quinquaginta
1486 5433 1713 5511 quinque
1725 5443 1908 5496 ittillt'a.
1929 5442 2126 5498 Cliesu.

559 5513 654 5565 at.,
690 5517 721 5555 L
743 5513 795 5555 et
826 5518 917 5557 ut.

629 5574 650 5604 α
685 5571 1149 5652 lvl‘nnothclitarum
1208 5576 1451 5652 haeresim
1497 5581 1747 5652 tut-batur
1811 5582 2083 5637 Iterat-lius
2112 5628 2128 5649 ,

560 5653 673 5697 qua:
706 5642 1045 5699 litilychiaua:
1074 5645 1285 5701 soboles
1314 5656 1449 5700 erat.
1494 5649 1617 5703 ILec
1643 5665 1834 5718 nempe
1862 5671 1890 5705 e
1918 5642 2127 5711 duabus

2239 4401 2519 4453 luutatem.
2567 4400 2714 4453 Hanc
2768 4400 2978 4466 publico
3011 4402 3187 4453 edit-to
3240 4399 3498 4455 Ecthestm
3526 4410 3819 4469 appellant,

2242 4473 2492 4523 omnibus
2522 4471 2803 4522 tenendam
2839 4485 3133 4537 proponere
3162 4473 3360 4525 veritus
3390 4488 3492 4524 non
3524 4484 3627 4526 est.
3662 4476 3826 4527 llera-

2237 4543 2342 4595 clio
2374 4541 2504 4605 patri
2541 4550 2803 4593 successit
2832 4540 3217 4593 Constantinus
3239 4544 3539 4594 catholicus
3574 4558 3663 4595 an.
3692 4545 3819 4599 (iit.

2240 4612 2313 4664 De
2366 4610 2608 4664 cladibus
2641 4624 2767 4663 vero
2796 4625 2889 4678 per
2922 4609 3245 4664 Sarracenos
3295 4613 3451 4664 illatis
3472 4652 3486 4675 ,
3515 4616 3604 4680 qui
3637 4614 3824 4667 Multa-

2239 4682 2406 4733 tnedis
2435 4696 2529 4732 seu
2562 4680 2898 4739 Mahometis,
2945 4694 3033 4733 an.
3066 4682 3192 4747 631,
3226 4682 3377 4750 regni
3408 4684 3489 4735 sui
3523 4698 3687 4750 super
3719 4689 3823 4739 ali-

2236 4760 2369 4819 qwot
2423 4750 2622 4821 Arabes
2670 4765 2812 4821 nouo
2862 4750 3134 4817 defuncti,
3169 4754 3445 4819 discipulis
3485 4752 3658 4821 juncti
3714 4772 3818 4809 non

2239 4826 2413 4873 minus
2441 4820 2552 4873 Deo
2577 4835 2734 4891 quam
2761 4819 3064 4874 hominibus
3087 4823 3285 4875 bellum
3311 4819 3640 4890 indixerunt;
3670 4827 3819 4891 plura

2232 4892 2431 4943 videsis
2471 4894 2609 4957 apud
2644 4890 3019 4955 TheOphaueut
3041 4931 3055 4953 ,
3089 4892 3443 4959 Nicephorum
3471 4904 3525 4945 et
3567 4904 3820 4949 caeteros.

2233 4960 2401 5033 Nemo
2441 4961 2611 5014 nescit
2662 4970 2925 5033 quantum
2972 4962 3047 5015 illi
3098 4962 3307 5016 barbari
3353 4979 3448 5033 per
3500 4966 3817 5020 universum

2232 5030 2414 5084 orbem
2450 5042 2627 5094 postea
2659 5031 2927 5099 propagari
2957 5045 3084 5085 sint.

2320 5110 2341 5135 ε
2388 5100 2570 5157 Freh..
2602 5117 2736 5152 anno
2768 5115 2962 5153 oetavo.

2314 5165 2334 5207 ί
2379 5172 2500 5232 Alii,
2532 5169 2820 5222 Barontum
2850 5170 3060 5233 ducem;
3088 5171 3202 5231 alii,
3236 5170 3464 5224 Buronto
3492 5174 3621 5228 dure
3648 5177 3766 5229 sibi.

2307 5248 2331 5285 ε
2371 5238 2461 5312 Sic
2487 5238 2654 5304 Clar.,
2684 5240 2823 5307 quod
2852 5250 2906 5292 et
2924 5242 3105 5294 caeteri
3131 5245 3331 5295 habent
3360 5241 3692 5312 fiequentius
3732 5249 3818 5301 iu-

2234 5309 2348 5373 fra;
2382 5309 2465 5362 hic
2493 5325 2640 5371 vero,
2673 5311 2999 5362 Sclavorum.

2304 5377 2333 5416 ιλ
2373 5379 2516 5455 Ilinc
2529 5381 2664 5433 forte
2687 5379 2955 5455 Sclavinia
2973 5380 3170 5455 dictum
3191 5391 3275 5435 est
3296 5383 3596 5437 vestimenti
3625 5401 3819 5455 genus,

2234 5464 2339 5513 quo
2362 5454 2557 5503 saeculo
2587 5464 2657 5502 xu
2691 5450 2954 5517 peregrini
2987 5451 3292 5511 utebantur,
3324 5467 3388 5504 ex
3423 5450 3651 5509 Ctesarii
3682 5456 3819 5508 libro

2234 5522 2302 5572 de
2323 5519 2540 5594 _Iilirac._,
2560 5534 2718 5594 capp.
2750 5520 2892 5594 Auget
2929 5517 3025 5594 Μη-
3047 5531 3101 5594 ut
3121 5528 3369 5594 tiirservtit
3400 5524 3703 5594 Alteserra,
3726 5526 3818 5594 qui

2237 5600 2287 5641 et
2320 5589 2692 5660 Sa_xoniciam,_
2714 5604 2779 5647 ex
2810 5592 3084 5659 Augustini
3108 5605 3228 5660 cap.
3260 5591 3358 5646 127
3386 5593 3589 5657 Qua-st.
3619 5589 3819 5652 utrius-

2237 5673 2342 5727 que
2372 5658 2540 5722 Test.,
2578 5658 2757 5713 laudat
