4020 6194
122 310 246 365 ϐὶθ

1561 310 1974 369 CIIRONICUM.

3303 318 3412 374 650

119 431 249 486 rius
291 429 358 484 de
404 438 691 495 conspectu
749 430 1017 483 Samonis.
1069 427 1200 481 Cum
1250 428 1365 482 lttee
1419 427 1720 496 Dagoberto
1750 431 1798 487 A
1827 440 1938 491 sus,
1970 425 2149 480 statim
2183 426 2268 494 qui
2304 425 2512 480 fuerant
2541 431 2822 496 praeparati
2851 444 3011 500 super
3039 432 3299 488 Tasonem
3329 438 3403 488 ir-

122 521 453 576 nnntiasset.
501 520 623 592 mg!
641 522 831 575 'bertus
860 521 1161 591 superbiter
1188 521 1341 589 jubet
1370 521 1438 577 de
1469 521 1716 575 universo

118 628 301 683 regno
347 614 747 667 Austrasiorum
802 621 985 666 contra
1030 612 1315 668 Samouem
1365 622 1419 665 et
1476 611 1721 667 Winidos

124 719 360 760 movere
386 706 677 760 exercitum
705 722 718 758 :
740 704 832 758 ubi
858 705 1021 758 tribus
1045 703 1231 757 turmis
1255 704 1531 773 phalanga:
1556 719 1721 773 super

116 799 380 854 Winidos
402 800 668 854 exercitus
709 798 1035 867 ingreditur,
1082 799 1241 852 etiam
1284 808 1337 852 et
1375 797 1714 865 Langobardi

114 890 394 946 sulatione
426 898 451 927 'l
481 890 764 961 Dagoberti
804 889 1053 956 idemque
1088 889 1356 943 hostiliter
1392 888 1446 941 in
1487 888 1710 944 Sclavos

117 994 510 1055 perrexerunt.
541 982 717 1037 Sclavi
743 982 825 1035 bis
852 990 907 1036 et
933 980 1051 1034 aliis
1076 981 1207 1033 locis
1238 994 1266 1034 e
1295 980 1565 1033 contrario
1587 995 1718 1049 pra:-

112 1083 403 1145 parantes,
429 1074 852 1128 Alamannorum
879 1071 1157 1125 exercitus
1186 1086 1305 1124 cum
1336 1068 1716 1125 Chrodoberto

109 1166 259 1221 duce
292 1166 346 1219 in
379 1174 529 1233 parte
570 1180 672 1234 qua
716 1164 985 1232 ingressus
1024 1171 1105 1217 est
1156 1162 1429 1217 victoriam
1462 1162 1711 1218 obtinuit.

110 1256 459 1325 Langobardi
489 1256 779 1324 itidemque
819 1254 1091 1309 victoriam
1114 1254 1493 1319 obtinuerunt;
1523 1264 1577 1309 et
1600 1255 1715 1322 plu-

110 1348 323 1401 rimum
358 1362 637 1401 numerum
666 1347 996 1415 captivorum
1028 1345 1094 1400 de
1115 1344 1322 1401 Sclavis
1352 1345 1631 1399 Alamanni
1660 1354 1715 1400 et

112 1438 465 1508 Langobardi
497 1454 678 1492 secum
709 1438 996 1491 duxerunt.
1038 1437 1300 1492 Austrasii
1332 1451 1461 1491 vero
1490 1452 1611 1493 cum
1644 1438 1711 1492 ad

108 1540 360 1583 castrum
394 1528 799 1599 Wogastisburc
832 1528 881 1593 δ,
904 1528 995 1582 ubi
1024 1528 1251 1597 plurima
1278 1543 1469 1584 manus
1494 1529 1712 1584 fortium

108 1619 461 1673 Winidorum
518 1621 975 1682 immoraverant,
1032 1618 1424 1673 circumdantes
1458 1660 1474 1684 ,
1534 1620 1711 1674 triduo

108 1712 455 1779 praeliantes,
486 1713 669 1778 plures
706 1711 905 1765 ibidem
938 1711 1005 1764 de
1027 1712 1265 1764 exercitu
1299 1711 1712 1782 Dagobertigla-

1834 525 2015 583 ruunt,
2039 524 2094 571 et
2122 516 2316 586 ipsum,
2350 526 2405 572 et
2427 530 2553 573 suos
2584 528 2756 586 totos,
2792 521 2881 592 qui
2905 533 3024 575 cum
3053 539 3117 578 eo
3145 536 3403 582 venerant

1825 606 1959 678 [Al.,
2018 604 2194 678 erant]
2242 608 2646 663 interfecerunt.
2707 611 3038 667 Charoaldus
3091 631 3182 668 rex
3234 633 3397 671 unum

1823 700 2190 754 centenarium
2221 702 2357 767 auri,
2389 703 2530 757 sicut
2556 705 2895 771 promiserat,
2930 708 3169 774 partibus
3200 709 3399 763 llisacii

1820 801 1873 846 et
1901 791 2109 857 imperii
2135 794 2383 848 cassavit.
2408 794 2520 848 Duo
2548 805 2750 850 tantum
2778 799 3083 852 centenaria
3114 801 3226 852 auri
3247 800 3400 854 dein—

1819 896 1945 950 ceps
1999 882 2065 936 ad
2122 894 2324 951 partem
2374 884 2841 955 Langobardorum
2884 905 2911 941 a
2944 890 3168 959 patricio
3198 890 3397 946 Roma-

1822 986 2009 1026 norum
2050 974 2207 1029 annis
2249 975 2473 1042 singulis
2505 976 2811 1041 implentur.
2868 979 3012 1035 Unus
3056 983 3398 1037 centenarias

1817 1072 2028 1118 centum
2060 1066 2222 1119 libras
2250 1068 2366 1120 auri
2392 1068 2554 1133 capit.
2583 1069 2705 1123 Post
2730 1070 2843 1127 haec
2866 1073 3117 1128 continuo
3146 1072 3396 1130 Charoal-

1818 1152 1921 1208 dus
1950 1171 2041 1209 rex
2073 1157 2315 1211 moritur.

1889 1246 2047 1301 LXX.
2078 1249 2431 1323 Gundeherga
2475 1252 2676 1325 regina,
2705 1270 2769 1309 eo
2797 1256 2936 1325 quod
2968 1272 3155 1313 omnes
3183 1260 3395 1327 Lango-

1816 1335 1965 1393 bardi
2014 1343 2186 1396 eidem
2244 1344 2400 1398 ﬁdem
2458 1361 2577 1400 cum
2624 1350 2970 1405 sacramentis
3024 1352 3392 1420 ﬁrmaverant,

1815 1432 2188 1488 Chrotltarium
2218 1444 2242 1473 ο
2276 1438 2582 1505 quemdam,
2609 1455 2770 1494 unum
2798 1458 2861 1496 ex
2894 1443 3117 1498 ducibus
3145 1446 3211 1501 de
3238 1449 3392 1503 terri-

1816 1526 1974 1589 torio,
2006 1524 2195 1579 Brixia:
2224 1527 2292 1580 ad
2322 1541 2381 1582 se
2411 1531 2595 1583 venire
2618 1533 2878 1601 praecipit.
2915 1552 3033 1588 cum
3060 1538 3391 1605 compellens

1815 1625 1874 1670 ut
1902 1632 2127 1671 uxorem
2150 1634 2308 1685 quam
2340 1620 2565 1674 habebat
2598 1624 2943 1691 relinqueret,
2974 1637 3027 1681 et
3056 1645 3172 1683 eam
3202 1633 3387 1686 matri-

1814 1709 1996 1763 monio
2021 1710 2291 1779 acciperet
2316 1729 2329 1764 :
2364 1726 2457 1779 per
2487 1713 2654 1780 ipSatll
2680 1731 2868 1771 omnes
2898 1719 3235 1788 Langobardi
3261 1740 3386 1780 eum

106 1803 203 1857 dio
237 1802 595 1864 trucidantur,
637 1810 692 1855 et
734 1802 927 1855 exinde
971 1802 1229 1871 fugaciter
1256 1816 1444 1857 omnes
1478 1804 1705 1857 tentoria
1742 1800 2168 1863 Bsublimabant
2216 1802 2269 1855 in
2314 1819 2499 1870 regno.
2553 1805 2705 1871 Quod
2758 1808 3111 1868 Cltrotltarius
3163 1816 3390 1875 libenter

104 1905 163 1949 et
185 1909 279 1948 res
305 1908 442 1962 quas
466 1893 765 1947 habuerunt
790 1892 1171 1961 relinquentes.
1198 1894 1262 1946 ad
1288 1893 1530 1963 proprias
1550 1894 1703 1949 sedes

104 1996 484 2043 revertuntur.
516 1987 689 2041 Multis
714 1990 973 2056 posthaec
1009 1987 1215 2040 vicibus
1245 1985 1444 2041 Winidi
1478 1987 1529 2040 in
1562 1987 1706 2041 Tho-

106 2084 344 2151 ringiam
389 2092 445 2137 et
490 2082 729 2152 reliquos
768 2080 1029 2134 vastando
1081 2094 1242 2149 pagos
1282 2080 1334 2134 in
1376 2079 1702 2135 Francorum

105 2192 344 2246 regnum
377 2177 606 2230 irruunt.
656 2176 828 2233 Etiam
856 2185 909 2229 et
940 2178 1217 2230 Deruanus
1247 2175 1357 2229 dux
1390 2177 1565 2245 gentis
1596 2174 1700 2231 Ur-
1740 2230 1747 2237 λ

107 2270 330 2324 biorutn
369 2280 417 2336 ο,
462 2269 554 2339 qui
591 2284 656 2323 ex
702 2284 899 2336 genere
943 2268 1311 2324 Sclavittorum
1353 2280 1525 2334 erant,
1554 2280 1607 2323 et
1637 2271 1704 2324 ad

107 2380 346 2437 regnum
376 2362 700 2417 Francorum
720 2378 830 2432 iam
861 2364 986 2416 olim
1010 2372 1354 2431 aspexerant,
1380 2377 1440 2417 se
1468 2363 1532 2416 ad
1567 2361 1702 2434 [Αι.,

109 2472 171 2512 se
201 2462 283 2526 et]
338 2469 558 2525 regnum
589 2455 804 2508 Samoni
836 2470 956 2509 cum
997 2469 1107 2508 suis
1149 2453 1386 2508 tradidit.
1439 2454 1705 2523 [stantque

109 2550 403 2604 victoriam
435 2562 592 2615 quam
621 2546 820 2601 Winidi
867 2557 1049 2601 contta
1089 2538 1326 2600 Ftaucos
1367 2555 1699 2606 meruerunt,

106 2657 219 2695 non
258 2650 463 2694 tantum
489 2638 856 2695 Sclavinorum
890 2637 1146 2693 fortitudo
1163 2639 1416 2701 obtinuit,
1448 2649 1703 2707 quantum

107 2733 445 2787 deutentatio
484 2731 914 2795 Austrasiorum,
958 2731 1083 2784 dum
1129 2746 1188 2785 se
1232 2731 1527 2785 cernebant
1580 2745 1703 2785 cum

110 2824 422 2893 Dagouerto
471 2823 649 2876 odium
700 2823 1011 2885 incurrisse,
1062 2832 1117 2877 et
1170 2823 1384 2877 assidue
1426 2821 1697 2890 exspolia-

108 2928 326 2969 1⁵8111111⁵.

173 3009 347 3082 643
379 3007 563 3064 LXIX.
607 3009 683 3063 Eo
729 3022 870 3061 anno
913 3007 1244 3062 Charoaldus
1286 2997 1451 3087 {rex
1498 2994 1705 3079 Lango-

107 3105 407 3159 bardorum
441 3102 640 3171 legatos
678 3101 743 3153 ad
795 3100 1062 3153 Hisarium
1111 3099 1388 3167 patricium
1438 3107 1701 3157 secretius

1807 1894 2167 1958 consentiens,
2199 1896 2548 1950 sacramentis
2580 1914 2671 1966 per
2694 1899 2803 1953 loci
2833 1916 3138 1959 sanetorttm
3172 1908 3388 1964 firmans

1806 1999 1876 2040 ne
1916 2001 2149 2053 unquam
2192 1985 2599 2056 Gundebergam
2649 2000 3020 2058 postponeret,
3055 2012 3151 2050 nec
3191 2000 3257 2053 de
3287 2002 3383 2054 lto-

1808 2093 1940 2132 nore
1968 2079 2164 2147 gradus
2192 2080 2391 2150 aliquid
2421 2084 2705 2145 minueret,
2736 2084 3014 2155 ipsamque
3045 2093 3200 2145 unico
3224 2093 3388 2167 644

1810 2183 1997 2223 amore
2026 2170 2254 2238 diligens
2296 2172 2345 2224 in
2389 2174 2637 2227 omnibus
2671 2176 2925 2230 honorem
2961 2193 3235 2246 ltrmstaret
3260 2200 3387 2239 con-

1807 2262 1984 2329 digne,
2020 2259 2375 2332 Gundeberga
2422 2267 2748 2332 attraltente,
2777 2283 2964 2325 omnes
3009 2272 3387 2341 Langobardo-

1808 2370 1922 2409 rum
1947 2356 2200 2423 primates
2221 2357 2594 2411 Cltrotltarium
2615 2360 2904 2415 sublimant
2931 2365 2980 2416 itt
3015 2381 3197 2436 regno.
3222 2367 3388 2422 Chro-

1807 2445 2013 2500 tharius
2043 2462 2161 2499 cum
2189 2463 2411 2517 regnare
2440 2450 2717 2517 empiSset,
2742 2452 2935 2506 multos
2966 2456 3219 2510 nobilium
3250 2460 3387 2513 Lan-

1806 2536 2162 2605 gobardorum
2191 2577 2205 2599 ,
2238 2551 2370 2604 quos
2399 2538 2497 2590 sibi
2544 2550 2785 2593 senserat
2814 2555 3178 2611 contumaces,
3215 2548 3381 2604 inter-

1809 2627 1956 2682 fecit.
1989 2626 2339 2681 Chrotltarius
2380 2627 2723 2684 fortiSsintam
2765 2632 3097 2701 disciplinam
3144 2651 3197 2691 et
3229 2640 3386 2695 timo-

1808 2736 1919 2773 rem
1952 2720 2002 2773 itt
2035 2735 2191 2774 omne
2221 2736 2441 2790 regnum
2475 2720 2939 2791 Langobardorum
2967 2744 3148 2794 pacem
3174 2745 3387 2788 sectans

1808 2812 1950 2866 fecit.
2002 2813 2353 2866 Chrotltarius
2402 2813 2600 2867 oblitus
2644 2817 2962 2872 sacramenti
2993 2823 3132 2888 quod
3163 2822 3384 2879 Gunde-

1808 2906 1984 2976 berga:
2013 2908 2234 2963 dederat
2259 2950 2275 2973 ,
2323 2925 2546 2979 eamque
2577 2911 2629 2963 itt
2679 2927 2839 2965 unum
2877 2916 3180 2970 cubiculum
3208 2919 3379 2974 Ticini

1810 2999 1863 3053 in
1894 3001 2013 3053 aula
2045 3002 2222 3070 palatii
2250 3001 2496 3066 retrudit,
2520 3017 2742 3074 eamque
2768 3005 2830 3058 :td
2858 3008 3117 3074 privatum
3143 3010 3378 3069 habitum

1811 3096 1992 3150 vivere
2022 3092 2150 3150 fecit
2176 3113 2190 3162 ;
2222 3097 2459 3166 quinque
2485 3113 2652 3152 annos
2678 3100 2777 3153 sub
2809 3116 2868 3154 ea
2904 3106 3203 3159 retrusione
3226 3116 3380 3163 tene-

113 3200 371 3261 mittens,
404 3206 555 3265 rogat
590 3205 647 3247 ut
676 3194 941 3246 Tasouem
961 3234 977 3261 ,
1026 3193 1214 3246 ducent
1250 3194 1535 3262 provincia:
1566 3193 1699 3248 Tus-
1730 3186 1777 3249 C
1809 3198 1911 3239 tur.
1943 3186 2292 3241 Chrotharius
2322 3202 2415 3255 per
2443 3188 2770 3243 concubinas
2801 3190 3229 3249 debaccltabatur
3254 3198 3381 3255 assi-

113 3306 289 3356 ωηεν,
319 3303 426 3359 quo
458 3297 664 3357 poterat
706 3286 921 3354 ingenio
952 3283 1300 3337 interﬁceret.
1335 3283 1500 3352 Hujus
1533 3284 1691 3337 bene-

108 3384 208 3440 Iicii
242 3380 610 3435 vicissitudine
641 3377 831 3432 tributa
867 3418 882 3441 ,
915 3391 1031 3446 qua!
1074 3374 1407 3438 Langobardi
1440 3377 1505 3429 dc
1535 3392 1691 3433 manu

108 3473 319 3542 publica
369 3468 474 3542 [Id
519 3478 627 3533 εει,
682 3464 940 3538 imperio]
999 3466 1355 3536 recipiebant,
1413 3468 1508 3521 ttia
1566 3484 1691 3521 cen-

105 3566 308 3622 tenaria
335 3564 449 3617 auri
490 3563 642 3617 annis
670 3560 923 3632 singulis,
953 3560 1093 3614 unde
1129 3578 1289 3613 ttttunt
1322 3564 1686 3618 centenarium

107 3661 214 3714 auri
266 3656 601 3712 Charoaldus
652 3671 743 3709 rex
797 3658 1032 3721 partibus
1075 3654 1282 3722 imperti
1327 3654 1392 3706 de
1438 3658 1685 3722 praesenti

106 3759 365 3807 cassaret.
414 3748 654 3802 Ilisacins
706 3748 960 3805 na.rtcitts
1014 3745 1127 3799 hinc
1177 3759 1438 3805 auutens,
1490 3756 1683 3799 tracta-

108 3844 189 3899 bat
244 3845 441 3913 quibus
491 3842 717 3910 tngeniis
770 3842 882 3894 haec
952 3839 1211 3908 potuisset
1260 3838 1524 3904 implere,
1579 3840 1686 3897 Ta-

108 3938 218 3991 sotti
260 3934 539 4004 ingeniose
571 3932 867 3996 mandans,
908 3931 1030 3984 dum
1075 3931 1126 3984 in
1157 3929 1355 3983 oﬂensa
1394 3928 1682 3986 Cltaroaldi

108 4040 242 4093 erat,
275 4032 396 4081 cum
426 4040 541 4095 ipso
581 4023 845 4077 amicitias
890 4026 1168 4091 obugaret,
1202 4024 1315 4087 ipse
1345 4038 1471 4076 vero
1501 4034 1684 4078 contra

108 4118 468 4174 Charoaldum
512 4130 689 4186 regem
719 4115 769 4169 ei
812 4115 1178 4167 auxiliaretur.
1225 4113 1338 4167 Tali
1389 4125 1688 4177 praeventus

107 4221 183 4267 est
237 4210 427 4265 fraude
474 4224 490 4261 :
539 4210 848 4261 Ravennam
883 4216 1071 4276 pergit.
1115 4206 1443 4261 Hisacius‘ei
1476 4210 1685 4261 onviam

108 4302 409 4364 mandans,
442 4315 552 4370 pm
597 4303 790 4353 timore
833 4297 1207 4365 imperatoris,
1252 4296 1517 4352 Tasonem
1564 4314 1683 4353 cum

110 4396 211 4449 suis
267 4394 400 4447 intra
452 4405 637 4445 muros
668 4388 941 4442 Ravennae
969 4390 1114 4442 urbis
1142 4399 1404 4442 armatum
1436 4406 1541 4459 non
1587 4408 1684 4444 au-

108 4487 266 4543 debat
297 4487 559 4553 recipere.
588 4480 829 4551 Cumque
852 4480 991 4536 Taso
1015 4480 1261 4543 credens,
1291 4496 1435 4533 arma
1466 4496 1681 4536 suorum

1795 3279 1925 3333 due.
1963 3277 2313 3349 Gundeberga
2336 3324 2347 3341 ,
2381 3297 2446 3334 eo
2476 3282 2615 3349 quod
2646 3295 2786 3337 esset
2823 3284 3158 3353 Christiana,
3194 3291 3243 3344 in
3276 3294 3377 3350 hac

1796 3371 2134 3426 tribulatione
2164 3372 2505 3428 be.tedicebat
2534 3372 2701 3427 Deum
2728 3377 3147 3440 otunipotentem
3176 3424 3190 3445 ,
3234 3384 3372 3453 jeju-

1791 3465 1898 3519 niis
1930 3474 1983 3519 et
2020 3466 2351 3520 oratioutnus
2380 3466 2594 3521 assidue
2626 3473 2958 3535 pervncabat.

1864 3552 2051 3620 LXXI.
2089 3566 2313 3633 Quando
2344 3569 2448 3620 Deo
2478 3571 2813 3635 complacuit.
2848 3572 3069 3625 Aubedo
3102 3571 3121 3609 τ
3168 3573 3369 3641 legata-

1792 3656 1905 3711 rius
1949 3656 2182 3711 directus
2230 3674 2257 3710 a
2290 3660 2600 3713 (lltlodoveo
2636 3676 2758 3725 rege
2788 3671 2839 3718 8,
2882 3677 3039 3716 causa
3088 3663 3364 3723 legationis

1793 3762 1963 3816 usque
1987 3747 2363 3802 Chrotbariuut
2397 3766 2571 3821 regem
2622 3753 3094 3822 Langobardorum
3129 3754 3366 3821 Papiam,

1790 3849 2147 3909 cognomento
2191 3841 2376 3893 'l'icnto
2404 3838 2454 3904 h,
2487 3843 2753 3896 civitatem
2804 3841 2966 3897 Italia:
3018 3844 3370 3912 pervenisset,

1790 3947 2020 3987 cernens
2048 3932 2286 4001 reginam
2307 3973 2321 3995 ,
2353 3948 2509 4001 quam
2540 3934 2734 3999 saepius
2762 3935 2811 3986 in
2848 3934 3111 4003 legatione
3141 3937 3361 3990 veniens

1792 4025 2024 4091 viderat,
2049 4027 2189 4079 etab
2220 4026 2329 4095 ipsa
2363 4026 2589 4094 benigne
2619 4041 2831 4093 semper
2860 4038 3140 4094 susceptus
3171 4027 3363 4092 fuerat,

1792 4117 1955 4171 luisse
2008 4130 2268 4171 retrusam
2334 4117 2479 4184 quasi
2538 4117 2828 4185 injunctum
2883 4117 3122 4182 habens,
3173 4121 3365 4173 exinde

1791 4218 1928 4263 inter
1958 4221 2150 4263 caetera
2183 4208 2505 4262 Chrntltario
2546 4210 2650 4275 regi
2697 4210 2988 4279 suggessit,
3039 4210 3175 4277 quod
3222 4211 3365 4264 illam

1792 4313 2065 4368 patentem
2111 4304 2434 4356 Francorum
2476 4315 2631 4370 quam
2674 4301 2911 4370 reginam
2948 4302 3201 4355 habuerat
3226 4343 3242 4366 ,
3274 4318 3365 4371 per

1792 4410 1949 4462 quam
1974 4395 2133 4448 etiam
2167 4410 2382 4461 regnum
2413 4400 2796 4458 aSsttmttserat,
2830 4407 2933 4445 non
2959 4392 3229 4447 debuisset
3261 4397 3365 4448 ltu-

1796 4486 2025 4539 tniliare.
2064 4484 2269 4538 Exinde
2300 4499 2449 4550 riges
2492 4482 2815 4535 Francorum
2846 4490 2901 4535 et
2948 4481 3133 4535 Franci
3182 4494 3364 4538 essent

109 4580 233 4635 Iuris
261 4582 449 4633 urbem
477 4578 784 4646 relinquens
806 4615 823 4638 ,
862 4576 913 4626 itt
943 4574 1245 4626 Ravennam
1277 4574 1462 4625 luisset
1486 4574 1689 4642 ingres—
1718 4571 1771 4630 D
1796 4578 1985 4647 ingrati
2012 4619 2024 4639 ,
2058 4594 2215 4645 quam
2243 4575 2593 4630 Chtotbarius
2622 4574 2689 4627 de
2717 4574 2967 4643 przesenti
3008 4578 3362 4631 reverentiam

176 4718 195 4738 ·
236 4706 405 4766 Editi,
430 4698 830 4759 sollicitatione.
856 4700 1015 4767 Boh.,
1036 4701 1314 4755 solutione.
1338 4702 1403 4755 Et
1420 4701 1557 4755 infra
1581 4703 1678 4766 aL,

116 4786 438 4842 reparantes.

184 4849 210 4888 δ
247 4846 339 4900 Sic
370 4847 608 4897 Clarom.
646 4843 800 4896 Coll).
834 4858 963 4896 vero
997 4849 1051 4895 et
1094 4839 1288 4894 Bolter.
1326 4857 1448 4895 cum
1480 4840 1677 4909 Palat.,

130 4917 471 4977 Vocastcme;
500 4916 615 4975 alii,
661 4910 998 4982 Vogasteuse,
1032 4911 1317 4982 Vocqlettse

178 5001 198 5028 τ
239 4987 422 5046 Colh.,
452 4985 627 5039 Boher
646 4992 699 5036 et
730 4980 935 5050 aliquot
956 4983 1118 5037 Editi.
1147 4980 1383 5033 Urbium.
1412 4980 1520 5037 Hos
1545 4982 1679 5035 Sur-

121 5056 254 5118 hios,
274 5057 481 5110 Sorbos
497 5070 591 5108 seu
616 5053 852 5107 Sorabns
867 5069 985 5106 esse
1005 5056 1078 5105 ait
1095 5050 1365 5115 Cointius,
1388 5051 1681 5123 Tlturingis

121 5126 393 5189 ﬁnitimos,
427 5127 518 5194 qui
546 5123 845 5194 Austrasiis
886 5125 1166 5194 parebant.

181 5198 206 5238 ά
245 5190 458 5251 (ὶΙιρδῐιζ
482 5196 579 5257 aL,
603 5190 994 5249 Chrodoaldus.
1022 5192 1105 5251 Et,
1128 5190 1288 5256 infra,
1313 5191 1483 5254 (llam,
1507 5190 1683 5261 Hym-

120 5269 241 5320 rius.
265 5268 363 5323 Ed.
387 5268 614 5333 aliquot,
638 5263 866 5324 Isacius,
883 5263 973 5331 qui
997 5273 1050 5316 et
1071 5262 1209 5333 infra
1236 5261 1434 5315 habent
1458 5262 1681 5333 Arsonem

120 5351 233 5391 cum
254 5338 409 5389 (Zolb.
436 5332 603 5388 Porro
634 5350 809 5388 rerum
836 5332 1365 5401 Langobardicarunt
1398 5332 1587 5385 notitia
1610 5348 1678 5387 ex

125 5404 283 5459 Paulo
311 5406 461 5459 Diae.
492 5406 835 5474 potissimum
866 5403 1155 5474 repetenda
1178 5410 1282 5474 est,
1312 5417 1448 5474 quas
1470 5403 1679 5474 passim

122 5473 475 5546 Fredegarius
492 5470 1034 5546 pertttrbat.0bserva
1054 5470 1449 5546 Ilisaciummui
1468 5473 1678 5525 Italiam

123 5540 460 5615 imperatoris
491 5540 733 5606 nomine,
760 5544 997 5615 regebat,
1019 5542 1300 5610 patricium
1326 5540 1681 5615 humanorum

124 5612 205 5684 hic
237 5634 264 5669 a
323 5616 649 5684 Fredegario
686 5613 965 5684 appellari.
1025 5626 1136 5684 quo
1195 5612 1415 5664 nomine
1452 5612 1681 5684 Carolus

127 5682 341 5752 Magnus
365 5682 633 5738 somniant
660 5682 839 5750 poStea
866 5684 919 5735 in
950 5682 1093 5734 Italia
1122 5688 1441 5752 potestatem
1468 5682 1678 5752 ltaltttil.

200 5751 221 5794 ε
258 5758 438 5818 Colh.,
484 5753 811 5806 Rotltarium.
840 5754 1039 5805 (Eltesn.
1092 5755 1160 5803 al.
1198 5751 1387 5810 setttt-I,
1425 5760 1477 5803 ct
1520 5751 1629 5805 Bob
1665 5790 1678 5823 η

359 5873 627 5931 ΡΑτιιοιη
681 5868 881 5927 LXXI.

1792 4707 2238 4763 Chrolacharium.
2268 4708 2438 4776 Vulgo
2467 4710 2760 4775 appellatur
2791 4707 3051 4763 Rat/uris.

1868 4778 1883 4817 ¹
1933 4781 1979 4833 Is
2010 4790 2092 4833 est
2122 4780 2466 4833 Andobaldus
2499 4782 2675 4846 palatii
2703 4795 2916 4846 comes,
2956 4793 3015 4834 ιιι
3050 4795 3229 4839 censet
3264 4787 3357 4841 Pe-

1793 4851 1994 4912 raldus,
2025 4851 2113 4918 qui
2138 4864 2461 4911 memoratur
2492 4851 2741 4903 inchnrta
2771 4852 2989 4906 (Ilotarii
3015 4853 3099 4919 Ill,
3132 4872 3226 4918 pro
3253 4874 3368 4908 mo-

1793 4923 2030 4974 nasterio
2081 4921 2248 4973 sancti
2304 4920 2520 4987 Benigui
2577 4921 2927 4984 Iliviunensis,
2957 4924 3078 4976 data
3120 4940 3209 4978 an.
3241 4925 3363 4979 (£64.

1798 4992 1938 5044 Hem
1988 4991 2261 5043 Audebedo
2303 5007 2393 5043 seu
2434 4991 2739 5044 Audebcllus
2776 4994 2971 5047 dicitur
3013 4995 3063 5046 in
3104 4996 3370 5052 Chronico

1793 5062 2033 5129 ejusdem
2064 5060 2396 5121 monasterii,
2427 5073 2570 5113 tumo
2600 5062 2616 5113 Ι
2642 5063 2829 5131 Spicil.
2864 5064 3169 5117 Achertani.

1870 5161 1893 5197 κ
1932 5150 2126 5205 Confer
2152 5160 2313 5218 caput
2336 5151 2425 5213 50,
2455 5167 2635 5214 supra.
2658 5153 2744 5207 ttbi
2773 5154 2960 5207 eadem
2993 5154 3208 5208 historia
3243 5173 3369 5208 nar-

1785 5232 1948 5275 ratur.
1985 5222 2119 5275 Editi
2144 5220 2680 5287 plerique,Cltlotario
2704 5238 2837 5291 rege.
2854 5222 3031 5285 Colb.,
3063 5222 3369 5282 Chlodavio.

1789 5294 1885 5347 Hic
1916 5295 1967 5346 itt
1990 5294 2291 5352 CitrOtlIClS,
2320 5294 2487 5345 Sancti
2522 5294 2736 5355 Benigni
2769 5301 2823 5345 et
2852 5292 3129 5358 Besuensi,
3160 5296 3373 5352 Chlam-

1788 5368 1895 5418 rius
1924 5374 1980 5419 et
2004 5363 2317 5417 Chlodoveux
2348 5364 2642 5430 appellatus
2676 5364 2839 5416 fuisse
2866 5362 3079 5418 dicitur.

1857 5452 1882 5490 ιι
1933 5457 2111 5521 Papia,
2141 5456 2296 5529 vulgo
2327 5454 2668 5529 Pat'ie,_urbs
2699 5454 3169 5529 Langobardorum
3194 5463 3356 5529 regia,

1796 5527 1972 5579 Flavua
2009 5529 2168 5578 etiam
2199 5527 2336 5577 dtcta
2360 5566 2374 5586 ,
2416 5541 2468 5579 et
2507 5526 2750 5578 Ticinum
2782 5544 2809 5577 a
2839 5526 3023 5581 Ticino
3055 5531 3213 5584 ﬂuvio
3246 5526 3368 5594 (Τέ-

1794 5602 1917 5662 Illi},
1953 5599 2039 5665 qui
2068 5612 2188 5671 eant
2219 5599 2399 5671 alluit;
2426 5598 2550 5650 sede
2580 5596 2874 5671 _ep_i~copa|i
2922 5600 3051 5671 ttulit
3101 5606 3368 5671 archiepi-

1797 5686 1959 5731 scopo
1999 5670 2233 5736 subjecta
2258 5707 2272 5730 ,
2304 5670 2525 5721 ducatus
2555 5668 2738 5734 titulo,
2765 5680 2818 5722 et
2865 5670 3134 5726 academia
3176 5668 3341 5728 nobili

1800 5752 1939 5790 I.tlUt'

2981 5874 3047 5932 21
