4020 6194
661 264 758 319 651

1827 254 2241 311 FllEDEGARIl
2278 251 2723 310 SCIIULASTICI

3815 250 3945 306 65‘)

659 379 983 435 Francorum
1016 375 1234 435 habens,
1258 372 1408 443 jubet
1436 370 1614 438 egredi
1640 367 1809 432 foras,
1839 379 1893 421 et
1922 378 2043 435 post
2069 367 2234 433 quin-
2267 375 2312 425 Α
2345 374 2663 419 ceterorum
2694 360 3021 417 Sisenandus
3042 360 3255 432 quidam
3283 375 3352 417 ex
3378 359 3689 430 proceribus
3723 362 3787 415 ad
3818 360 3946 415 ι)..-

658 487 760 539 qne
780 469 994 522 circiter
1021 480 1209 525 annos.
1241 480 1333 531 per
1363 473 1525 516 totam
1550 461 1816 515 civitatem
1842 468 1895 513 et
1922 458 2053 513 foris
2085 456 2231 511 Gun-

657 562 890 630 deberga
912 557 1076 629 regali
1104 556 1291 611 ordine
1320 569 1413 623 per
1441 552 1558 607 loca
1589 561 1896 606 sanctorum
1930 550 1994 602 ad
2023 551 2231 603 oratio-

658 668 783 706 nem
830 649 1153 720 aggreditur.
1196 647 1272 701 De
1298 645 1434 699 villis
1474 654 1528 698 et
1575 642 1766 710 apibus
1797 642 1907 696 fisci
1956 641 2099 710 quod
2134 642 2232 695 ha-

658 745 870 809 buerat,
884 740 1288 798 Chrothariusei
1309 739 1595 794 restaurari
1620 736 1891 804 praecepit,
1910 735 2049 803 quod
2068 748 2237 802 usque

658 838 798 891 diem
829 836 1007 890 obitus
1029 832 1133 894 sui,
1164 839 1219 885 et
1247 830 1466 897 gradum
1492 826 1790 895 dignitatis,
1820 834 1874 878 et
1895 825 2086 890 opibus
2119 823 2236 892 plu-

658 929 809 983 ribus
838 927 1024 988 ditata,
1051 923 1199 992 regio
1227 922 1370 974 cultu
1402 928 1519 987 post
1547 918 1770 971 feliciter
1795 914 2236 969 tenuit.-Aubedo

660 1033 789 1073 vero
844 1032 873 1068 a
930 1014 1285 1080 Gundeberga
1344 1010 1526 1077 regina
1580 1007 1785 1061 fortiter
1832 1014 2229 1060 remuneratur.

659 1108 819 1180 645
874 1104 1220 1160 Chrmharius
1275 1116 1395 1153 cum
1438 1098 1674 1152 exercitu
1706 1098 1981 1152 Genavam
2032 1095 2237 1148 mariti-

658 1215 797 1253 mam
825 1240 839 1263 ,
891 1195 1278 1261 Albinganum,
1320 1188 1632 1244 Varicottim
1654 1230 1668 1252 ,
1717 1188 1947 1242 Saonam
1969 1229 1982 1249 ,
2025 1185 2238 1240 Ubiter-

656 1290 798 1360 gium
818 1329 833 1351 ,
865 1297 915 1341 et
944 1285 1143 1340 Lunam
1178 1292 1202 1318 ἰ
1232 1282 1473 1336 civitates
1503 1280 1696 1333 littoris
1720 1277 1881 1331 maris
1912 1278 1979 1331 de
2012 1276 2237 1343 imperio

656 1382 905 1438 auferens
932 1388 1135 1441 vastat,
1169 1375 1401 1445 rumpit,
1438 1374 1687 1428 incendio
1716 1384 2097 1433 concremans,
2134 1383 2232 1436 po-

659 1477 838 1545 pulum
869 1472 1076 1536 diripit,
1110 1470 1299 1537 spoliat
1328 1481 1379 1520 et
1403 1464 1709 1534 captivitate
1728 1462 2084 1526 condemnat;
2118 1476 2235 1513 ntu-

657 1580 851 1635 rosque
897 1578 1078 1618 earum
1126 1573 1293 1629 usque
1346 1557 1412 1610 ad
1472 1554 1861 1609 ‘undamentum
1906 1552 2230 1616 destrueus,

657 1660 800 1712 vicos
834 1656 927 1709 has
955 1653 1201 1707 civitates
1231 1650 1506 1702 nominare
1528 1646 1804 1715 prtecepit.

2341 457 2619 525 gobcrtum
2667 456 2872 525 expetit
2914 468 2969 509 ut
3011 456 3059 510 ei
3105 470 3226 508 cum
3254 454 3496 510 exercitu
3535 455 3942 517 auxiliaretur,

2337 548 2567 616 qualiter
2616 548 2965 602 Sintellauem
3014 549 3334 616 degradaret
3363 562 3393 600 a
3425 562 3627 617 regno:
3663 548 3713 601 itt
3765 550 3943 615 huius

2338 639 2580 695 beneficii
2614 640 2984 710 repeusionem
3050 641 3353 696 missorium
3390 656 3610 696 aureum
3654 642 3943 697 nobilissi-

2340 736 2483 785 mum
2527 748 2591 787 ex
2623 733 2890 789 thesauris
2943 733 3261 789 Gotthorum
3287 775 3303 799 ,
3335 750 3490 803 quem
3522 735 3945 791 Thursemtdus

2340 840 2431 879 rex
2481 827 2549 881 ab
2581 826 2726 879 zEtio
2755 825 2781 862 ιι
2814 827 3038 896 patricio
3085 838 3408 895 acceperat,
3443 828 3741 897 Dagoberto
3788 829 3940 883 dare

2340 916 2601 982 promisit,
2638 927 2950 985 pensantem
2978 918 3090 971 auri
3135 918 3342 986 pondus
3381 916 3396 954 ί
3432 921 3775 987 quingentos.
3801 921 3941 987 Quo

2340 1008 2524 1062 audito
2546 1051 2559 1073 ,
2597 1009 2961 1077 Dagohertus,
2994 1021 3050 1064 ut
3088 1020 3202 1064 erat
3240 1012 3466 1071 cupidus
3489 1054 3504 1076 ,
3535 1013 3830 1066 exercitum
3875 1016 3936 1066 in

2340 1100 2594 1151 auxilium
2626 1101 2908 1154 Sisenamli
2957 1101 3024 1155 de
3076 1112 3186 1154 toto
3213 1118 3380 1171 regno
3423 1104 3745 1173 Burgundiae
3783 1104 3936 1158 ban-

2340 1189 2456 1244 nire
2481 1193 2754 1260 pracepit.
2785 1191 3033 1262 Cumque
3063 1194 3114 1246 in
3146 1195 3339 1260 Spania
3368 1195 3699 1264 divulgatum
3732 1195 3937 1251 fui~set

2338 1279 2633 1334 exercitum
2664 1280 2991 1335 Francorum
3023 1283 3074 1336 in
3116 1284 3369 1337 auxilium
3404 1284 3706 1339 Sisenando
3731 1301 3937 1356 aggre-

2338 1373 2500 1437 dere,
2537 1379 2713 1429 omnis
2760 1374 3078 1431 Gotthorum
3126 1379 3395 1433 exercitus
3438 1394 3497 1433 se
3536 1378 3723 1435 ditioui
3770 1381 3934 1436 Sisc-

2338 1465 2497 1519 nandi
2526 1465 2752 1536 subegit.
2778 1468 3149 1522 Abundantius
3167 1478 3220 1522 et
3248 1469 3598 1525 VenerauJus
3623 1487 3743 1525 cum
3765 1487 3936 1526 exer-

2344 1557 2450 1613 citu
2487 1556 2794 1613 Tholosano
2826 1568 3029 1613 tantum
3078 1575 3247 1628 usque
3287 1562 3746 1633 Cmsaraugustam
3787 1566 3933 1617 rivi-

2341 1659 2502 1706 tatem
2554 1668 2675 1707 cum
2725 1653 3029 1708 Sisenando
3080 1664 3457 1721 accesserunt,
3507 1657 3684 1726 ibique
3732 1674 3936 1712 omnes

732 1746 940 1801 LXXII.
999 1743 1075 1796 Eo
1122 1753 1262 1794 anno
1311 1739 1364 1793 in
1432 1734 1726 1791 Abammm
1756 1732 1781 1768 δ
1808 1773 1822 1794 ς
1874 1740 2227 1800 εοεηοηιεηιο
2261 1733 2307 1793 Β
2334 1743 2520 1799 Golthi
2557 1745 2624 1800 de
2661 1762 2828 1816 regno
2863 1747 3079 1816 Spanius
3128 1748 3486 1803 Sisenandum
3537 1749 3831 1805 sublimattt
3875 1753 3938 1806 in

653 1840 987 1904 Chunorum,
1023 1849 1188 1902 regno
1227 1831 1280 1885 in
1324 1828 1599 1884 Pannonia
1630 1838 1651 1863 α
1682 1824 1911 1879 surrexit
1943 1826 2233 1879 vehemens

654 1935 897 1998 intentio,
929 1948 994 1985 eo
1033 1929 1171 1998 quod
1202 1928 1269 1981 de
1299 1941 1463 1992 regno
1492 1931 1780 1987 certarent,
1811 1921 1895 1976 cui
1944 1920 2234 1975 deberetur

653 2027 721 2083 ad
752 2023 1169 2087 succedendum,
1204 2034 1342 2073 unus
1372 2034 1434 2073 ex
1468 2017 1658 2072 Aharis
1686 2026 1739 2070 et
1769 2016 1905 2068 alius
1933 2029 1997 2068 ex
2046 2014 2235 2084 Bulga-

653 2120 763 2183 ris;
797 2116 1019 2170 collecta
1048 2108 1384 2166 multitudine
1416 2116 1639 2176 uterque
1684 2107 1734 2159 in
1766 2104 1996 2159 invicem
2028 2118 2232 2173 pugna-

663 2220 811 2266 runt.
837 2208 1074 2264 Tandem
1100 2202 1261 2258 Abari
1292 2201 1543 2271 Bulgaros
1572 2208 1844 2267 superant.
1879 2197 2119 2267 Bulgaris
2145 2214 2234 2251 su-

656 2312 875 2374 peratis,
905 2313 1095 2353 novem
1140 2294 1301 2349 millia
1329 2294 1562 2347 virorum
1592 2306 1712 2346 cum
1747 2290 2008 2344 nitoribus
2056 2298 2111 2344 et
2172 2288 2234 2341 li;

657 2393 801 2450 beris
822 2392 889 2446 de
911 2390 1183 2445 Pannonia
1216 2386 1452 2454 expulsi,
1483 2384 1545 2436 ad
1576 2382 1932 2453 Dagobertum
1955 2388 2228 2448 expetunt,

657 2494 901 2557 petentes
934 2491 991 2536 ttt
1020 2496 1114 2537 eos
1160 2482 1211 2533 in
1262 2489 1402 2532 terra
1443 2477 1771 2531 Francorum
1813 2474 1878 2529 ad
1906 2472 2232 2528 manendum

658 2580 939 2648 reciperet.
975 2574 1305 2644 Dagobertus
1331 2570 1481 2640 jubet
1510 2584 1603 2623 eos
1644 2568 1710 2622 ad
1754 2566 2094 2620 hiemandum
2135 2565 2234 2619 Ba-

658 2670 853 2741 ioarios
885 2668 1144 2735 recipere,
1177 2660 1467 2716 dummodo
1494 2664 1843 2730 pertractaret
1869 2670 1989 2710 cum
2018 2653 2234 2709 Francis

657 2760 785 2831 quid
827 2758 1021 2814 exinde
1054 2756 1223 2809 fieret.
1253 2753 1490 2820 Cumque
1523 2749 1747 2816 diapersi
1792 2762 1885 2814 per
1913 2746 2099 2799 domos
2129 2747 2233 2800 Ba-

658 2850 944 2919 ioariorum
988 2847 1053 2902 ad
1088 2844 1425 2900 hiemandum
1458 2840 1714 2904 fuissent,
1748 2838 1971 2893 consilio
2003 2838 2233 2893 Franco-

659 2958 772 2996 rum
800 2938 1136 3008 [iagobertus
1161 2932 1417 3001 llajoariis
1442 2930 1593 2997 jubet
1618 2940 1675 2983 ut
1698 2930 1948 2999 Bulgaros
1974 2928 2094 2983 illos
2112 2942 2233 2983 cum

660 3033 915 3087 uxoribus
947 3040 1000 3084 et
1033 3028 1214 3083 liberis
1243 3029 1615 3091 unusquisque
1644 3023 1696 3074 itt
1739 3021 1900 3075 domo
1926 3036 2018 3075 sua
2048 3022 2098 3075 in
2130 3035 2235 3075 una

2338 1850 2582 1905 regnum.
2616 1836 2987 1892 Abundantius
3020 1837 3034 1887 l
3070 1847 3125 1891 et
3157 1837 3502 1893 Venerandus
3532 1855 3653 1894 cum
3681 1843 3937 1897 exercitu

2336 1924 2646 1980 Tholosano
2676 1927 2985 1981 muneribus
3016 1926 3261 1981 honorati
3308 1941 3659 1984 revertuntur
3694 1932 3761 1984 ad
3796 1947 3939 1999 pro-

2339 2015 2480 2081 prias
2512 2014 2687 2069 sedes.
2731 2015 3065 2086 Dagobertus
3098 2018 3418 2088 legationem
3451 2020 3518 2074 ad
3564 2022 3937 2077 Sisenaudum

2336 2119 2540 2175 regem,
2576 2107 2937 2176 Amalgarium
2980 2109 3167 2163 ducem
3199 2120 3251 2163 et
3294 2109 3674 2165 Venerandum
3704 2113 3891 2178 dirigit
3919 2153 3937 2176 ,

2338 2205 2397 2249 ut
2446 2197 2751 2251 missorium
2800 2198 2949 2252 illum
2981 2216 3136 2268 quem
3178 2203 3495 2269 promiserat
3523 2201 3695 2257 eidem
3727 2204 3935 2273 dirge-

2337 2295 2460 2342 ret:
2485 2302 2712 2358 cumque
2740 2305 2770 2343 a
2809 2290 3112 2344 Sisenando
3143 2307 3269 2359 rege
3300 2295 3576 2347 missorius
3607 2292 3694 2347 ille
3725 2294 3936 2362 legata-

2335 2378 2430 2433 riis
2460 2379 2644 2435 fuisset
2671 2382 2921 2447 traditus,
2944 2398 2974 2436 a
3003 2380 3214 2437 Gotthis
3247 2400 3340 2452 per
3368 2386 3473 2438 vim
3501 2384 3529 2421 ιι
3569 2386 3791 2450 tollitur,
3827 2400 3934 2440 nec

2336 2487 2461 2527 eum
2508 2473 2705 2529 exinde
2757 2474 3012 2530 exhibere
3061 2478 3437 2547 permiserunt.
3487 2478 3673 2533 Postea
3710 2479 3935 2534 discur-

2337 2563 2575 2618 rentibus
2622 2565 2809 2633 legatis
2855 2567 3080 2621 ducenta
3132 2568 3296 2622 millia
3343 2568 3632 2622 solidorum
3679 2570 3931 2624 tuissorii

2341 2655 2507 2724 hujus
2532 2656 2686 2724 pretii
2704 2656 3036 2727 Dagoliertus
3059 2673 3087 2711 a
3107 2658 3405 2715 Sisenando
3425 2659 3715 2729 accipiens,
3731 2660 3932 2729 ipsum-

2336 2762 2443 2816 que
2469 2746 2733 2816 pensavit.

2409 2839 2510 2891 AN.
2544 2852 2757 2892 ncxxxt.
2787 2868 2857 2879 -—-
2883 2838 3117 2893 LXXIV.
3148 2840 3305 2894 Anno
3339 2840 3404 2895 10
3432 2841 3584 2911 regni
3612 2840 3928 2911 Dagoberti,

2337 2944 2459 2983 cum
2481 2929 2531 2984 ei
2563 2931 2862 2983 nuntiatum
2890 2931 3075 2985 fuisset
3100 2932 3393 2987 exercitum
3421 2931 3759 2986 Winidurum
3780 2934 3928 2987 Tho-

2339 3020 2571 3092 ringiam
2617 3020 2783 3076 fuisse
2824 3020 2986 3093 647
3024 3023 3321 3092 ingressum
3351 3064 3369 3089 ,
3400 3038 3519 3076 cum
3568 3024 3811 3080 exercitu
3860 3023 3929 3078 de

661 3133 818 3176 nocte
848 3118 1072 3189 Bajoarii
1104 3116 1486 3175 interficerent,
1533 3111 1672 3181 quod
1706 3110 1946 3179 protinus
1973 3124 2002 3164 a
2046 3110 2234 3180 Bajoa-
2264 3111 2312 3176 C
2344 3127 2510 3180 regno
2561 3112 2961 3167 Ausurasiorum
3014 3114 3082 3168 de
3134 3114 3313 3169 Mettis
3355 3114 3485 3169 urbe
3556 3130 3883 3183 promoveus
3907 3154 3922 3174 .

662 3213 759 3267 riis
806 3220 889 3266 est
935 3212 1233 3276 impletum.
1265 3208 1375 3262 Nec
1421 3206 1700 3274 quisquam
1732 3219 1798 3259 ex
1840 3203 1945 3257 illis
1975 3205 2236 3259 remansit

664 3302 932 3371 Bulgaris,
964 3298 1062 3352 nisi
1094 3307 1294 3350 tantum
1323 3296 1545 3349 Altimus
1576 3290 1603 3329 ά
1636 3309 1756 3346 rum
1787 3292 2135 3361 septingentis
2162 3293 2239 3347 vi-

662 3394 761 3459 ris,
792 3402 847 3448 et
878 3391 1129 3446 uxoribus
1161 3404 1282 3443 cum
1325 3388 1528 3450 liberis,
1565 3386 1654 3455 qui
1686 3385 1741 3438 in
1783 3398 1958 3438 marca
1990 3383 2237 3438 Winido-

663 3502 779 3543 rum
813 3496 837 3523 °
878 3485 1114 3540 salvatus
1157 3490 1258 3535 est.
1312 3482 1440 3534 I’ost
1470 3482 1581 3532 hac
1622 3493 1741 3532 cum
1774 3476 2019 3531 Walluco
2054 3475 2073 3514 τ
2103 3478 2241 3532 duce

665 3576 1007 3636 Winidorum
1038 3572 1194 3627 annis
1225 3570 1468 3641 plurimis
1497 3570 1629 3623 vixit
1652 3584 1769 3622 cum
1801 3568 1932 3627 suis.

733 3668 967 3725 LXXIII.
997 3668 1073 3720 Eo
1098 3682 1236 3718 anno
1258 3664 1383 3735 quid
1415 3664 1650 3731 partibus
1676 3661 1913 3732 Spanize,
1937 3662 2018 3715 vel
2049 3676 2238 3716 eorum

661 3764 879 3835 regibus
905 3760 1226 3831 contigerit,
1261 3773 1363 3811 non
1406 3756 1834 3825 praetermittam.
1871 3753 2127 3808 Defuncto
2155 3752 2242 3809 Si-

668 3855 863 3913 sibudo
896 3863 944 3919 ε,
977 3868 1101 3923 rege
1130 3849 1549 3906 clementissimo
1572 3889 1586 3913 ,
1622 3846 1707 3901 cui
1749 3845 1947 3902 Sintela
1980 3855 2104 3901 ante
2146 3861 2241 3899 an-

667 3964 793 4005 num
822 3945 1031 4001 circiter
1059 3952 1391 3999 successerat
1420 3938 1471 3993 in
1496 3955 1740 4010 regnum,
1763 3937 1924 4009 646
1949 3952 2069 3992 cum
2095 3947 2242 3993 esset

668 4040 872 4098 Sintela
904 4038 1121 4091 nimium
1154 4036 1205 4087 in
1237 4036 1343 4089 suis
1377 4033 1609 4099 iniquus,
1643 4041 1696 4085 et
1723 4046 1842 4085 cum
1874 4031 2124 4085 omnibus
2155 4045 2241 4085 re-

666 4136 754 4208 gni
784 4133 867 4190 sui
911 4129 1222 4201 primatibus
1278 4127 1457 4180 odium
1488 4128 1819 4190 incurreret,
1853 4140 1971 4178 rum
2017 4123 2241 4178 consilio

741 4276 767 4305 ι
806 4266 863 4319 lu
892 4262 1051 4319 editis
1072 4274 1322 4319 corrupta
1349 4271 1468 4312 sunt
1496 4260 1712 4310 omnino
1744 4258 1853 4309 hazc
1877 4257 2112 4311 nomina.
2144 4256 2239 4311 Le-

669 4339 896 4392 ctiouem
926 4334 1186 4396 Clarom.,
1217 4326 1414 4382 Cltesn.
1447 4339 1499 4381 et
1524 4328 1685 4381 Freh.
1718 4326 2050 4381 retinuimus.
2081 4327 2232 4382 Colb.

668 4409 845 4472 habet,
879 4404 1168 4474 Albingam,
1208 4397 1794 4474 Nouariam,_§ottis_am,
1811 4396 2236 4474 gntavibilergio,

2342 3203 2565 3257 transita
2602 3202 2872 3266 Ardenna,
2924 3204 3245 3274 Magautiam
3293 3220 3485 3274 magno
3530 3220 3655 3259 cum
3686 3207 3926 3261 exercitu

2339 3294 2642 3365 aggreditur
2672 3290 2719 3362 ι,
2752 3295 3043 3364 disponens
3070 3295 3316 3350 Rhenum
3351 3296 3607 3362 transire,
3641 3313 3851 3352 scuram
3884 3305 3921 3331 ιι

2340 3386 2413 3441 de
2436 3386 2622 3440 electis
2651 3386 2782 3441 viris
2805 3386 3027 3441 fortibus
3050 3386 3119 3441 de
3143 3387 3370 3442 Neuster
3394 3398 3446 3443 et
3470 3387 3777 3458 Burgundia
3806 3404 3925 3443 cum

2339 3478 2565 3533 ducibus
2594 3487 2645 3532 et
2666 3479 2993 3548 grafionibus
3022 3492 3205 3534 secum
3238 3479 3463 3533 habens.
3497 3480 3747 3535 Saxones
3795 3481 3924 3533 tnis-

2340 3584 2431 3625 sos
2456 3570 2522 3625 ad
2573 3571 2928 3641 Dagobertum
2961 3570 3214 3641 dirigunt,
3249 3581 3489 3640 petentes
3514 3579 3576 3625 ut
3616 3573 3700 3626 eis
3730 3572 3922 3626 tributa

2338 3678 2457 3734 qua:
2481 3664 2591 3719 fisci
2613 3664 2901 3718 ditionibus
2920 3662 3286 3719 dissolvebant
3306 3664 3608 3733 indulgeret
3631 3681 3645 3717 :
3673 3664 3775 3733 ipsi
3799 3676 3924 3716 vero

2348 3772 2537 3812 eorum
2571 3758 2747 3811 studio
2768 3769 2818 3812 et
2848 3757 3073 3812 utilitate
3096 3756 3328 3812 Wiuidis
3358 3757 3607 3811 resistere
3636 3756 3921 3825 spondent,

2340 3859 2395 3903 et
2433 3849 2758 3904 Francorum
2818 3849 3046 3903 limitem
3098 3849 3167 3904 de
3216 3850 3318 3903 illis
3368 3848 3606 3917 partibus
3656 3849 3925 3903 custodire

2341 3940 2676 4010 promittunt.
2706 3942 2859 4006 Quod
2912 3940 3269 4009 Dagobertus,
3308 3938 3534 3995 consilio
3575 3938 3918 3993 Neustrasio-

2340 4045 2457 4085 rum
2486 4031 2729 4099 adeptus,
2766 4030 3012 4098 praestitit
3038 4031 3339 4085 Saxonibus
3370 4030 3459 4099 qui
3484 4033 3567 4086 his
3594 4040 3622 4068 ιι
3655 4032 3921 4101 petitioni-

2340 4122 2439 4176 bus
2465 4122 2855 4192 suggerendum
2886 4132 3161 4179 venerant.
3187 4124 3619 4189 Sacramentutn,
3650 4136 3707 4178 ut
3738 4138 3917 4180 eorum

2418 4270 2441 4295 ο
2484 4258 2676 4316 Hodie.
2708 4266 2763 4311 ut
2791 4268 2973 4311 monet
3004 4256 3288 4318 Freherus,
3320 4255 3818 4312 Windischemarck.

2416 4326 2435 4365 ί
2462 4330 2550 4385 Sic
2571 4330 2738 4393 Clar.,
2759 4328 3215 4391 Frelr.etChesn.,
3245 4326 3499 4393 Wallaco;
3518 4333 3615 4391 a|.,
3643 4327 3915 4382 Walduco.

2414 4409 2439 4445 8
2479 4400 2729 4455 Sisehuto
2758 4413 2896 4451 anno
2922 4397 3019 4452 621
3055 4400 3316 4452 successit
3344 4400 3677 4452 liercaredus
3709 4399 3777 4454 ll.
3808 4397 3914 4465 ejus

668 4465 843 4531 Luna.
868 4474 1005 4551 Editi
1032 4465 1136 4526 valii
1156 4465 1422 4551 ,ﬂAlbinga
1445 4509 1461 4530 ,
1494 4467 1721 4521 Nomria
1741 4508 1756 4531 ,
1803 4465 2236 4551 Cottisaonia'ubi
2268 4483 2320 4542 Ῑ)
2347 4470 2513 4551 fil-ius,
2539 4482 2593 4525 et
2613 4471 2704 4551 isti
2732 4479 2858 4551 post
2884 4480 2989 4549 tres
3019 4484 3226 4551 menses
3257 4468 3528 4551 Suimifla,
3559 4472 3672 4551 sive
3700 4485 3793 4551 qui
3838 4473 3915 4518 IllC

667 4548 850 4615 Tergio
878 4553 925 4598 et
960 4544 1128 4596 Luna.
1162 4539 1330 4615 Urbes
1359 4537 1473 4615 ista:
1501 4553 1630 4615 quas
1666 4537 2033 4592 recensuimus
2076 4539 2241 4593 notis-

666 4609 819 4671 simae
857 4622 1013 4676 sunt,
1049 4624 1242 4680 praeter
1278 4609 1595 4680 Varicottjm,
1647 4616 2194 4680 nomencorruptum
2222 4652 2239 4673 ,

667 4678 1075 4757 quoddivinare
1123 4681 1437 4757 n_on_l_i_cuit.
1481 4678 1692 4757 Genava
1736 4678 2001 4757 maritima
2028 4680 2239 4750 (Génes)

669 4747 747 4812 s'ic
774 4754 988 4819 dicitur,
1022 4764 1077 4806 ttt
1116 4751 1183 4805 ab
1228 4752 1574 4817 Allobrogum
1606 4747 1824 4802 Geneva
1862 4747 2238 4816 distinguatur.

670 4828 1032 4896 Albenganum
1059 4830 1443 4896 vetusttomeu
1461 4820 1671 4896 retinet
1694 4822 1945 4896 Albenga.
1976 4820 2103 4896 sede
2127 4820 2238 4887 epi-

667 4888 872 4966 scopali
902 4898 968 4947 ab
1009 4892 1313 4966 Alexandro
1350 4892 1411 4942 Ill
1442 4892 1656 4966 donata.
1689 4888 1875 4946 Simia
1903 4901 1995 4966 _est
2023 4888 2242 4966 ‘Savona

669 4959 1155 5023 suh'Genuensiuttt
1183 4962 1407 5025 ditione,
1445 4960 1795 5028 Opitergium,
1830 4959 1987 5029 vulgo
2014 4959 2234 5013 (Mersa.

670 5041 831 5095 Lunae
860 5036 1024 5091 veteri
1056 5032 1170 5085 urbi
1200 5033 1456 5084 successit
1484 5031 1735 5086 Sarzana.
1772 5032 1916 5084 Hanc
1944 5031 2240 5096 expeditio-

671 5126 791 5165 netu
823 5115 1084 5162 memorat
1112 5100 1306 5155 Paulus
1340 5101 1486 5155 Diac.
1524 5104 1612 5153 lih.
1655 5117 1705 5154 tv
1728 5116 1843 5167 cap.
1875 5100 1964 5164 47,
1993 5099 2079 5153 ubi
2105 5100 2181 5153 ait
2207 5116 2238 5154 a

674 5177 891 5234 Ruthari
917 5185 1097 5243 captas
1126 5171 1288 5227 fuisse
1319 5172 1676 5243 Romanorum
1706 5172 1962 5243 civitates
1974 5185 2162 5225 omnes
2184 5173 2238 5223 in

672 5255 848 5305 littore
877 5238 1039 5301 maris
1074 5244 1135 5297 ab
1166 5246 1286 5297 urbe
1332 5243 1528 5297 Tuscia:
1568 5241 1789 5295 Lunensi
1817 5243 1885 5294 ad
1914 5238 2240 5295 Francorum

671 5323 820 5391 ﬁnes,
847 5331 900 5391 et
926 5315 1256 5385 Opitergiutn
1287 5316 1442 5391 abeo
1473 5313 1637 5366 fuisse
1662 5310 1919 5391 dirutum,

742 5390 769 5429 δ
806 5380 951 5444 Alias
977 5380 1276 5439 Avararum.
1310 5385 1523 5452 Aliquot
1554 5398 1674 5435 cum
1711 5382 2031 5451 aspiratione
2064 5380 2245 5434 Haba-

671 5476 867 5513 rorum.
900 5458 989 5513 Sic
1014 5466 1068 5510 et
1097 5453 1401 5508 Hunnorum
1430 5471 1523 5522 pro
1549 5452 1866 5519 Chattorum,
1892 5463 1949 5505 ut
1970 5467 2114 5521 saepe
2136 5467 2243 5507 mo-

674 5545 908 5584 IIIIIIIIIIS.

746 5612 766 5637 ε
808 5600 960 5650 Colb.
992 5604 1045 5649 et
1075 5594 1273 5648 Boher.
1297 5608 1417 5647 cum
1447 5590 1714 5659 plerisque
1739 5591 1924 5656 Editis,
1962 5592 2242 5661 Hispania.

744 5671 769 5707 ά
809 5668 897 5725 Sic
934 5667 1164 5720 Clarout.
1214 5663 1365 5731 Apud
1408 5663 1585 5726 Colb.,
1629 5662 1897 5725 Alticcus;
1944 5664 2145 5721 Cltesn.
2191 5676 2248 5720 et

676 5740 862 5807 Frelt.,
890 5738 1121 5804 Altiaus;
1151 5733 1271 5804 alii,
1307 5734 1548 5796 Alticeus.
1582 5746 1703 5788 cum
1732 5734 1853 5787 cod.
1883 5733 2057 5787 Palat.

2347 4541 2570 4607 Sintela,
2607 4540 2840 4601 Sintilla,
2868 4550 2920 4592 et
2947 4540 3000 4592 in
3040 4540 3198 4593 codd.
3231 4540 3546 4607 quibusdam
3587 4540 3805 4592 Senzila
3831 4553 3916 4603 ap-

2345 4613 2593 4681 pellatur,
2623 4622 2781 4677 atque
2812 4612 2862 4661 in
2888 4624 2953 4681 eo
2980 4610 3179 4664 desinit
3207 4608 3751 4681 IsidoriChronicon.
3782 4612 3915 4664 Sise-

2343 4680 2552 4736 nandus
2579 4696 2720 4735 anno
2745 4682 2842 4734 6'5l
2876 4680 3249 4733 Suintillanetn
3280 4695 3310 4729 e
3336 4680 3469 4732 solio
3497 4681 3824 4733 exturbavit.

2416 4750 2440 4788 ιι
2486 4754 2648 4821 lllyr.,
2680 4767 2800 4819 quae
2841 4759 2956 4804 erat
2985 4753 3144 4803 etiam
3187 4750 3347 4804 lectio
3370 4750 3547 4813 Colb.,
3581 4751 3673 4821 s_ed
3704 4748 3912 4805 detrita.

2345 4819 2577 4892 .Egidii.
2617 4830 2681 4873 At
2717 4822 2858 4874 (itar.
2907 4822 3308 4892 habetAgecia,
3343 4822 3546 4892 caeteri,
3581 4819 3914 4892 Ejiciotqun

2348 4888 2506 4945 modo
2529 4893 2580 4945 itt
2631 4893 2747 4944 istis
2771 4893 2927 4944 codd.
2959 4888 3359 4959 Egidiinomen
3386 4891 3547 4943 scribi
3591 4888 3753 4944 sulci.
3791 4888 3911 4959 Vide

2346 4964 2698 5031 fragmentum
2730 4960 2765 5011 4
2804 4978 2869 5014 ex
2914 4958 3035 5015 aliis
3079 4961 3386 5030 Fredegarii
3415 4961 3566 5015 librts
3595 4961 3737 5030 quod
3787 4958 3911 5014 infra

2344 5034 2695 5101 proferemus.

2423 5102 2437 5139 ί
2488 5103 2643 5167 boh.,
2675 5104 2789 5155 auri
2818 5102 3031 5155 solidos.

2422 5178 2434 5221 l
2483 5172 2637 5243 ςοιι).
2668 5185 2721 5227 et
2746 5173 2868 5233 Ed.,
2896 5173 2941 5223 ll
2950 5171 3312 5243 abundantius.
3339 5171 3484 5225 Ilanc
3501 5172 3696 5240 capitis
3718 5172 3787 5226 73
3810 5182 3909 5238 plr-

2348 5254 2453 5299 tem
2484 5240 2548 5297 ad
2582 5259 2774 5295 annum
2817 5259 2932 5308 seq.
2968 5256 3178 5296 revocat
3206 5240 3468 5295 Cointtus.

2420 5314 2444 5351 ι
2492 5315 2588 5367 Ed.
2615 5324 2672 5367 et
2700 5314 2849 5367 Colh.
2882 5307 3001 5365 cum
3051 5315 3206 5377 Boh.,
3241 5328 3330 5381 per
3355 5317 3504 5367 viam.
3550 5313 3614 5367 Et
3666 5314 3795 5367 infra
3826 5307 3906 5367 sl..

2348 5388 2531 5440 exinde
2559 5386 2871 5437 abstrahere.

2430 5456 2444 5494 ι
2492 5457 2648 5533 ltoh.,
2676 5454 3008 5524 Magantia...
3040 5454 3317 5533 egreditur.

2422 5537 2459 5564 ω
2500 5530 2663 5579 Scara
2691 5523 2777 5578 est
2808 5535 2975 5577 turma
3016 5523 3265 5589 militum,
3294 5531 3354 5578 ut
3368 5524 3476 5589 jam
3504 5523 3886 5577 observavimus

2352 5598 2513 5655 Infra,
2557 5610 2651 5663 pro
2682 5594 2917 5659 Neuster,
2951 5606 3061 5648 vet.
3093 5594 3193 5647 Ed.
3229 5599 3428 5647 habent
3454 5595 3690 5646 Austria.

2422 5676 2450 5705 ³
2494 5662 2653 5733 Boh.,
2684 5665 2856 5736 hujus.
2887 5664 3050 5721 Ches.
3082 5673 3137 5720 et
3162 5664 3340 5720 caeteri
3360 5703 3373 5720 .
3404 5664 3558 5723 huius
3592 5662 3832 5713 τεττὲιὲ-τεοῖέ
