  <div class='ocr_page' id='page_1' title='image "/cluster/home/n/w/nwhite01/storage/ocr_20150623/71/uva.x000827083/344.png"; bbox 0 0 4020 6194; ppageno 0'>
   <div class='ocr_carea' id='block_1_1' title="bbox 215 216 318 269">
    <p class='ocr_par' dir='ltr' id='par_1_1' title="bbox 215 216 318 269">
     <span class='ocr_line' id='line_1_1' title="bbox 215 216 318 269; baseline 0.01 -1"><span class='ocrx_word' id='word_1_1' title='bbox 215 216 318 269; x_wconf 76' lang='lat'><strong>655</strong></span> 
     </span>
    </p>
   </div>
   <div class='ocr_carea' id='block_1_2' title="bbox 1641 179 2058 261">
    <p class='ocr_par' dir='ltr' id='par_1_2' title="bbox 1641 179 2058 261">
     <span class='ocr_line' id='line_1_2' title="bbox 1641 179 2058 261; baseline -0.012 -1"><span class='ocrx_word' id='word_1_2' title='bbox 1641 179 2058 261; x_wconf 73' lang='lat' dir='ltr'><strong>cunomCrn.</strong></span> 
     </span>
    </p>
   </div>
   <div class='ocr_carea' id='block_1_3' title="bbox 3364 210 3471 270">
    <p class='ocr_par' dir='ltr' id='par_1_3' title="bbox 3364 210 3471 270">
     <span class='ocr_line' id='line_1_3' title="bbox 3364 210 3471 270; baseline 0 -2"><span class='ocrx_word' id='word_1_3' title='bbox 3364 210 3471 270; x_wconf 64' lang='grc'><strong>634</strong></span> 
     </span>
    </p>
   </div>
   <div class='ocr_carea' id='block_1_4' title="bbox 214 326 3473 404">
    <p class='ocr_par' dir='ltr' id='par_1_4' title="bbox 214 326 3473 404">
     <span class='ocr_line' id='line_1_4' title="bbox 214 326 3473 404; baseline -0.004 -12"><span class='ocrx_word' id='word_1_4' title='bbox 214 351 333 392; x_wconf 88' lang='lat' dir='ltr'><strong>mos</strong></span> <span class='ocrx_word' id='word_1_5' title='bbox 364 348 479 390; x_wconf 80' lang='lat' dir='ltr'><strong>erat</strong></span> <span class='ocrx_word' id='word_1_6' title='bbox 511 344 561 400; x_wconf 82' lang='grc'><strong>⁸,</strong></span> <span class='ocrx_word' id='word_1_7' title='bbox 614 351 777 404; x_wconf 84' lang='lat' dir='ltr'><strong>super</strong></span> <span class='ocrx_word' id='word_1_8' title='bbox 822 350 968 389; x_wconf 90' lang='lat' dir='ltr'><strong>arma</strong></span> <span class='ocrx_word' id='word_1_9' title='bbox 1011 333 1225 403; x_wconf 76' lang='lat' dir='ltr'><strong>placata</strong></span> <span class='ocrx_word' id='word_1_10' title='bbox 1257 331 1365 403; x_wconf 79' lang='lat' dir='ltr'><strong>[AL</strong></span> <span class='ocrx_word' id='word_1_11' title='bbox 1422 328 1635 400; x_wconf 71' lang='lat' dir='ltr'><strong>placita]</strong></span> <span class='ocrx_word' id='word_1_12' title='bbox 1685 343 1780 397; x_wconf 88' lang='lat' dir='ltr'><strong>pro</strong></span> <span class='ocrx_word' id='word_1_13' title='bbox 1813 335 1858 391; x_wconf 82' lang='grc' dir='ltr'><strong>Α</strong></span> <span class='ocrx_word' id='word_1_14' title='bbox 1959 327 2211 381; x_wconf 71' lang='lat' dir='ltr'><strong>LXXVII.</strong></span> <span class='ocrx_word' id='word_1_15' title='bbox 2261 326 2515 381; x_wconf 67' lang='lat' dir='ltr'><strong>Razdulfus</strong></span> <span class='ocrx_word' id='word_1_16' title='bbox 2546 327 2648 381; x_wconf 72' lang='lat' dir='ltr'><strong>dut</strong></span> <span class='ocrx_word' id='word_1_17' title='bbox 2686 328 2821 381; x_wconf 84' lang='lat' dir='ltr'><strong>luitis</strong></span> <span class='ocrx_word' id='word_1_18' title='bbox 2849 327 3135 393; x_wconf 85' lang='lat' dir='ltr'><strong>Chamart,</strong></span> <span class='ocrx_word' id='word_1_19' title='bbox 3175 342 3332 397; x_wconf 87' lang='lat' dir='ltr'><strong>quem</strong></span> <span class='ocrx_word' id='word_1_20' title='bbox 3366 326 3473 379; x_wconf 83' lang='lat' dir='ltr'><strong>Da-</strong></span> 
     </span>
    </p>
   </div>
   <div class='ocr_carea' id='block_1_5' title="bbox 213 422 1797 493">
    <p class='ocr_par' dir='ltr' id='par_1_5' title="bbox 213 422 1797 493">
     <span class='ocr_line' id='line_1_5' title="bbox 213 422 1797 493; baseline -0.004 -12"><span class='ocrx_word' id='word_1_21' title='bbox 213 428 478 482; x_wconf 84' lang='lat' dir='ltr'><strong>universis</strong></span> <span class='ocrx_word' id='word_1_22' title='bbox 502 428 802 483; x_wconf 81' lang='lat' dir='ltr'><strong>Saxonibus</strong></span> <span class='ocrx_word' id='word_1_23' title='bbox 831 426 1062 481; x_wconf 84' lang='lat' dir='ltr'><strong>ﬁrmant.</strong></span> <span class='ocrx_word' id='word_1_24' title='bbox 1084 425 1191 479; x_wconf 89' lang='lat' dir='ltr'><strong>Sed</strong></span> <span class='ocrx_word' id='word_1_25' title='bbox 1213 439 1398 493; x_wconf 85' lang='lat' dir='ltr'><strong>parum</strong></span> <span class='ocrx_word' id='word_1_26' title='bbox 1427 422 1540 476; x_wconf 67' lang='lat' dir='ltr'><strong>haec</strong></span> <span class='ocrx_word' id='word_1_27' title='bbox 1569 422 1797 491; x_wconf 88' lang='lat' dir='ltr'><strong>promis-</strong></span> 
     </span>
    </p>
   </div>
   <div class='ocr_carea' id='block_1_6' title="bbox 213 512 1793 586">
    <p class='ocr_par' dir='ltr' id='par_1_6' title="bbox 213 512 1793 586">
     <span class='ocr_line' id='line_1_6' title="bbox 213 512 1793 586; baseline -0.006 -11"><span class='ocrx_word' id='word_1_28' title='bbox 213 521 291 576; x_wconf 82' lang='lat' dir='ltr'><strong>sio</strong></span> <span class='ocrx_word' id='word_1_29' title='bbox 314 519 539 576; x_wconf 87' lang='lat' dir='ltr'><strong>sortitur</strong></span> <span class='ocrx_word' id='word_1_30' title='bbox 566 519 835 586; x_wconf 81' lang='lat' dir='ltr'><strong>eﬁ&#39;ectum,</strong></span> <span class='ocrx_word' id='word_1_31' title='bbox 870 529 1046 573; x_wconf 87' lang='lat' dir='ltr'><strong>tamen</strong></span> <span class='ocrx_word' id='word_1_32' title='bbox 1074 526 1328 572; x_wconf 88' lang='lat' dir='ltr'><strong>tributum</strong></span> <span class='ocrx_word' id='word_1_33' title='bbox 1359 514 1620 580; x_wconf 83' lang='lat' dir='ltr'><strong>Saxones,</strong></span> <span class='ocrx_word' id='word_1_34' title='bbox 1653 512 1793 583; x_wconf 88' lang='lat' dir='ltr'><strong>quod</strong></span> 
     </span>
    </p>
   </div>
   <div class='ocr_carea' id='block_1_7' title="bbox 214 605 1798 679">
    <p class='ocr_par' dir='ltr' id='par_1_7' title="bbox 214 605 1798 679">
     <span class='ocr_line' id='line_1_7' title="bbox 214 605 1798 679; baseline -0.005 -13"><span class='ocrx_word' id='word_1_35' title='bbox 214 611 447 667; x_wconf 80' lang='lat' dir='ltr'><strong>reddere</strong></span> <span class='ocrx_word' id='word_1_36' title='bbox 470 620 885 676; x_wconf 85' lang='lat' dir='ltr'><strong>consueverant,</strong></span> <span class='ocrx_word' id='word_1_37' title='bbox 909 608 1266 679; x_wconf 63' lang='lat' dir='ltr'><strong>praeceptione</strong></span> <span class='ocrx_word' id='word_1_38' title='bbox 1296 606 1575 675; x_wconf 87' lang='lat' dir='ltr'><strong>Dagoberti</strong></span> <span class='ocrx_word' id='word_1_39' title='bbox 1600 605 1798 659; x_wconf 90' lang='lat' dir='ltr'><strong>habent</strong></span> 
     </span>
    </p>
   </div>
   <div class='ocr_carea' id='block_1_8' title="bbox 216 696 1795 775">
    <p class='ocr_par' dir='ltr' id='par_1_8' title="bbox 216 696 1795 775">
     <span class='ocr_line' id='line_1_8' title="bbox 216 696 1795 775; baseline -0.006 -15"><span class='ocrx_word' id='word_1_40' title='bbox 216 705 509 760; x_wconf 73' lang='lat' dir='ltr'><strong>indultum.</strong></span> <span class='ocrx_word' id='word_1_41' title='bbox 554 704 886 775; x_wconf 83' lang='lat' dir='ltr'><strong>Quingentas</strong></span> <span class='ocrx_word' id='word_1_42' title='bbox 932 717 1121 758; x_wconf 80' lang='lat' dir='ltr'><strong>vaccas</strong></span> <span class='ocrx_word' id='word_1_43' title='bbox 1172 699 1528 756; x_wconf 86' lang='lat' dir='ltr'><strong>inferendales</strong></span> <span class='ocrx_word' id='word_1_44' title='bbox 1568 697 1595 736; x_wconf 68' lang='grc' dir='ltr'>δ</span> <span class='ocrx_word' id='word_1_45' title='bbox 1643 696 1795 751; x_wconf 87' lang='lat' dir='ltr'><strong>anuis</strong></span> 
     </span>
    </p>
   </div>
   <div class='ocr_carea' id='block_1_9' title="bbox 216 787 1797 861">
    <p class='ocr_par' dir='ltr' id='par_1_9' title="bbox 216 787 1797 861">
     <span class='ocr_line' id='line_1_9' title="bbox 216 787 1797 861; baseline -0.007 -9"><span class='ocrx_word' id='word_1_46' title='bbox 216 799 441 861; x_wconf 73' lang='lat' dir='ltr'><strong>singulis</strong></span> <span class='ocrx_word' id='word_1_47' title='bbox 469 813 497 851; x_wconf 92' lang='lat' dir='ltr'><strong>a</strong></span> <span class='ocrx_word' id='word_1_48' title='bbox 520 798 839 852; x_wconf 86' lang='lat' dir='ltr'><strong>Cblothario</strong></span> <span class='ocrx_word' id='word_1_49' title='bbox 866 798 1076 852; x_wconf 81' lang='lat' dir='ltr'><strong>seniore</strong></span> <span class='ocrx_word' id='word_1_50' title='bbox 1098 795 1287 850; x_wconf 90' lang='lat' dir='ltr'><strong>censiti</strong></span> <span class='ocrx_word' id='word_1_51' title='bbox 1315 792 1630 855; x_wconf 86' lang='lat' dir='ltr'><strong>reddebant,</strong></span> <span class='ocrx_word' id='word_1_52' title='bbox 1653 787 1797 860; x_wconf 88' lang='lat' dir='ltr'><strong>quod</strong></span> 
     </span>
    </p>
   </div>
   <div class='ocr_carea' id='block_1_10' title="bbox 216 888 1014 957">
    <p class='ocr_par' dir='ltr' id='par_1_10' title="bbox 216 888 1014 957">
     <span class='ocr_line' id='line_1_10' title="bbox 216 888 1014 957; baseline -0.005 -14"><span class='ocrx_word' id='word_1_53' title='bbox 216 903 246 943; x_wconf 86' lang='lat' dir='ltr'><strong>a</strong></span> <span class='ocrx_word' id='word_1_54' title='bbox 278 888 582 957; x_wconf 88' lang='lat' dir='ltr'><strong>Dagoberto</strong></span> <span class='ocrx_word' id='word_1_55' title='bbox 612 897 877 943; x_wconf 79' lang='lat' dir='ltr'><strong>rassatum</strong></span> <span class='ocrx_word' id='word_1_56' title='bbox 908 896 1014 942; x_wconf 92' lang='lat' dir='ltr'><strong>est.</strong></span> 
     </span>
    </p>
   </div>
   <div class='ocr_carea' id='block_1_11' title="bbox 289 974 1799 1047">
    <p class='ocr_par' dir='ltr' id='par_1_11' title="bbox 289 974 1799 1047">
     <span class='ocr_line' id='line_1_11' title="bbox 289 974 1799 1047; baseline -0.007 -10"><span class='ocrx_word' id='word_1_57' title='bbox 289 983 392 1037; x_wconf 71' lang='lat' dir='ltr'><strong>An.</strong></span> <span class='ocrx_word' id='word_1_58' title='bbox 428 998 663 1036; x_wconf 71' lang='lat' dir='ltr'><strong>ncxxxn.</strong></span> <span class='ocrx_word' id='word_1_59' title='bbox 687 1010 758 1022; x_wconf 91' lang='lat'><strong>—</strong></span> <span class='ocrx_word' id='word_1_60' title='bbox 780 980 991 1035; x_wconf 81' lang='lat' dir='ltr'><strong>LXXV.</strong></span> <span class='ocrx_word' id='word_1_61' title='bbox 1018 984 1173 1034; x_wconf 78' lang='lat' dir='ltr'><strong>Anno</strong></span> <span class='ocrx_word' id='word_1_62' title='bbox 1203 979 1262 1033; x_wconf 79' lang='grc' dir='ltr'>Η</span> <span class='ocrx_word' id='word_1_63' title='bbox 1295 988 1318 1017; x_wconf 72' lang='grc' dir='ltr'>ε</span> <span class='ocrx_word' id='word_1_64' title='bbox 1348 976 1499 1047; x_wconf 88' lang='lat' dir='ltr'><strong>regni</strong></span> <span class='ocrx_word' id='word_1_65' title='bbox 1533 974 1799 1044; x_wconf 87' lang='lat' dir='ltr'><strong>Dagober-</strong></span> 
     </span>
    </p>
   </div>
   <div class='ocr_carea' id='block_1_12' title="bbox 218 1069 1800 1140">
    <p class='ocr_par' dir='ltr' id='par_1_12' title="bbox 218 1069 1800 1140">
     <span class='ocr_line' id='line_1_12' title="bbox 218 1069 1800 1140; baseline -0.005 -13"><span class='ocrx_word' id='word_1_66' title='bbox 218 1074 294 1139; x_wconf 81' lang='lat' dir='ltr'><strong>ti,</strong></span> <span class='ocrx_word' id='word_1_67' title='bbox 325 1088 448 1126; x_wconf 88' lang='lat' dir='ltr'><strong>cum</strong></span> <span class='ocrx_word' id='word_1_68' title='bbox 478 1072 679 1126; x_wconf 85' lang='lat' dir='ltr'><strong>Winidi</strong></span> <span class='ocrx_word' id='word_1_69' title='bbox 723 1072 874 1140; x_wconf 85' lang='lat' dir='ltr'><strong>jussu</strong></span> <span class='ocrx_word' id='word_1_70' title='bbox 905 1071 1154 1127; x_wconf 87' lang='lat' dir='ltr'><strong>Samonis</strong></span> <span class='ocrx_word' id='word_1_71' title='bbox 1187 1069 1400 1125; x_wconf 77' lang='lat' dir='ltr'><strong>fortiter</strong></span> <span class='ocrx_word' id='word_1_72' title='bbox 1428 1069 1719 1131; x_wconf 73' lang='lat' dir='ltr'><strong>saevirent,</strong></span> <span class='ocrx_word' id='word_1_73' title='bbox 1746 1075 1800 1120; x_wconf 89' lang='lat' dir='ltr'><strong>et</strong></span> 
     </span>
    </p>
   </div>
   <div class='ocr_carea' id='block_1_13' title="bbox 218 1159 1799 1233">
    <p class='ocr_par' dir='ltr' id='par_1_13' title="bbox 218 1159 1799 1233">
     <span class='ocr_line' id='line_1_13' title="bbox 218 1159 1799 1233; baseline -0.004 -15"><span class='ocrx_word' id='word_1_74' title='bbox 218 1179 364 1233; x_wconf 65' lang='lat' dir='ltr'><strong>saepe</strong></span> <span class='ocrx_word' id='word_1_75' title='bbox 413 1173 729 1219; x_wconf 80' lang='lat' dir='ltr'><strong>transcenso</strong></span> <span class='ocrx_word' id='word_1_76' title='bbox 776 1178 964 1218; x_wconf 90' lang='lat' dir='ltr'><strong>eorum</strong></span> <span class='ocrx_word' id='word_1_77' title='bbox 998 1162 1168 1217; x_wconf 81' lang='lat' dir='ltr'><strong>limite</strong></span> <span class='ocrx_word' id='word_1_78' title='bbox 1208 1175 1429 1229; x_wconf 78' lang='lat' dir='ltr'><strong>regnum</strong></span> <span class='ocrx_word' id='word_1_79' title='bbox 1474 1159 1799 1214; x_wconf 80' lang='lat' dir='ltr'><strong>Francorum</strong></span> 
     </span>
    </p>
   </div>
   <div class='ocr_carea' id='block_1_14' title="bbox 218 1250 1799 1325">
    <p class='ocr_par' dir='ltr' id='par_1_14' title="bbox 218 1250 1799 1325">
     <span class='ocr_line' id='line_1_14' title="bbox 218 1250 1799 1325; baseline -0.002 -17"><span class='ocrx_word' id='word_1_80' title='bbox 218 1255 561 1323; x_wconf 84' lang='lat' dir='ltr'><strong>vastandum,</strong></span> <span class='ocrx_word' id='word_1_81' title='bbox 593 1255 941 1325; x_wconf 77' lang='lat' dir='ltr'><strong>Thoringiam</strong></span> <span class='ocrx_word' id='word_1_82' title='bbox 986 1265 1041 1309; x_wconf 86' lang='lat' dir='ltr'><strong>et</strong></span> <span class='ocrx_word' id='word_1_83' title='bbox 1084 1253 1322 1323; x_wconf 84' lang='lat' dir='ltr'><strong>reliquos</strong></span> <span class='ocrx_word' id='word_1_84' title='bbox 1352 1267 1515 1321; x_wconf 89' lang='lat' dir='ltr'><strong>pagos</strong></span> <span class='ocrx_word' id='word_1_85' title='bbox 1546 1250 1799 1320; x_wconf 90' lang='lat' dir='ltr'><strong>ingrede-</strong></span> 
     </span>
    </p>
   </div>
   <div class='ocr_carea' id='block_1_15' title="bbox 220 1343 1802 1414">
    <p class='ocr_par' dir='ltr' id='par_1_15' title="bbox 220 1343 1802 1414">
     <span class='ocr_line' id='line_1_15' title="bbox 220 1343 1802 1414; baseline -0.003 -15"><span class='ocrx_word' id='word_1_86' title='bbox 220 1355 434 1407; x_wconf 88' lang='lat' dir='ltr'><strong>rentur,</strong></span> <span class='ocrx_word' id='word_1_87' title='bbox 465 1346 795 1414; x_wconf 82' lang='lat' dir='ltr'><strong>Dagobertus</strong></span> <span class='ocrx_word' id='word_1_88' title='bbox 827 1345 1001 1400; x_wconf 80' lang='lat' dir='ltr'><strong>Mettis</strong></span> <span class='ocrx_word' id='word_1_89' title='bbox 1030 1345 1218 1400; x_wconf 82' lang='lat' dir='ltr'><strong>urbem</strong></span> <span class='ocrx_word' id='word_1_90' title='bbox 1252 1343 1490 1405; x_wconf 87' lang='lat' dir='ltr'><strong>veniens.</strong></span> <span class='ocrx_word' id='word_1_91' title='bbox 1521 1358 1641 1397; x_wconf 92' lang='lat' dir='ltr'><strong>cum</strong></span> <span class='ocrx_word' id='word_1_92' title='bbox 1673 1358 1802 1398; x_wconf 87' lang='lat' dir='ltr'><strong>con-</strong></span> 
     </span>
    </p>
   </div>
   <div class='ocr_carea' id='block_1_16' title="bbox 219 1434 1806 1505">
    <p class='ocr_par' dir='ltr' id='par_1_16' title="bbox 219 1434 1806 1505">
     <span class='ocr_line' id='line_1_16' title="bbox 219 1434 1806 1505; baseline -0.003 -15"><span class='ocrx_word' id='word_1_93' title='bbox 219 1437 343 1490; x_wconf 90' lang='lat' dir='ltr'><strong>silio</strong></span> <span class='ocrx_word' id='word_1_94' title='bbox 374 1437 686 1505; x_wconf 89' lang='lat' dir='ltr'><strong>poutilicum</strong></span> <span class='ocrx_word' id='word_1_95' title='bbox 737 1451 832 1490; x_wconf 72' lang='lat' dir='ltr'><strong>seu</strong></span> <span class='ocrx_word' id='word_1_96' title='bbox 862 1447 916 1491; x_wconf 91' lang='lat' dir='ltr'><strong>et</strong></span> <span class='ocrx_word' id='word_1_97' title='bbox 963 1450 1245 1505; x_wconf 82' lang='lat' dir='ltr'><strong>procerum</strong></span> <span class='ocrx_word' id='word_1_98' title='bbox 1265 1474 1282 1501; x_wconf 89' lang='lat'><strong>,</strong></span> <span class='ocrx_word' id='word_1_99' title='bbox 1311 1434 1666 1501; x_wconf 87' lang='lat' dir='ltr'><strong>omnibusque</strong></span> <span class='ocrx_word' id='word_1_100' title='bbox 1698 1435 1806 1501; x_wconf 87' lang='lat' dir='ltr'><strong>pri-</strong></span> 
     </span>
    </p>
   </div>
   <div class='ocr_carea' id='block_1_17' title="bbox 220 1525 1803 1596">
    <p class='ocr_par' dir='ltr' id='par_1_17' title="bbox 220 1525 1803 1596">
     <span class='ocr_line' id='line_1_17' title="bbox 220 1525 1803 1596; baseline -0.006 -12"><span class='ocrx_word' id='word_1_101' title='bbox 220 1530 454 1584; x_wconf 88' lang='lat' dir='ltr'><strong>matibus</strong></span> <span class='ocrx_word' id='word_1_102' title='bbox 484 1529 633 1596; x_wconf 84' lang='lat' dir='ltr'><strong>regni</strong></span> <span class='ocrx_word' id='word_1_103' title='bbox 664 1529 743 1582; x_wconf 90' lang='lat' dir='ltr'><strong>sui</strong></span> <span class='ocrx_word' id='word_1_104' title='bbox 767 1527 1247 1591; x_wconf 85' lang='lat' dir='ltr'><strong>consentientibus,</strong></span> <span class='ocrx_word' id='word_1_105' title='bbox 1280 1526 1605 1594; x_wconf 84' lang='lat' dir='ltr'><strong>Sigibertum</strong></span> <span class='ocrx_word' id='word_1_106' title='bbox 1638 1525 1803 1579; x_wconf 87' lang='lat' dir='ltr'><strong>ﬁlium</strong></span> 
     </span>
    </p>
   </div>
   <div class='ocr_carea' id='block_1_18' title="bbox 222 1614 1807 1689">
    <p class='ocr_par' dir='ltr' id='par_1_18' title="bbox 222 1614 1807 1689">
     <span class='ocr_line' id='line_1_18' title="bbox 222 1614 1807 1689; baseline -0.005 -13"><span class='ocrx_word' id='word_1_107' title='bbox 222 1638 380 1676; x_wconf 90' lang='lat' dir='ltr'><strong>suum</strong></span> <span class='ocrx_word' id='word_1_108' title='bbox 409 1624 460 1676; x_wconf 92' lang='lat' dir='ltr'><strong>iu</strong></span> <span class='ocrx_word' id='word_1_109' title='bbox 488 1622 732 1675; x_wconf 86' lang='lat' dir='ltr'><strong>Austeris</strong></span> <span class='ocrx_word' id='word_1_110' title='bbox 754 1635 931 1689; x_wconf 87' lang='lat' dir='ltr'><strong>regem</strong></span> <span class='ocrx_word' id='word_1_111' title='bbox 961 1618 1285 1683; x_wconf 90' lang='lat' dir='ltr'><strong>sublimavit,</strong></span> <span class='ocrx_word' id='word_1_112' title='bbox 1318 1618 1607 1687; x_wconf 84' lang='lat' dir='ltr'><strong>sedemque</strong></span> <span class='ocrx_word' id='word_1_113' title='bbox 1633 1614 1807 1670; x_wconf 85' lang='lat' dir='ltr'><strong>Mettis</strong></span> 
     </span>
    </p>
   </div>
   <div class='ocr_carea' id='block_1_19' title="bbox 1897 417 3473 487">
    <p class='ocr_par' dir='ltr' id='par_1_19' title="bbox 1897 417 3473 487">
     <span class='ocr_line' id='line_1_19' title="bbox 1897 417 3473 487; baseline 0.003 -20"><span class='ocrx_word' id='word_1_114' title='bbox 1897 420 2151 485; x_wconf 80' lang='lat' dir='ltr'><strong>gubertus</strong></span> <span class='ocrx_word' id='word_1_115' title='bbox 2182 417 2490 487; x_wconf 68' lang='lat' dir='ltr'><strong>&#39;l‘boringiaa</strong></span> <span class='ocrx_word' id='word_1_116' title='bbox 2518 419 2705 474; x_wconf 86' lang='lat' dir='ltr'><strong>ducem</strong></span> <span class='ocrx_word' id='word_1_117' title='bbox 2738 419 2985 481; x_wconf 78' lang='lat' dir='ltr'><strong>instituit,</strong></span> <span class='ocrx_word' id='word_1_118' title='bbox 3011 419 3247 475; x_wconf 82' lang='lat' dir='ltr'><strong>pluribus</strong></span> <span class='ocrx_word' id='word_1_119' title='bbox 3269 417 3473 472; x_wconf 79' lang='lat' dir='ltr'><strong>vicibus</strong></span> 
     </span>
    </p>
   </div>
   <div class='ocr_carea' id='block_1_20' title="bbox 1896 510 3472 581">
    <p class='ocr_par' dir='ltr' id='par_1_20' title="bbox 1896 510 3472 581">
     <span class='ocr_line' id='line_1_20' title="bbox 1896 510 3472 581; baseline -0.001 -16"><span class='ocrx_word' id='word_1_120' title='bbox 1896 526 2016 565; x_wconf 90' lang='lat' dir='ltr'><strong>cum</strong></span> <span class='ocrx_word' id='word_1_121' title='bbox 2068 511 2305 565; x_wconf 83' lang='lat' dir='ltr'><strong>exercitu</strong></span> <span class='ocrx_word' id='word_1_122' title='bbox 2350 510 2691 566; x_wconf 89' lang='lat' dir='ltr'><strong>Winidorum</strong></span> <span class='ocrx_word' id='word_1_123' title='bbox 2740 511 3029 572; x_wconf 85' lang='lat' dir='ltr'><strong>dimicans,</strong></span> <span class='ocrx_word' id='word_1_124' title='bbox 3061 526 3261 581; x_wconf 89' lang='lat' dir='ltr'><strong>eosque</strong></span> <span class='ocrx_word' id='word_1_125' title='bbox 3300 510 3472 564; x_wconf 86' lang='lat' dir='ltr'><strong>victos</strong></span> 
     </span>
    </p>
   </div>
   <div class='ocr_carea' id='block_1_21' title="bbox 1898 592 3476 675">
    <p class='ocr_par' dir='ltr' id='par_1_21' title="bbox 1898 592 3476 675">
     <span class='ocr_line' id='line_1_21' title="bbox 1898 592 3476 675; baseline 0.003 -23"><span class='ocrx_word' id='word_1_126' title='bbox 1898 603 2054 656; x_wconf 86' lang='lat' dir='ltr'><strong>vertit</strong></span> <span class='ocrx_word' id='word_1_127' title='bbox 2086 604 2135 655; x_wconf 89' lang='lat' dir='ltr'><strong>in</strong></span> <span class='ocrx_word' id='word_1_128' title='bbox 2190 602 2387 671; x_wconf 82' lang='lat' dir='ltr'><strong>fugam.</strong></span> <span class='ocrx_word' id='word_1_129' title='bbox 2424 602 2588 675; x_wconf 83' lang='lat' dir='ltr'><strong>Hujus</strong></span> <span class='ocrx_word' id='word_1_130' title='bbox 2618 604 2855 658; x_wconf 69' lang='lat' dir='ltr'><strong>victoria:</strong></span> <span class='ocrx_word' id='word_1_131' title='bbox 2898 601 3147 672; x_wconf 86' lang='lat' dir='ltr'><strong>superbia</strong></span> <span class='ocrx_word' id='word_1_132' title='bbox 3177 592 3386 665; x_wconf 84' lang='lat' dir='ltr'><strong>elatus,</strong></span> <span class='ocrx_word' id='word_1_133' title='bbox 3417 612 3476 657; x_wconf 90' lang='lat' dir='ltr'><strong>et</strong></span> 
     </span>
    </p>
   </div>
   <div class='ocr_carea' id='block_1_22' title="bbox 1898 692 3469 762">
    <p class='ocr_par' dir='ltr' id='par_1_22' title="bbox 1898 692 3469 762">
     <span class='ocr_line' id='line_1_22' title="bbox 1898 692 3469 762; baseline 0.003 -16"><span class='ocrx_word' id='word_1_134' title='bbox 1898 701 2083 746; x_wconf 78' lang='lat' dir='ltr'><strong>Cuttll‘a</strong></span> <span class='ocrx_word' id='word_1_135' title='bbox 2113 692 2467 762; x_wconf 86' lang='lat' dir='ltr'><strong>Adalgiselum</strong></span> <span class='ocrx_word' id='word_1_136' title='bbox 2495 694 2687 749; x_wconf 90' lang='lat' dir='ltr'><strong>ducem</strong></span> <span class='ocrx_word' id='word_1_137' title='bbox 2719 694 2944 749; x_wconf 83' lang='lat' dir='ltr'><strong>diversis</strong></span> <span class='ocrx_word' id='word_1_138' title='bbox 2970 694 3341 750; x_wconf 83' lang='lat' dir='ltr'><strong>occasionibus</strong></span> <span class='ocrx_word' id='word_1_139' title='bbox 3366 697 3469 751; x_wconf 89' lang='lat' dir='ltr'><strong>ini-</strong></span> 
     </span>
    </p>
   </div>
   <div class='ocr_carea' id='block_1_23' title="bbox 1901 775 3476 858">
    <p class='ocr_par' dir='ltr' id='par_1_23' title="bbox 1901 775 3476 858">
     <span class='ocr_line' id='line_1_23' title="bbox 1901 775 3476 858; baseline 0.006 -22"><span class='ocrx_word' id='word_1_140' title='bbox 1901 783 2131 839; x_wconf 85' lang='lat' dir='ltr'><strong>micitias</strong></span> <span class='ocrx_word' id='word_1_141' title='bbox 2171 786 2430 854; x_wconf 83' lang='lat' dir='ltr'><strong>tendens,</strong></span> <span class='ocrx_word' id='word_1_142' title='bbox 2484 786 2734 853; x_wconf 78' lang='lat' dir='ltr'><strong>paulatim</strong></span> <span class='ocrx_word' id='word_1_143' title='bbox 2770 798 2953 842; x_wconf 87' lang='lat' dir='ltr'><strong>contra</strong></span> <span class='ocrx_word' id='word_1_144' title='bbox 3001 787 3323 858; x_wconf 86' lang='lat' dir='ltr'><strong>Sigibertum</strong></span> <span class='ocrx_word' id='word_1_145' title='bbox 3368 775 3476 858; x_wconf 72' lang='lat' dir='ltr'><strong>iam</strong></span> 
     </span>
    </p>
   </div>
   <div class='ocr_carea' id='block_1_24' title="bbox 1902 880 3481 951">
    <p class='ocr_par' dir='ltr' id='par_1_24' title="bbox 1902 880 3481 951">
     <span class='ocr_line' id='line_1_24' title="bbox 1902 880 3481 951; baseline 0.001 -15"><span class='ocrx_word' id='word_1_146' title='bbox 1902 893 2023 939; x_wconf 92' lang='lat' dir='ltr'><strong>tunc</strong></span> <span class='ocrx_word' id='word_1_147' title='bbox 2051 890 2287 950; x_wconf 59' lang='lat' dir='ltr'><strong>ceperat</strong></span> <span class='ocrx_word' id='word_1_148' title='bbox 2311 880 2600 935; x_wconf 88' lang='lat' dir='ltr'><strong>rebellare.</strong></span> <span class='ocrx_word' id='word_1_149' title='bbox 2634 880 2764 951; x_wconf 80' lang='lat' dir='ltr'><strong>Sed,</strong></span> <span class='ocrx_word' id='word_1_150' title='bbox 2793 890 2849 934; x_wconf 92' lang='lat' dir='ltr'><strong>ut</strong></span> <span class='ocrx_word' id='word_1_151' title='bbox 2877 881 3073 934; x_wconf 89' lang='lat' dir='ltr'><strong>dictum</strong></span> <span class='ocrx_word' id='word_1_152' title='bbox 3100 892 3213 945; x_wconf 89' lang='lat' dir='ltr'><strong>est,</strong></span> <span class='ocrx_word' id='word_1_153' title='bbox 3248 882 3325 937; x_wconf 88' lang='lat' dir='ltr'><strong>sic</strong></span> <span class='ocrx_word' id='word_1_154' title='bbox 3352 896 3481 943; x_wconf 71' lang='lat' dir='ltr'><strong>atte—</strong></span> 
     </span>
    </p>
   </div>
   <div class='ocr_carea' id='block_1_25' title="bbox 1906 974 3215 1047">
    <p class='ocr_par' dir='ltr' id='par_1_25' title="bbox 1906 974 3215 1047">
     <span class='ocr_line' id='line_1_25' title="bbox 1906 974 3215 1047; baseline -0.002 -15"><span class='ocrx_word' id='word_1_155' title='bbox 1906 978 1992 1032; x_wconf 86' lang='lat' dir='ltr'><strong>bat</strong></span> <span class='ocrx_word' id='word_1_156' title='bbox 2018 993 2031 1031; x_wconf 91' lang='lat'><strong>:</strong></span> <span class='ocrx_word' id='word_1_157' title='bbox 2057 976 2155 1043; x_wconf 87' lang='lat' dir='ltr'><strong>Qui</strong></span> <span class='ocrx_word' id='word_1_158' title='bbox 2187 975 2360 1047; x_wconf 88' lang='lat' dir='ltr'><strong>diligit</strong></span> <span class='ocrx_word' id='word_1_159' title='bbox 2391 977 2554 1041; x_wconf 88' lang='lat' dir='ltr'><strong>rixas,</strong></span> <span class='ocrx_word' id='word_1_160' title='bbox 2589 975 2873 1028; x_wconf 82' lang='lat' dir='ltr'><strong>meditatur</strong></span> <span class='ocrx_word' id='word_1_161' title='bbox 2901 974 3215 1030; x_wconf 79' lang='lat' dir='ltr'><strong>discordias.</strong></span> 
     </span>
    </p>
   </div>
   <div class='ocr_carea' id='block_1_26' title="bbox 1976 1065 3481 1137">
    <p class='ocr_par' dir='ltr' id='par_1_26' title="bbox 1976 1065 3481 1137">
     <span class='ocr_line' id='line_1_26' title="bbox 1976 1065 3481 1137; baseline -0.002 -13"><span class='ocrx_word' id='word_1_162' title='bbox 1976 1072 2073 1125; x_wconf 77' lang='lat' dir='ltr'><strong>Au.</strong></span> <span class='ocrx_word' id='word_1_163' title='bbox 2119 1084 2350 1123; x_wconf 82' lang='lat' dir='ltr'><strong>ncxxxv.</strong></span> <span class='ocrx_word' id='word_1_164' title='bbox 2389 1097 2459 1106; x_wconf 90' lang='lat'><strong>—</strong></span> <span class='ocrx_word' id='word_1_165' title='bbox 2500 1065 2781 1121; x_wconf 74' lang='lat' dir='ltr'><strong>LXXVIII.</strong></span> <span class='ocrx_word' id='word_1_166' title='bbox 2819 1072 2973 1121; x_wconf 83' lang='lat' dir='ltr'><strong>Anno</strong></span> <span class='ocrx_word' id='word_1_167' title='bbox 3010 1068 3076 1121; x_wconf 77' lang='grc'><strong>14</strong></span> <span class='ocrx_word' id='word_1_168' title='bbox 3103 1067 3252 1136; x_wconf 84' lang='lat' dir='ltr'><strong>regni</strong></span> <span class='ocrx_word' id='word_1_169' title='bbox 3300 1065 3481 1137; x_wconf 87' lang='lat' dir='ltr'><strong>Dago-</strong></span> 
     </span>
    </p>
   </div>
   <div class='ocr_carea' id='block_1_27' title="bbox 1904 1160 3480 1226">
    <p class='ocr_par' dir='ltr' id='par_1_27' title="bbox 1904 1160 3480 1226">
     <span class='ocr_line' id='line_1_27' title="bbox 1904 1160 3480 1226; baseline -0.003 -6"><span class='ocrx_word' id='word_1_170' title='bbox 1904 1164 2040 1220; x_wconf 87' lang='lat' dir='ltr'><strong>berti</strong></span> <span class='ocrx_word' id='word_1_171' title='bbox 2061 1207 2075 1226; x_wconf 81' lang='lat'><strong>,</strong></span> <span class='ocrx_word' id='word_1_172' title='bbox 2106 1180 2226 1218; x_wconf 91' lang='lat' dir='ltr'><strong>cum</strong></span> <span class='ocrx_word' id='word_1_173' title='bbox 2258 1162 2547 1216; x_wconf 85' lang='lat' dir='ltr'><strong>Wascones</strong></span> <span class='ocrx_word' id='word_1_174' title='bbox 2585 1160 2794 1216; x_wconf 81' lang='lat' dir='ltr'><strong>fortiter</strong></span> <span class='ocrx_word' id='word_1_175' title='bbox 2822 1161 3161 1224; x_wconf 85' lang='lat' dir='ltr'><strong>rebellareut,</strong></span> <span class='ocrx_word' id='word_1_176' title='bbox 3193 1169 3249 1216; x_wconf 92' lang='lat' dir='ltr'><strong>et</strong></span> <span class='ocrx_word' id='word_1_177' title='bbox 3280 1161 3480 1215; x_wconf 81' lang='lat' dir='ltr'><strong>multas</strong></span> 
     </span>
    </p>
   </div>
   <div class='ocr_carea' id='block_1_28' title="bbox 1906 1253 3478 1326">
    <p class='ocr_par' dir='ltr' id='par_1_28' title="bbox 1906 1253 3478 1326">
     <span class='ocr_line' id='line_1_28' title="bbox 1906 1253 3478 1326; baseline -0.003 -15"><span class='ocrx_word' id='word_1_178' title='bbox 1906 1258 2115 1325; x_wconf 68' lang='lat' dir='ltr'><strong>praadas</strong></span> <span class='ocrx_word' id='word_1_179' title='bbox 2154 1258 2207 1311; x_wconf 92' lang='lat' dir='ltr'><strong>in</strong></span> <span class='ocrx_word' id='word_1_180' title='bbox 2240 1271 2403 1313; x_wconf 61' lang='lat' dir='ltr'><strong>regno</strong></span> <span class='ocrx_word' id='word_1_181' title='bbox 2429 1254 2596 1326; x_wconf 64' lang='grc'><strong>649</strong></span> <span class='ocrx_word' id='word_1_182' title='bbox 2627 1253 2952 1309; x_wconf 85' lang='lat' dir='ltr'><strong>Francorum</strong></span> <span class='ocrx_word' id='word_1_183' title='bbox 2972 1296 2987 1319; x_wconf 95' lang='lat'><strong>,</strong></span> <span class='ocrx_word' id='word_1_184' title='bbox 3018 1255 3158 1324; x_wconf 83' lang='lat' dir='ltr'><strong>quod</strong></span> <span class='ocrx_word' id='word_1_185' title='bbox 3185 1255 3478 1310; x_wconf 83' lang='lat' dir='ltr'><strong>Chariber-</strong></span> 
     </span>
    </p>
   </div>
   <div class='ocr_carea' id='block_1_29' title="bbox 1910 1345 3486 1415">
    <p class='ocr_par' dir='ltr' id='par_1_29' title="bbox 1910 1345 3486 1415">
     <span class='ocr_line' id='line_1_29' title="bbox 1910 1345 3486 1415; baseline -0.003 -14"><span class='ocrx_word' id='word_1_186' title='bbox 1910 1358 1994 1401; x_wconf 91' lang='lat' dir='ltr'><strong>tus</strong></span> <span class='ocrx_word' id='word_1_187' title='bbox 2021 1356 2286 1409; x_wconf 88' lang='lat' dir='ltr'><strong>tenuerat,</strong></span> <span class='ocrx_word' id='word_1_188' title='bbox 2316 1346 2577 1412; x_wconf 90' lang='lat' dir='ltr'><strong>facerent,</strong></span> <span class='ocrx_word' id='word_1_189' title='bbox 2601 1346 2931 1414; x_wconf 81' lang='lat' dir='ltr'><strong>Dagobertus</strong></span> <span class='ocrx_word' id='word_1_190' title='bbox 2959 1347 3025 1398; x_wconf 87' lang='lat' dir='ltr'><strong>de</strong></span> <span class='ocrx_word' id='word_1_191' title='bbox 3052 1345 3298 1400; x_wconf 83' lang='lat' dir='ltr'><strong>universo</strong></span> <span class='ocrx_word' id='word_1_192' title='bbox 3321 1360 3486 1415; x_wconf 90' lang='lat' dir='ltr'><strong>regno</strong></span> 
     </span>
    </p>
   </div>
   <div class='ocr_carea' id='block_1_30' title="bbox 1909 1435 3487 1510">
    <p class='ocr_par' dir='ltr' id='par_1_30' title="bbox 1909 1435 3487 1510">
     <span class='ocr_line' id='line_1_30' title="bbox 1909 1435 3487 1510; baseline -0.002 -16"><span class='ocrx_word' id='word_1_193' title='bbox 1909 1440 2232 1510; x_wconf 77' lang='lat' dir='ltr'><strong>Burgundiae</strong></span> <span class='ocrx_word' id='word_1_194' title='bbox 2260 1440 2555 1494; x_wconf 84' lang='lat' dir='ltr'><strong>exercitum</strong></span> <span class='ocrx_word' id='word_1_195' title='bbox 2591 1453 2906 1505; x_wconf 85' lang='lat' dir='ltr'><strong>promovere</strong></span> <span class='ocrx_word' id='word_1_196' title='bbox 2931 1435 3113 1507; x_wconf 88' lang='lat' dir='ltr'><strong>jubet,</strong></span> <span class='ocrx_word' id='word_1_197' title='bbox 3143 1448 3379 1491; x_wconf 85' lang='lat' dir='ltr'><strong>statuens</strong></span> <span class='ocrx_word' id='word_1_198' title='bbox 3407 1438 3487 1491; x_wconf 88' lang='lat' dir='ltr'><strong>eis</strong></span> 
     </span>
    </p>
   </div>
   <div class='ocr_carea' id='block_1_31' title="bbox 1908 1530 3488 1600">
    <p class='ocr_par' dir='ltr' id='par_1_31' title="bbox 1908 1530 3488 1600">
     <span class='ocr_line' id='line_1_31' title="bbox 1908 1530 3488 1600; baseline -0.003 -12"><span class='ocrx_word' id='word_1_199' title='bbox 1908 1541 2069 1600; x_wconf 88' lang='lat' dir='ltr'><strong>caput</strong></span> <span class='ocrx_word' id='word_1_200' title='bbox 2109 1533 2377 1588; x_wconf 87' lang='lat' dir='ltr'><strong>exercitus</strong></span> <span class='ocrx_word' id='word_1_201' title='bbox 2405 1572 2420 1594; x_wconf 95' lang='lat'><strong>,</strong></span> <span class='ocrx_word' id='word_1_202' title='bbox 2455 1549 2485 1583; x_wconf 94' lang='lat' dir='ltr'><strong>n</strong></span> <span class='ocrx_word' id='word_1_203' title='bbox 2514 1530 2670 1584; x_wconf 83' lang='lat' dir='ltr'><strong>.mine</strong></span> <span class='ocrx_word' id='word_1_204' title='bbox 2717 1530 3086 1584; x_wconf 83' lang='lat' dir='ltr'><strong>Chadoindum</strong></span> <span class='ocrx_word' id='word_1_205' title='bbox 3114 1573 3130 1597; x_wconf 93' lang='lat'><strong>,</strong></span> <span class='ocrx_word' id='word_1_206' title='bbox 3179 1530 3488 1584; x_wconf 85' lang='lat' dir='ltr'><strong>referenda-</strong></span> 
     </span>
    </p>
   </div>
   <div class='ocr_carea' id='block_1_32' title="bbox 1912 1620 3489 1692">
    <p class='ocr_par' dir='ltr' id='par_1_32' title="bbox 1912 1620 3489 1692">
     <span class='ocr_line' id='line_1_32' title="bbox 1912 1620 3489 1692; baseline -0.001 -16"><span class='ocrx_word' id='word_1_207' title='bbox 1912 1624 2046 1677; x_wconf 89' lang='lat' dir='ltr'><strong>rium</strong></span> <span class='ocrx_word' id='word_1_208' title='bbox 2084 1662 2101 1688; x_wconf 88' lang='lat'><strong>,</strong></span> <span class='ocrx_word' id='word_1_209' title='bbox 2150 1623 2237 1691; x_wconf 88' lang='lat' dir='ltr'><strong>qui</strong></span> <span class='ocrx_word' id='word_1_210' title='bbox 2289 1622 2618 1689; x_wconf 86' lang='lat' dir='ltr'><strong>temporibus</strong></span> <span class='ocrx_word' id='word_1_211' title='bbox 2666 1620 2982 1674; x_wconf 84' lang='lat' dir='ltr'><strong>Theoderici</strong></span> <span class='ocrx_word' id='word_1_212' title='bbox 3029 1622 3295 1689; x_wconf 85' lang='lat' dir='ltr'><strong>quondam</strong></span> <span class='ocrx_word' id='word_1_213' title='bbox 3348 1621 3489 1692; x_wconf 85' lang='lat' dir='ltr'><strong>regis</strong></span> 
     </span>
    </p>
   </div>
   <div class='ocr_carea' id='block_1_33' title="bbox 219 1707 3489 1782">
    <p class='ocr_par' dir='ltr' id='par_1_33' title="bbox 219 1707 3489 1782">
     <span class='ocr_line' id='line_1_33' title="bbox 219 1707 3489 1782; baseline -0.001 -15"><span class='ocrx_word' id='word_1_214' title='bbox 219 1715 494 1768; x_wconf 88' lang='lat' dir='ltr'><strong>civitatem</strong></span> <span class='ocrx_word' id='word_1_215' title='bbox 533 1712 731 1767; x_wconf 88' lang='lat' dir='ltr'><strong>habere</strong></span> <span class='ocrx_word' id='word_1_216' title='bbox 782 1711 1044 1780; x_wconf 85' lang='lat' dir='ltr'><strong>permisit.</strong></span> <span class='ocrx_word' id='word_1_217' title='bbox 1088 1708 1478 1764; x_wconf 80' lang='lat' dir='ltr'><strong>Chunibsrtum</strong></span> <span class='ocrx_word' id='word_1_218' title='bbox 1512 1707 1538 1745; x_wconf 70' lang='grc' dir='ltr'>ἀ</span> <span class='ocrx_word' id='word_1_219' title='bbox 1567 1708 1807 1764; x_wconf 67' lang='lat' dir='ltr'><strong>Colonia</strong></span> <span class='ocrx_word' id='word_1_220' title='bbox 1842 1712 1891 1772; x_wconf 83' lang='grc' dir='ltr'>Β</span> <span class='ocrx_word' id='word_1_221' title='bbox 1921 1714 2103 1768; x_wconf 78' lang='lat' dir='ltr'><strong>multis</strong></span> <span class='ocrx_word' id='word_1_222' title='bbox 2135 1711 2333 1782; x_wconf 70' lang='lat' dir='ltr'><strong>prmliis</strong></span> <span class='ocrx_word' id='word_1_223' title='bbox 2367 1712 2693 1780; x_wconf 85' lang='lat' dir='ltr'><strong>probabatur</strong></span> <span class='ocrx_word' id='word_1_224' title='bbox 2720 1721 2969 1765; x_wconf 86' lang='lat' dir='ltr'><strong>strenuus</strong></span> <span class='ocrx_word' id='word_1_225' title='bbox 2996 1728 3008 1773; x_wconf 90' lang='lat'>;</span> <span class='ocrx_word' id='word_1_226' title='bbox 3034 1712 3120 1780; x_wconf 69' lang='lat' dir='ltr'><strong>qui</strong></span> <span class='ocrx_word' id='word_1_227' title='bbox 3152 1728 3270 1765; x_wconf 84' lang='lat' dir='ltr'><strong>cum</strong></span> <span class='ocrx_word' id='word_1_228' title='bbox 3301 1712 3489 1766; x_wconf 88' lang='lat' dir='ltr'><strong>decem</strong></span> 
     </span>
    </p>
   </div>
   <div class='ocr_carea' id='block_1_34' title="bbox 223 1799 1811 1874">
    <p class='ocr_par' dir='ltr' id='par_1_34' title="bbox 223 1799 1811 1874">
     <span class='ocr_line' id='line_1_34' title="bbox 223 1799 1811 1874; baseline -0.004 -15"><span class='ocrx_word' id='word_1_229' title='bbox 223 1806 377 1859; x_wconf 86' lang='lat' dir='ltr'><strong>urbis</strong></span> <span class='ocrx_word' id='word_1_230' title='bbox 406 1803 733 1874; x_wconf 87' lang='lat' dir='ltr'><strong>pontiﬁcem,</strong></span> <span class='ocrx_word' id='word_1_231' title='bbox 765 1810 817 1857; x_wconf 90' lang='lat' dir='ltr'><strong>et</strong></span> <span class='ocrx_word' id='word_1_232' title='bbox 864 1801 1221 1870; x_wconf 80' lang='lat' dir='ltr'><strong>Adalgiselum</strong></span> <span class='ocrx_word' id='word_1_233' title='bbox 1254 1801 1443 1856; x_wconf 90' lang='lat' dir='ltr'><strong>ducem</strong></span> <span class='ocrx_word' id='word_1_234' title='bbox 1476 1799 1726 1868; x_wconf 85' lang='lat' dir='ltr'><strong>palatium</strong></span> <span class='ocrx_word' id='word_1_235' title='bbox 1757 1808 1811 1853; x_wconf 88' lang='lat' dir='ltr'><strong>et</strong></span> 
     </span>
    </p>
   </div>
   <div class='ocr_carea' id='block_1_35' title="bbox 228 1892 1809 1967">
    <p class='ocr_par' dir='ltr' id='par_1_35' title="bbox 228 1892 1809 1967">
     <span class='ocr_line' id='line_1_35' title="bbox 228 1892 1809 1967; baseline -0.004 -17"><span class='ocrx_word' id='word_1_236' title='bbox 228 1913 455 1967; x_wconf 89' lang='lat' dir='ltr'><strong>regnum</strong></span> <span class='ocrx_word' id='word_1_237' title='bbox 492 1904 516 1931; x_wconf 79' lang='grc'><strong><em>⁸</em></strong></span> <span class='ocrx_word' id='word_1_238' title='bbox 543 1893 945 1963; x_wconf 84' lang='lat' dir='ltr'><strong>gubernandum</strong></span> <span class='ocrx_word' id='word_1_239' title='bbox 994 1893 1242 1946; x_wconf 88' lang='lat' dir='ltr'><strong>instituit.</strong></span> <span class='ocrx_word' id='word_1_240' title='bbox 1287 1892 1617 1946; x_wconf 84' lang='lat' dir='ltr'><strong>Thesaurum</strong></span> <span class='ocrx_word' id='word_1_241' title='bbox 1669 1892 1809 1959; x_wconf 94' lang='lat' dir='ltr'><strong>quod</strong></span> 
     </span>
    </p>
   </div>
   <div class='ocr_carea' id='block_1_36' title="bbox 226 1980 1812 2051">
    <p class='ocr_par' dir='ltr' id='par_1_36' title="bbox 226 1980 1812 2051">
     <span class='ocr_line' id='line_1_36' title="bbox 226 1980 1812 2051; baseline -0.004 -11"><span class='ocrx_word' id='word_1_242' title='bbox 226 1986 506 2040; x_wconf 88' lang='lat' dir='ltr'><strong>sufﬁceret</strong></span> <span class='ocrx_word' id='word_1_243' title='bbox 534 1985 639 2038; x_wconf 90' lang='lat' dir='ltr'><strong>lilio</strong></span> <span class='ocrx_word' id='word_1_244' title='bbox 666 1984 906 2047; x_wconf 89' lang='lat' dir='ltr'><strong>tradens,</strong></span> <span class='ocrx_word' id='word_1_245' title='bbox 930 1982 1225 2051; x_wconf 82' lang='lat' dir='ltr'><strong>condigne,</strong></span> <span class='ocrx_word' id='word_1_246' title='bbox 1254 1991 1312 2035; x_wconf 93' lang='lat' dir='ltr'><strong>ut</strong></span> <span class='ocrx_word' id='word_1_247' title='bbox 1340 1980 1538 2049; x_wconf 85' lang='lat' dir='ltr'><strong>decuit,</strong></span> <span class='ocrx_word' id='word_1_248' title='bbox 1565 1995 1686 2035; x_wconf 91' lang='lat' dir='ltr'><strong>eum</strong></span> <span class='ocrx_word' id='word_1_249' title='bbox 1717 1982 1812 2033; x_wconf 81' lang='lat' dir='ltr'><strong>hu-</strong></span> 
     </span>
    </p>
   </div>
   <div class='ocr_carea' id='block_1_37' title="bbox 222 2071 1811 2147">
    <p class='ocr_par' dir='ltr' id='par_1_37' title="bbox 222 2071 1811 2147">
     <span class='ocr_line' id='line_1_37' title="bbox 222 2071 1811 2147; baseline -0.004 -16"><span class='ocrx_word' id='word_1_250' title='bbox 222 2077 307 2147; x_wconf 82' lang='lat' dir='ltr'><strong>jus</strong></span> <span class='ocrx_word' id='word_1_251' title='bbox 335 2077 576 2131; x_wconf 81' lang='lat' dir='ltr'><strong>culmine</strong></span> <span class='ocrx_word' id='word_1_252' title='bbox 606 2074 935 2141; x_wconf 87' lang='lat' dir='ltr'><strong>sublimavit,</strong></span> <span class='ocrx_word' id='word_1_253' title='bbox 966 2084 1020 2128; x_wconf 92' lang='lat' dir='ltr'><strong>et</strong></span> <span class='ocrx_word' id='word_1_254' title='bbox 1068 2074 1421 2142; x_wconf 82' lang='lat' dir='ltr'><strong>quodcunque</strong></span> <span class='ocrx_word' id='word_1_255' title='bbox 1447 2071 1621 2127; x_wconf 89' lang='lat' dir='ltr'><strong>eidem</strong></span> <span class='ocrx_word' id='word_1_256' title='bbox 1652 2071 1811 2141; x_wconf 87' lang='lat' dir='ltr'><strong>largi-</strong></span> 
     </span>
    </p>
   </div>
   <div class='ocr_carea' id='block_1_38' title="bbox 229 2162 1812 2236">
    <p class='ocr_par' dir='ltr' id='par_1_38' title="bbox 229 2162 1812 2236">
     <span class='ocr_line' id='line_1_38' title="bbox 229 2162 1812 2236; baseline -0.003 -16"><span class='ocrx_word' id='word_1_257' title='bbox 229 2182 313 2223; x_wconf 84' lang='lat' dir='ltr'><strong>tus</strong></span> <span class='ocrx_word' id='word_1_258' title='bbox 344 2169 547 2233; x_wconf 79' lang='lat' dir='ltr'><strong>fuerat,</strong></span> <span class='ocrx_word' id='word_1_259' title='bbox 601 2166 914 2236; x_wconf 87' lang='lat' dir='ltr'><strong>singillatim</strong></span> <span class='ocrx_word' id='word_1_260' title='bbox 960 2164 1407 2233; x_wconf 80' lang='lat' dir='ltr'><strong>pra-ceptionibus</strong></span> <span class='ocrx_word' id='word_1_261' title='bbox 1456 2162 1812 2217; x_wconf 87' lang='lat' dir='ltr'><strong>roborandum</strong></span> 
     </span>
    </p>
   </div>
   <div class='ocr_carea' id='block_1_39' title="bbox 223 2256 1812 2330">
    <p class='ocr_par' dir='ltr' id='par_1_39' title="bbox 223 2256 1812 2330">
     <span class='ocr_line' id='line_1_39' title="bbox 223 2256 1812 2330; baseline -0.004 -12"><span class='ocrx_word' id='word_1_262' title='bbox 223 2261 485 2318; x_wconf 86' lang='lat' dir='ltr'><strong>decrevit.</strong></span> <span class='ocrx_word' id='word_1_263' title='bbox 524 2261 786 2330; x_wconf 85' lang='lat' dir='ltr'><strong>Deinceps</strong></span> <span class='ocrx_word' id='word_1_264' title='bbox 830 2259 1090 2313; x_wconf 80' lang='lat' dir='ltr'><strong>Anstrasii</strong></span> <span class='ocrx_word' id='word_1_265' title='bbox 1134 2273 1321 2313; x_wconf 88' lang='lat' dir='ltr'><strong>eorum</strong></span> <span class='ocrx_word' id='word_1_266' title='bbox 1368 2256 1547 2311; x_wconf 88' lang='lat' dir='ltr'><strong>studio</strong></span> <span class='ocrx_word' id='word_1_267' title='bbox 1592 2258 1812 2312; x_wconf 88' lang='lat' dir='ltr'><strong>limitem</strong></span> 
     </span>
    </p>
   </div>
   <div class='ocr_carea' id='block_1_40' title="bbox 224 2349 1817 2424">
    <p class='ocr_par' dir='ltr' id='par_1_40' title="bbox 224 2349 1817 2424">
     <span class='ocr_line' id='line_1_40' title="bbox 224 2349 1817 2424; baseline -0.002 -17"><span class='ocrx_word' id='word_1_268' title='bbox 224 2368 275 2407; x_wconf 87' lang='lat' dir='ltr'><strong>et</strong></span> <span class='ocrx_word' id='word_1_269' title='bbox 308 2370 532 2423; x_wconf 87' lang='lat' dir='ltr'><strong>regnum</strong></span> <span class='ocrx_word' id='word_1_270' title='bbox 563 2352 727 2424; x_wconf 64' lang='lat'><strong>648</strong></span> <span class='ocrx_word' id='word_1_271' title='bbox 757 2352 1083 2407; x_wconf 87' lang='lat' dir='ltr'><strong>Francorum</strong></span> <span class='ocrx_word' id='word_1_272' title='bbox 1111 2360 1293 2407; x_wconf 82' lang='lat' dir='ltr'><strong>contra</strong></span> <span class='ocrx_word' id='word_1_273' title='bbox 1345 2349 1588 2405; x_wconf 87' lang='lat' dir='ltr'><strong>Winidos</strong></span> <span class='ocrx_word' id='word_1_274' title='bbox 1618 2350 1817 2405; x_wconf 88' lang='lat' dir='ltr'><strong>utiliter</strong></span> 
     </span>
    </p>
   </div>
   <div class='ocr_carea' id='block_1_41' title="bbox 228 2447 886 2501">
    <p class='ocr_par' dir='ltr' id='par_1_41' title="bbox 228 2447 886 2501">
     <span class='ocr_line' id='line_1_41' title="bbox 228 2447 886 2501; baseline -0.005 -1"><span class='ocrx_word' id='word_1_275' title='bbox 228 2447 548 2501; x_wconf 85' lang='lat' dir='ltr'><strong>defensasse</strong></span> <span class='ocrx_word' id='word_1_276' title='bbox 578 2456 886 2500; x_wconf 88' lang='lat' dir='ltr'><strong>noscuntur.</strong></span> 
     </span>
    </p>
   </div>
   <div class='ocr_carea' id='block_1_42' title="bbox 296 2534 1818 2607">
    <p class='ocr_par' dir='ltr' id='par_1_42' title="bbox 296 2534 1818 2607">
     <span class='ocr_line' id='line_1_42' title="bbox 296 2534 1818 2607; baseline 0 -14"><span class='ocrx_word' id='word_1_277' title='bbox 296 2540 402 2593; x_wconf 68' lang='lat' dir='ltr'><strong>AN.</strong></span> <span class='ocrx_word' id='word_1_278' title='bbox 451 2553 707 2593; x_wconf 71' lang='lat' dir='ltr'><strong>ncxxxm.</strong></span> <span class='ocrx_word' id='word_1_279' title='bbox 743 2567 814 2578; x_wconf 92' lang='lat'><strong>——</strong></span> <span class='ocrx_word' id='word_1_280' title='bbox 862 2537 1094 2591; x_wconf 72' lang='lat' dir='ltr'><strong>LXXVI.</strong></span> <span class='ocrx_word' id='word_1_281' title='bbox 1129 2534 1369 2604; x_wconf 87' lang='lat' dir='ltr'><strong>Cumque</strong></span> <span class='ocrx_word' id='word_1_282' title='bbox 1397 2552 1537 2590; x_wconf 88' lang='lat' dir='ltr'><strong>anno</strong></span> <span class='ocrx_word' id='word_1_283' title='bbox 1566 2536 1633 2590; x_wconf 71' lang='lat'><strong>12</strong></span> <span class='ocrx_word' id='word_1_284' title='bbox 1677 2538 1818 2607; x_wconf 89' lang='lat' dir='ltr'><strong>regis</strong></span> 
     </span>
    </p>
   </div>
   <div class='ocr_carea' id='block_1_43' title="bbox 229 2627 1812 2702">
    <p class='ocr_par' dir='ltr' id='par_1_43' title="bbox 229 2627 1812 2702">
     <span class='ocr_line' id='line_1_43' title="bbox 229 2627 1812 2702; baseline -0.001 -17"><span class='ocrx_word' id='word_1_285' title='bbox 229 2632 510 2702; x_wconf 88' lang='lat' dir='ltr'><strong>Dagoberti</strong></span> <span class='ocrx_word' id='word_1_286' title='bbox 542 2632 713 2686; x_wconf 90' lang='lat' dir='ltr'><strong>eidem</strong></span> <span class='ocrx_word' id='word_1_287' title='bbox 743 2631 904 2693; x_wconf 86' lang='lat' dir='ltr'><strong>ﬁlius,</strong></span> <span class='ocrx_word' id='word_1_288' title='bbox 930 2630 1145 2685; x_wconf 87' lang='lat' dir='ltr'><strong>nomine</strong></span> <span class='ocrx_word' id='word_1_289' title='bbox 1173 2627 1533 2697; x_wconf 83' lang='lat' dir='ltr'><strong>Chlodoveus,</strong></span> <span class='ocrx_word' id='word_1_290' title='bbox 1565 2631 1633 2684; x_wconf 92' lang='lat' dir='ltr'><strong>de</strong></span> <span class='ocrx_word' id='word_1_291' title='bbox 1662 2630 1812 2684; x_wconf 78' lang='lat' dir='ltr'><strong>Nun-</strong></span> 
     </span>
    </p>
   </div>
   <div class='ocr_carea' id='block_1_44' title="bbox 229 2719 1816 2785">
    <p class='ocr_par' dir='ltr' id='par_1_44' title="bbox 229 2719 1816 2785">
     <span class='ocr_line' id='line_1_44' title="bbox 229 2719 1816 2785; baseline -0.004 -9"><span class='ocrx_word' id='word_1_292' title='bbox 229 2722 460 2776; x_wconf 88' lang='lat' dir='ltr'><strong>techilde</strong></span> <span class='ocrx_word' id='word_1_293' title='bbox 509 2724 690 2785; x_wconf 80' lang='lat' dir='ltr'><strong>regina</strong></span> <span class='ocrx_word' id='word_1_294' title='bbox 736 2730 894 2774; x_wconf 88' lang='lat' dir='ltr'><strong>natus</strong></span> <span class='ocrx_word' id='word_1_295' title='bbox 939 2720 1161 2784; x_wconf 77' lang='lat' dir='ltr'><strong>fuis~et,</strong></span> <span class='ocrx_word' id='word_1_296' title='bbox 1210 2720 1433 2773; x_wconf 81' lang='lat' dir='ltr'><strong>consilio</strong></span> <span class='ocrx_word' id='word_1_297' title='bbox 1472 2719 1816 2775; x_wconf 83' lang='lat' dir='ltr'><strong>Nenstrasiu-</strong></span> 
     </span>
    </p>
   </div>
   <div class='ocr_carea' id='block_1_45' title="bbox 230 2812 1821 2881">
    <p class='ocr_par' dir='ltr' id='par_1_45' title="bbox 230 2812 1821 2881">
     <span class='ocr_line' id='line_1_45' title="bbox 230 2812 1821 2881; baseline 0.001 -16"><span class='ocrx_word' id='word_1_298' title='bbox 230 2828 342 2866; x_wconf 91' lang='lat' dir='ltr'><strong>rum</strong></span> <span class='ocrx_word' id='word_1_299' title='bbox 382 2812 427 2878; x_wconf 69' lang='grc' dir='ltr'><strong>ί,</strong></span> <span class='ocrx_word' id='word_1_300' title='bbox 462 2827 754 2879; x_wconf 86' lang='lat' dir='ltr'><strong>eorumque</strong></span> <span class='ocrx_word' id='word_1_301' title='bbox 785 2812 1173 2875; x_wconf 84' lang='lat' dir='ltr'><strong>admonitione,</strong></span> <span class='ocrx_word' id='word_1_302' title='bbox 1206 2826 1304 2881; x_wconf 87' lang='lat' dir='ltr'><strong>per</strong></span> <span class='ocrx_word' id='word_1_303' title='bbox 1348 2812 1605 2879; x_wconf 89' lang='lat' dir='ltr'><strong>pactionis</strong></span> <span class='ocrx_word' id='word_1_304' title='bbox 1634 2812 1821 2867; x_wconf 81' lang='lat' dir='ltr'><strong>vincu—</strong></span> 
     </span>
    </p>
   </div>
   <div class='ocr_carea' id='block_1_46' title="bbox 230 2903 1820 2975">
    <p class='ocr_par' dir='ltr' id='par_1_46' title="bbox 230 2903 1820 2975">
     <span class='ocr_line' id='line_1_46' title="bbox 230 2903 1820 2975; baseline -0.001 -16"><span class='ocrx_word' id='word_1_305' title='bbox 230 2906 336 2960; x_wconf 85' lang='lat' dir='ltr'><strong>lum</strong></span> <span class='ocrx_word' id='word_1_306' title='bbox 369 2921 491 2960; x_wconf 90' lang='lat' dir='ltr'><strong>cum</strong></span> <span class='ocrx_word' id='word_1_307' title='bbox 526 2905 790 2975; x_wconf 84' lang='lat' dir='ltr'><strong>Sigiberto</strong></span> <span class='ocrx_word' id='word_1_308' title='bbox 822 2905 930 2958; x_wconf 86' lang='lat' dir='ltr'><strong>[ilio</strong></span> <span class='ocrx_word' id='word_1_309' title='bbox 979 2920 1079 2958; x_wconf 89' lang='lat' dir='ltr'><strong>suo</strong></span> <span class='ocrx_word' id='word_1_310' title='bbox 1111 2903 1357 2957; x_wconf 84' lang='lat' dir='ltr'><strong>ﬁrmasse</strong></span> <span class='ocrx_word' id='word_1_311' title='bbox 1406 2903 1721 2959; x_wconf 87' lang='lat' dir='ltr'><strong>dinoscitur.</strong></span> <span class='ocrx_word' id='word_1_312' title='bbox 1758 2906 1820 2958; x_wconf 78' lang='lat' dir='ltr'><strong>Et</strong></span> 
     </span>
    </p>
   </div>
   <div class='ocr_carea' id='block_1_47' title="bbox 232 2998 1819 3067">
    <p class='ocr_par' dir='ltr' id='par_1_47' title="bbox 232 2998 1819 3067">
     <span class='ocr_line' id='line_1_47' title="bbox 232 2998 1819 3067; baseline -0.003 -13"><span class='ocrx_word' id='word_1_313' title='bbox 232 2999 631 3054; x_wconf 79' lang='lat' dir='ltr'><strong>Austrasiorum</strong></span> <span class='ocrx_word' id='word_1_314' title='bbox 677 3014 866 3053; x_wconf 87' lang='lat' dir='ltr'><strong>omnes</strong></span> <span class='ocrx_word' id='word_1_315' title='bbox 898 3000 1152 3066; x_wconf 89' lang='lat' dir='ltr'><strong>primates</strong></span> <span class='ocrx_word' id='word_1_316' title='bbox 1195 2998 1503 3067; x_wconf 81' lang='lat' dir='ltr'><strong>pontiﬁces,</strong></span> <span class='ocrx_word' id='word_1_317' title='bbox 1534 3009 1697 3052; x_wconf 58' lang='lat' dir='ltr'><strong>caeter</strong></span> <span class='ocrx_word' id='word_1_318' title='bbox 1718 3014 1819 3067; x_wconf 91' lang='lat' dir='ltr'><strong>que</strong></span> 
     </span>
    </p>
   </div>
   <div class='ocr_carea' id='block_1_48' title="bbox 1913 1800 3491 1871">
    <p class='ocr_par' dir='ltr' id='par_1_48' title="bbox 1913 1800 3491 1871">
     <span class='ocr_line' id='line_1_48' title="bbox 1913 1800 3491 1871; baseline -0.004 -9"><span class='ocrx_word' id='word_1_319' title='bbox 1913 1807 2139 1863; x_wconf 90' lang='lat' dir='ltr'><strong>ducibus</strong></span> <span class='ocrx_word' id='word_1_320' title='bbox 2155 1821 2274 1860; x_wconf 91' lang='lat' dir='ltr'><strong>cum</strong></span> <span class='ocrx_word' id='word_1_321' title='bbox 2300 1804 2643 1867; x_wconf 81' lang='lat' dir='ltr'><strong>exercitibus,</strong></span> <span class='ocrx_word' id='word_1_322' title='bbox 2672 1803 2723 1857; x_wconf 91' lang='lat' dir='ltr'><strong>id</strong></span> <span class='ocrx_word' id='word_1_323' title='bbox 2750 1813 2851 1871; x_wconf 88' lang='lat' dir='ltr'><strong>est,</strong></span> <span class='ocrx_word' id='word_1_324' title='bbox 2884 1804 3217 1859; x_wconf 87' lang='lat' dir='ltr'><strong>Arimbertns</strong></span> <span class='ocrx_word' id='word_1_325' title='bbox 3240 1800 3287 1870; x_wconf 69' lang='grc'><strong>³³,</strong></span> <span class='ocrx_word' id='word_1_326' title='bbox 3315 1808 3491 1858; x_wconf 77' lang='lat' dir='ltr'><strong>Amal-</strong></span> 
     </span>
    </p>
   </div>
   <div class='ocr_carea' id='block_1_49' title="bbox 1914 1893 3483 1968">
    <p class='ocr_par' dir='ltr' id='par_1_49' title="bbox 1914 1893 3483 1968">
     <span class='ocr_line' id='line_1_49' title="bbox 1914 1893 3483 1968; baseline 0.002 -18"><span class='ocrx_word' id='word_1_327' title='bbox 1914 1899 2096 1968; x_wconf 84' lang='lat' dir='ltr'><strong>garius</strong></span> <span class='ocrx_word' id='word_1_328' title='bbox 2120 1939 2137 1964; x_wconf 93' lang='lat'><strong>,</strong></span> <span class='ocrx_word' id='word_1_329' title='bbox 2169 1897 2530 1953; x_wconf 77' lang='lat' dir='ltr'><strong>Leudebertus</strong></span> <span class='ocrx_word' id='word_1_330' title='bbox 2554 1940 2569 1964; x_wconf 88' lang='lat'><strong>,</strong></span> <span class='ocrx_word' id='word_1_331' title='bbox 2616 1893 3030 1951; x_wconf 85' lang='lat' dir='ltr'><strong>Wandalntarus</strong></span> <span class='ocrx_word' id='word_1_332' title='bbox 3055 1937 3069 1961; x_wconf 88' lang='lat'><strong>,</strong></span> <span class='ocrx_word' id='word_1_333' title='bbox 3106 1895 3442 1953; x_wconf 89' lang='lat' dir='ltr'><strong>Waldericus</strong></span> <span class='ocrx_word' id='word_1_334' title='bbox 3466 1938 3483 1963; x_wconf 91' lang='lat'><strong>,</strong></span> 
     </span>
    </p>
   </div>
   <div class='ocr_carea' id='block_1_50' title="bbox 1919 1987 3489 2056">
    <p class='ocr_par' dir='ltr' id='par_1_50' title="bbox 1919 1987 3489 2056">
     <span class='ocr_line' id='line_1_50' title="bbox 1919 1987 3489 2056; baseline -0.002 -12"><span class='ocrx_word' id='word_1_335' title='bbox 1919 1990 2206 2053; x_wconf 83' lang='lat' dir='ltr'><strong>Ermenus,</strong></span> <span class='ocrx_word' id='word_1_336' title='bbox 2244 1989 2527 2054; x_wconf 87' lang='lat' dir='ltr'><strong>Barontus,</strong></span> <span class='ocrx_word' id='word_1_337' title='bbox 2558 1987 2914 2041; x_wconf 76' lang='lat' dir='ltr'><strong>Chairaardus</strong></span> <span class='ocrx_word' id='word_1_338' title='bbox 2942 2002 3007 2041; x_wconf 88' lang='lat' dir='ltr'><strong>ex</strong></span> <span class='ocrx_word' id='word_1_339' title='bbox 3031 2002 3229 2056; x_wconf 86' lang='lat' dir='ltr'><strong>genere</strong></span> <span class='ocrx_word' id='word_1_340' title='bbox 3254 1987 3489 2043; x_wconf 85' lang='lat' dir='ltr'><strong>Franco-</strong></span> 
     </span>
    </p>
   </div>
   <div class='ocr_carea' id='block_1_51' title="bbox 1915 2079 3493 2148">
    <p class='ocr_par' dir='ltr' id='par_1_51' title="bbox 1915 2079 3493 2148">
     <span class='ocr_line' id='line_1_51' title="bbox 1915 2079 3493 2148; baseline -0.001 -13"><span class='ocrx_word' id='word_1_341' title='bbox 1915 2097 2066 2146; x_wconf 86' lang='lat' dir='ltr'><strong>rum,</strong></span> <span class='ocrx_word' id='word_1_342' title='bbox 2104 2082 2526 2135; x_wconf 81' lang='lat' dir='ltr'><strong>Chramnelenus</strong></span> <span class='ocrx_word' id='word_1_343' title='bbox 2553 2094 2619 2134; x_wconf 82' lang='lat' dir='ltr'><strong>ex</strong></span> <span class='ocrx_word' id='word_1_344' title='bbox 2660 2094 2856 2148; x_wconf 83' lang='lat' dir='ltr'><strong>genere</strong></span> <span class='ocrx_word' id='word_1_345' title='bbox 2895 2079 3166 2145; x_wconf 78' lang='lat' dir='ltr'><strong>Romano,</strong></span> <span class='ocrx_word' id='word_1_346' title='bbox 3198 2079 3493 2135; x_wconf 83' lang='lat' dir='ltr'><strong>Wilibadus</strong></span> 
     </span>
    </p>
   </div>
   <div class='ocr_carea' id='block_1_52' title="bbox 1916 2171 3494 2242">
    <p class='ocr_par' dir='ltr' id='par_1_52' title="bbox 1916 2171 3494 2242">
     <span class='ocr_line' id='line_1_52' title="bbox 1916 2171 3494 2242; baseline 0.001 -17"><span class='ocrx_word' id='word_1_347' title='bbox 1916 2172 2169 2242; x_wconf 84' lang='lat' dir='ltr'><strong>patricius</strong></span> <span class='ocrx_word' id='word_1_348' title='bbox 2203 2187 2267 2226; x_wconf 81' lang='lat' dir='ltr'><strong>ex</strong></span> <span class='ocrx_word' id='word_1_349' title='bbox 2310 2186 2507 2241; x_wconf 83' lang='lat' dir='ltr'><strong>genere</strong></span> <span class='ocrx_word' id='word_1_350' title='bbox 2537 2171 3012 2240; x_wconf 89' lang='lat' dir='ltr'><strong>Burgundionum,</strong></span> <span class='ocrx_word' id='word_1_351' title='bbox 3046 2173 3247 2242; x_wconf 87' lang='lat' dir='ltr'><strong>Aigyna</strong></span> <span class='ocrx_word' id='word_1_352' title='bbox 3302 2189 3365 2226; x_wconf 90' lang='lat' dir='ltr'><strong>ex</strong></span> <span class='ocrx_word' id='word_1_353' title='bbox 3404 2186 3494 2240; x_wconf 59' lang='lat' dir='ltr'><strong>ge.</strong></span> 
     </span>
    </p>
   </div>
   <div class='ocr_carea' id='block_1_53' title="bbox 1917 2262 3495 2333">
    <p class='ocr_par' dir='ltr' id='par_1_53' title="bbox 1917 2262 3495 2333">
     <span class='ocr_line' id='line_1_53' title="bbox 1917 2262 3495 2333; baseline 0 -13"><span class='ocrx_word' id='word_1_354' title='bbox 1917 2281 2043 2321; x_wconf 89' lang='lat' dir='ltr'><strong>nere</strong></span> <span class='ocrx_word' id='word_1_355' title='bbox 2072 2266 2364 2328; x_wconf 78' lang='lat' dir='ltr'><strong>Saxonum,</strong></span> <span class='ocrx_word' id='word_1_356' title='bbox 2395 2265 2636 2333; x_wconf 79' lang='lat' dir='ltr'><strong>exceptis</strong></span> <span class='ocrx_word' id='word_1_357' title='bbox 2666 2262 2947 2318; x_wconf 88' lang='lat' dir='ltr'><strong>comitibus</strong></span> <span class='ocrx_word' id='word_1_358' title='bbox 2976 2264 3241 2333; x_wconf 88' lang='lat' dir='ltr'><strong>plurimis,</strong></span> <span class='ocrx_word' id='word_1_359' title='bbox 3274 2265 3363 2333; x_wconf 88' lang='lat' dir='ltr'><strong>qui</strong></span> <span class='ocrx_word' id='word_1_360' title='bbox 3395 2267 3495 2320; x_wconf 88' lang='lat' dir='ltr'><strong>du-</strong></span> 
     </span>
    </p>
   </div>
   <div class='ocr_carea' id='block_1_54' title="bbox 1915 2354 3492 2429">
    <p class='ocr_par' dir='ltr' id='par_1_54' title="bbox 1915 2354 3492 2429">
     <span class='ocr_line' id='line_1_54' title="bbox 1915 2354 3492 2429; baseline -0.003 -15"><span class='ocrx_word' id='word_1_361' title='bbox 1915 2375 2032 2415; x_wconf 91' lang='lat' dir='ltr'><strong>cem</strong></span> <span class='ocrx_word' id='word_1_362' title='bbox 2080 2374 2241 2429; x_wconf 87' lang='lat' dir='ltr'><strong>super</strong></span> <span class='ocrx_word' id='word_1_363' title='bbox 2286 2373 2345 2412; x_wconf 90' lang='lat' dir='ltr'><strong>se</strong></span> <span class='ocrx_word' id='word_1_364' title='bbox 2396 2373 2501 2411; x_wconf 90' lang='lat' dir='ltr'><strong>non</strong></span> <span class='ocrx_word' id='word_1_365' title='bbox 2549 2356 2815 2412; x_wconf 81' lang='lat' dir='ltr'><strong>habebant</strong></span> <span class='ocrx_word' id='word_1_366' title='bbox 2859 2354 2900 2420; x_wconf 77' lang='grc' dir='ltr'><strong>ί,</strong></span> <span class='ocrx_word' id='word_1_367' title='bbox 2957 2356 3010 2409; x_wconf 92' lang='lat' dir='ltr'><strong>in</strong></span> <span class='ocrx_word' id='word_1_368' title='bbox 3041 2354 3324 2411; x_wconf 87' lang='lat' dir='ltr'><strong>Wasconia</strong></span> <span class='ocrx_word' id='word_1_369' title='bbox 3371 2374 3492 2410; x_wconf 87' lang='lat' dir='ltr'><strong>cum</strong></span> 
     </span>
    </p>
   </div>
   <div class='ocr_carea' id='block_1_55' title="bbox 1918 2446 3494 2522">
    <p class='ocr_par' dir='ltr' id='par_1_55' title="bbox 1918 2446 3494 2522">
     <span class='ocr_line' id='line_1_55' title="bbox 1918 2446 3494 2522; baseline -0.003 -17"><span class='ocrx_word' id='word_1_370' title='bbox 1918 2453 2154 2505; x_wconf 85' lang='lat' dir='ltr'><strong>exercitu</strong></span> <span class='ocrx_word' id='word_1_371' title='bbox 2197 2448 2563 2522; x_wconf 76' lang='lat' dir='ltr'><strong>perrexissent</strong></span> <span class='ocrx_word' id='word_1_372' title='bbox 2592 2487 2606 2511; x_wconf 95' lang='lat'><strong>,</strong></span> <span class='ocrx_word' id='word_1_373' title='bbox 2639 2458 2694 2501; x_wconf 88' lang='lat' dir='ltr'><strong>et</strong></span> <span class='ocrx_word' id='word_1_374' title='bbox 2735 2456 2842 2501; x_wconf 89' lang='lat' dir='ltr'><strong>tota</strong></span> <span class='ocrx_word' id='word_1_375' title='bbox 2891 2446 3189 2501; x_wconf 58' lang='lat' dir='ltr'><strong>Wasconiaa</strong></span> <span class='ocrx_word' id='word_1_376' title='bbox 3230 2447 3396 2516; x_wconf 89' lang='lat' dir='ltr'><strong>patria</strong></span> <span class='ocrx_word' id='word_1_377' title='bbox 3427 2450 3494 2501; x_wconf 84' lang='lat' dir='ltr'><strong>ab</strong></span> 
     </span>
    </p>
   </div>
   <div class='ocr_carea' id='block_1_56' title="bbox 1917 2540 3499 2611">
    <p class='ocr_par' dir='ltr' id='par_1_56' title="bbox 1917 2540 3499 2611">
     <span class='ocr_line' id='line_1_56' title="bbox 1917 2540 3499 2611; baseline 0 -15"><span class='ocrx_word' id='word_1_378' title='bbox 1917 2544 2154 2598; x_wconf 84' lang='lat' dir='ltr'><strong>exercitu</strong></span> <span class='ocrx_word' id='word_1_379' title='bbox 2204 2540 2522 2611; x_wconf 77' lang='lat' dir='ltr'><strong>Burgundia:</strong></span> <span class='ocrx_word' id='word_1_380' title='bbox 2566 2540 2752 2595; x_wconf 89' lang='lat' dir='ltr'><strong>fuisset</strong></span> <span class='ocrx_word' id='word_1_381' title='bbox 2797 2540 2999 2609; x_wconf 88' lang='lat' dir='ltr'><strong>repleta</strong></span> <span class='ocrx_word' id='word_1_382' title='bbox 3026 2581 3040 2605; x_wconf 92' lang='lat'><strong>,</strong></span> <span class='ocrx_word' id='word_1_383' title='bbox 3090 2540 3387 2596; x_wconf 78' lang='lat' dir='ltr'><strong>Wascmtes</strong></span> <span class='ocrx_word' id='word_1_384' title='bbox 3431 2542 3499 2596; x_wconf 79' lang='lat' dir='ltr'><strong>de</strong></span> 
     </span>
    </p>
   </div>
   <div class='ocr_carea' id='block_1_57' title="bbox 1920 2634 3497 2705">
    <p class='ocr_par' dir='ltr' id='par_1_57' title="bbox 1920 2634 3497 2705">
     <span class='ocr_line' id='line_1_57' title="bbox 1920 2634 3497 2705; baseline 0 -15"><span class='ocrx_word' id='word_1_385' title='bbox 1920 2636 2348 2691; x_wconf 83' lang='lat' dir='ltr'><strong>inter-montium</strong></span> <span class='ocrx_word' id='word_1_386' title='bbox 2382 2634 2606 2703; x_wconf 88' lang='lat' dir='ltr'><strong>rupibus</strong></span> <span class='ocrx_word' id='word_1_387' title='bbox 2638 2635 2836 2704; x_wconf 74' lang='lat' dir='ltr'><strong>egressi</strong></span> <span class='ocrx_word' id='word_1_388' title='bbox 2864 2636 2930 2688; x_wconf 91' lang='lat' dir='ltr'><strong>ad</strong></span> <span class='ocrx_word' id='word_1_389' title='bbox 2958 2635 3155 2689; x_wconf 89' lang='lat' dir='ltr'><strong>bellum</strong></span> <span class='ocrx_word' id='word_1_390' title='bbox 3190 2648 3497 2705; x_wconf 87' lang='lat' dir='ltr'><strong>properant.</strong></span> 
     </span>
    </p>
   </div>
   <div class='ocr_carea' id='block_1_58' title="bbox 1920 2723 3499 2796">
    <p class='ocr_par' dir='ltr' id='par_1_58' title="bbox 1920 2723 3499 2796">
     <span class='ocr_line' id='line_1_58' title="bbox 1920 2723 3499 2796; baseline -0.001 -15"><span class='ocrx_word' id='word_1_391' title='bbox 1920 2727 2159 2792; x_wconf 83' lang='lat' dir='ltr'><strong>Cumque</strong></span> <span class='ocrx_word' id='word_1_392' title='bbox 2190 2725 2413 2793; x_wconf 69' lang='lat' dir='ltr'><strong>prarliari</strong></span> <span class='ocrx_word' id='word_1_393' title='bbox 2446 2723 2755 2791; x_wconf 69' lang='lat' dir='ltr'><strong>cmpissent.</strong></span> <span class='ocrx_word' id='word_1_394' title='bbox 2783 2734 2842 2778; x_wconf 91' lang='lat' dir='ltr'><strong>ut</strong></span> <span class='ocrx_word' id='word_1_395' title='bbox 2864 2739 3049 2778; x_wconf 88' lang='lat' dir='ltr'><strong>eorum</strong></span> <span class='ocrx_word' id='word_1_396' title='bbox 3079 2741 3193 2779; x_wconf 89' lang='lat' dir='ltr'><strong>mos</strong></span> <span class='ocrx_word' id='word_1_397' title='bbox 3222 2735 3325 2787; x_wconf 84' lang='lat' dir='ltr'><strong>est,</strong></span> <span class='ocrx_word' id='word_1_398' title='bbox 3350 2736 3499 2796; x_wconf 83' lang='lat' dir='ltr'><strong>terga</strong></span> 
     </span>
    </p>
   </div>
   <div class='ocr_carea' id='block_1_59' title="bbox 1921 2814 3502 2883">
    <p class='ocr_par' dir='ltr' id='par_1_59' title="bbox 1921 2814 3502 2883">
     <span class='ocr_line' id='line_1_59' title="bbox 1921 2814 3502 2883; baseline 0.003 -16"><span class='ocrx_word' id='word_1_399' title='bbox 1921 2823 2209 2878; x_wconf 83' lang='lat' dir='ltr'><strong>vertentes,</strong></span> <span class='ocrx_word' id='word_1_400' title='bbox 2238 2816 2363 2867; x_wconf 85' lang='lat' dir='ltr'><strong>dunt</strong></span> <span class='ocrx_word' id='word_1_401' title='bbox 2388 2822 2674 2869; x_wconf 84' lang='lat' dir='ltr'><strong>cernerent</strong></span> <span class='ocrx_word' id='word_1_402' title='bbox 2694 2829 2752 2867; x_wconf 90' lang='lat' dir='ltr'><strong>se</strong></span> <span class='ocrx_word' id='word_1_403' title='bbox 2775 2829 2895 2869; x_wconf 88' lang='lat' dir='ltr'><strong>esse</strong></span> <span class='ocrx_word' id='word_1_404' title='bbox 2917 2815 3267 2883; x_wconf 80' lang='lat' dir='ltr'><strong>superandos,</strong></span> <span class='ocrx_word' id='word_1_405' title='bbox 3297 2815 3351 2869; x_wconf 90' lang='lat' dir='ltr'><strong>in</strong></span> <span class='ocrx_word' id='word_1_406' title='bbox 3382 2814 3502 2871; x_wconf 90' lang='lat' dir='ltr'><strong>fau-</strong></span> 
     </span>
    </p>
   </div>
   <div class='ocr_carea' id='block_1_60' title="bbox 1925 2905 3500 2976">
    <p class='ocr_par' dir='ltr' id='par_1_60' title="bbox 1925 2905 3500 2976">
     <span class='ocr_line' id='line_1_60' title="bbox 1925 2905 3500 2976; baseline -0.003 -15"><span class='ocrx_word' id='word_1_407' title='bbox 1925 2921 2019 2962; x_wconf 85' lang='lat' dir='ltr'><strong>ces</strong></span> <span class='ocrx_word' id='word_1_408' title='bbox 2052 2907 2288 2969; x_wconf 84' lang='lat' dir='ltr'><strong>vallium,</strong></span> <span class='ocrx_word' id='word_1_409' title='bbox 2324 2917 2375 2959; x_wconf 90' lang='lat' dir='ltr'><strong>et</strong></span> <span class='ocrx_word' id='word_1_410' title='bbox 2407 2916 2614 2959; x_wconf 89' lang='lat' dir='ltr'><strong>montes</strong></span> <span class='ocrx_word' id='word_1_411' title='bbox 2646 2905 2932 2976; x_wconf 65' lang='lat' dir='ltr'><strong>Pyrenaeos</strong></span> <span class='ocrx_word' id='word_1_412' title='bbox 2974 2906 3231 2960; x_wconf 82' lang='lat' dir='ltr'><strong>latebram</strong></span> <span class='ocrx_word' id='word_1_413' title='bbox 3275 2906 3461 2961; x_wconf 73' lang='lat' dir='ltr'><strong>dantes</strong></span> <span class='ocrx_word' id='word_1_414' title='bbox 3482 2948 3500 2972; x_wconf 89' lang='lat'><strong>,</strong></span> 
     </span>
    </p>
   </div>
   <div class='ocr_carea' id='block_1_61' title="bbox 1922 2997 3501 3066">
    <p class='ocr_par' dir='ltr' id='par_1_61' title="bbox 1922 2997 3501 3066">
     <span class='ocr_line' id='line_1_61' title="bbox 1922 2997 3501 3066; baseline -0.001 -13"><span class='ocrx_word' id='word_1_415' title='bbox 1922 3015 1981 3054; x_wconf 90' lang='lat' dir='ltr'><strong>se</strong></span> <span class='ocrx_word' id='word_1_416' title='bbox 2025 3000 2156 3054; x_wconf 91' lang='lat' dir='ltr'><strong>locis</strong></span> <span class='ocrx_word' id='word_1_417' title='bbox 2205 2998 2485 3053; x_wconf 79' lang='lat' dir='ltr'><strong>tutis~imis</strong></span> <span class='ocrx_word' id='word_1_418' title='bbox 2530 3014 2626 3066; x_wconf 90' lang='lat' dir='ltr'><strong>per</strong></span> <span class='ocrx_word' id='word_1_419' title='bbox 2672 3013 2831 3065; x_wconf 88' lang='lat' dir='ltr'><strong>rupes</strong></span> <span class='ocrx_word' id='word_1_420' title='bbox 2879 2997 3189 3053; x_wconf 79' lang='lat' dir='ltr'><strong>earumdem</strong></span> <span class='ocrx_word' id='word_1_421' title='bbox 3243 2999 3501 3053; x_wconf 89' lang='lat' dir='ltr'><strong>montium</strong></span> 
     </span>
    </p>
   </div>
   <div class='ocr_carea' id='block_1_62' title="bbox 232 3085 3502 3160">
    <p class='ocr_par' dir='ltr' id='par_1_62' title="bbox 232 3085 3502 3160">
     <span class='ocr_line' id='line_1_62' title="bbox 232 3085 3502 3160; baseline 0.001 -18"><span class='ocrx_word' id='word_1_422' title='bbox 232 3091 413 3147; x_wconf 73' lang='lat' dir='ltr'><strong>:eudes</strong></span> <span class='ocrx_word' id='word_1_423' title='bbox 461 3091 743 3160; x_wconf 86' lang='lat' dir='ltr'><strong>Sigiberti,</strong></span> <span class='ocrx_word' id='word_1_424' title='bbox 794 3105 980 3143; x_wconf 88' lang='lat' dir='ltr'><strong>manus</strong></span> <span class='ocrx_word' id='word_1_425' title='bbox 1025 3104 1206 3144; x_wconf 86' lang='lat' dir='ltr'><strong>eorum</strong></span> <span class='ocrx_word' id='word_1_426' title='bbox 1255 3097 1514 3157; x_wconf 91' lang='lat' dir='ltr'><strong>ponentes</strong></span> <span class='ocrx_word' id='word_1_427' title='bbox 1569 3090 1811 3157; x_wconf 87' lang='lat' dir='ltr'><strong>insuper,</strong></span> <span class='ocrx_word' id='word_1_428' title='bbox 1843 3085 1889 3147; x_wconf 86' lang='lat' dir='ltr'><strong><em>C</em></strong></span> <span class='ocrx_word' id='word_1_429' title='bbox 1929 3094 2257 3159; x_wconf 83' lang='lat' dir='ltr'><strong>collocantes</strong></span> <span class='ocrx_word' id='word_1_430' title='bbox 2290 3093 2584 3144; x_wconf 85' lang='lat' dir='ltr'><strong>Iatitarunt.</strong></span> <span class='ocrx_word' id='word_1_431' title='bbox 2615 3090 2897 3144; x_wconf 80' lang='lat' dir='ltr'><strong>Exercitus</strong></span> <span class='ocrx_word' id='word_1_432' title='bbox 2930 3098 3048 3159; x_wconf 89' lang='lat' dir='ltr'><strong>post</strong></span> <span class='ocrx_word' id='word_1_433' title='bbox 3076 3102 3280 3158; x_wconf 83' lang='lat' dir='ltr'><strong>tergum</strong></span> <span class='ocrx_word' id='word_1_434' title='bbox 3316 3105 3502 3146; x_wconf 88' lang='lat' dir='ltr'><strong>eorum</strong></span> 
     </span>
    </p>
   </div>
   <div class='ocr_carea' id='block_1_63' title="bbox 234 3179 1819 3251">
    <p class='ocr_par' dir='ltr' id='par_1_63' title="bbox 234 3179 1819 3251">
     <span class='ocr_line' id='line_1_63' title="bbox 234 3179 1819 3251; baseline -0.003 -15"><span class='ocrx_word' id='word_1_435' title='bbox 234 3183 594 3236; x_wconf 88' lang='lat' dir='ltr'><strong>sacramentis</strong></span> <span class='ocrx_word' id='word_1_436' title='bbox 627 3182 976 3235; x_wconf 78' lang='lat' dir='ltr'><strong>ﬁrmaverunt</strong></span> <span class='ocrx_word' id='word_1_437' title='bbox 1003 3189 1059 3233; x_wconf 92' lang='lat' dir='ltr'><strong>ut</strong></span> <span class='ocrx_word' id='word_1_438' title='bbox 1090 3179 1393 3248; x_wconf 81' lang='lat' dir='ltr'><strong>Neptricum</strong></span> <span class='ocrx_word' id='word_1_439' title='bbox 1420 3190 1476 3234; x_wconf 89' lang='lat' dir='ltr'><strong>et</strong></span> <span class='ocrx_word' id='word_1_440' title='bbox 1519 3180 1819 3251; x_wconf 88' lang='lat' dir='ltr'><strong>Burgundia</strong></span> 
     </span>
    </p>
   </div>
   <div class='ocr_carea' id='block_1_64' title="bbox 235 3271 1818 3342">
    <p class='ocr_par' dir='ltr' id='par_1_64' title="bbox 235 3271 1818 3342">
     <span class='ocr_line' id='line_1_64' title="bbox 235 3271 1818 3342; baseline -0.003 -15"><span class='ocrx_word' id='word_1_441' title='bbox 235 3273 466 3329; x_wconf 85' lang='lat' dir='ltr'><strong>solidato</strong></span> <span class='ocrx_word' id='word_1_442' title='bbox 494 3271 684 3326; x_wconf 84' lang='lat' dir='ltr'><strong>ordine</strong></span> <span class='ocrx_word' id='word_1_443' title='bbox 712 3273 774 3324; x_wconf 81' lang='lat' dir='ltr'><strong>ad</strong></span> <span class='ocrx_word' id='word_1_444' title='bbox 807 3287 1029 3341; x_wconf 85' lang='lat' dir='ltr'><strong>regnum</strong></span> <span class='ocrx_word' id='word_1_445' title='bbox 1060 3271 1353 3325; x_wconf 77' lang='lat' dir='ltr'><strong>Chloduvei</strong></span> <span class='ocrx_word' id='word_1_446' title='bbox 1387 3282 1505 3339; x_wconf 89' lang='lat' dir='ltr'><strong>post</strong></span> <span class='ocrx_word' id='word_1_447' title='bbox 1539 3271 1818 3342; x_wconf 80' lang='lat' dir='ltr'><strong>Dagoberti</strong></span> 
     </span>
    </p>
   </div>
   <div class='ocr_carea' id='block_1_65' title="bbox 235 3363 1822 3434">
    <p class='ocr_par' dir='ltr' id='par_1_65' title="bbox 235 3363 1822 3434">
     <span class='ocr_line' id='line_1_65' title="bbox 235 3363 1822 3434; baseline -0.001 -13"><span class='ocrx_word' id='word_1_448' title='bbox 235 3365 529 3421; x_wconf 71' lang='lat' dir='ltr'><strong>discessum</strong></span> <span class='ocrx_word' id='word_1_449' title='bbox 564 3365 868 3434; x_wconf 70' lang='lat' dir='ltr'><strong>aspicerent</strong></span> <span class='ocrx_word' id='word_1_450' title='bbox 896 3382 907 3415; x_wconf 89' lang='lat'>:</span> <span class='ocrx_word' id='word_1_451' title='bbox 936 3366 1131 3426; x_wconf 76' lang='lat' dir='ltr'><strong>Auster</strong></span> <span class='ocrx_word' id='word_1_452' title='bbox 1165 3379 1324 3431; x_wconf 84' lang='lat' dir='ltr'><strong>vero,</strong></span> <span class='ocrx_word' id='word_1_453' title='bbox 1358 3363 1605 3419; x_wconf 87' lang='lat' dir='ltr'><strong>idemuue</strong></span> <span class='ocrx_word' id='word_1_454' title='bbox 1633 3364 1822 3419; x_wconf 89' lang='lat' dir='ltr'><strong>ordine</strong></span> 
     </span>
    </p>
   </div>
   <div class='ocr_carea' id='block_1_66' title="bbox 236 3454 1821 3527">
    <p class='ocr_par' dir='ltr' id='par_1_66' title="bbox 236 3454 1821 3527">
     <span class='ocr_line' id='line_1_66' title="bbox 236 3454 1821 3527; baseline -0.004 -14"><span class='ocrx_word' id='word_1_455' title='bbox 236 3459 503 3523; x_wconf 81' lang='lat' dir='ltr'><strong>solidata,</strong></span> <span class='ocrx_word' id='word_1_456' title='bbox 548 3472 615 3513; x_wconf 91' lang='lat' dir='ltr'><strong>eo</strong></span> <span class='ocrx_word' id='word_1_457' title='bbox 642 3458 781 3527; x_wconf 89' lang='lat' dir='ltr'><strong>quod</strong></span> <span class='ocrx_word' id='word_1_458' title='bbox 827 3470 881 3510; x_wconf 89' lang='lat' dir='ltr'><strong>et</strong></span> <span class='ocrx_word' id='word_1_459' title='bbox 910 3456 979 3511; x_wconf 93' lang='lat' dir='ltr'><strong>de</strong></span> <span class='ocrx_word' id='word_1_460' title='bbox 1019 3457 1214 3524; x_wconf 91' lang='lat' dir='ltr'><strong>populo</strong></span> <span class='ocrx_word' id='word_1_461' title='bbox 1264 3465 1319 3508; x_wconf 91' lang='lat' dir='ltr'><strong>et</strong></span> <span class='ocrx_word' id='word_1_462' title='bbox 1356 3454 1425 3508; x_wconf 90' lang='lat' dir='ltr'><strong>de</strong></span> <span class='ocrx_word' id='word_1_463' title='bbox 1453 3456 1625 3522; x_wconf 77' lang='lat' dir='ltr'><strong>Spatio</strong></span> <span class='ocrx_word' id='word_1_464' title='bbox 1665 3467 1821 3508; x_wconf 67' lang='lat' dir='ltr'><strong>terrae</strong></span> 
     </span>
    </p>
   </div>
   <div class='ocr_carea' id='block_1_67' title="bbox 243 3546 1823 3618">
    <p class='ocr_par' dir='ltr' id='par_1_67' title="bbox 243 3546 1823 3618">
     <span class='ocr_line' id='line_1_67' title="bbox 243 3546 1823 3618; baseline -0.003 -15"><span class='ocrx_word' id='word_1_465' title='bbox 243 3563 387 3604; x_wconf 88' lang='lat' dir='ltr'><strong>esset</strong></span> <span class='ocrx_word' id='word_1_466' title='bbox 416 3563 726 3618; x_wconf 68' lang='lat' dir='ltr'><strong>coaequans,</strong></span> <span class='ocrx_word' id='word_1_467' title='bbox 759 3548 824 3601; x_wconf 91' lang='lat' dir='ltr'><strong>ad</strong></span> <span class='ocrx_word' id='word_1_468' title='bbox 856 3563 1073 3617; x_wconf 86' lang='lat' dir='ltr'><strong>regnum</strong></span> <span class='ocrx_word' id='word_1_469' title='bbox 1105 3546 1355 3616; x_wconf 90' lang='lat' dir='ltr'><strong>Sigiberti</strong></span> <span class='ocrx_word' id='word_1_470' title='bbox 1390 3547 1637 3615; x_wconf 91' lang='lat' dir='ltr'><strong>idemque</strong></span> <span class='ocrx_word' id='word_1_471' title='bbox 1668 3550 1719 3599; x_wconf 89' lang='lat' dir='ltr'><strong>in</strong></span> <span class='ocrx_word' id='word_1_472' title='bbox 1745 3547 1823 3600; x_wconf 85' lang='lat' dir='ltr'><strong>iit-</strong></span> 
     </span>
    </p>
   </div>
   <div class='ocr_carea' id='block_1_68' title="bbox 239 3639 1821 3712">
    <p class='ocr_par' dir='ltr' id='par_1_68' title="bbox 239 3639 1821 3712">
     <span class='ocr_line' id='line_1_68' title="bbox 239 3639 1821 3712; baseline -0.003 -15"><span class='ocrx_word' id='word_1_473' title='bbox 239 3643 491 3712; x_wconf 87' lang='lat' dir='ltr'><strong>tegritate</strong></span> <span class='ocrx_word' id='word_1_474' title='bbox 520 3640 741 3695; x_wconf 89' lang='lat' dir='ltr'><strong>deberet</strong></span> <span class='ocrx_word' id='word_1_475' title='bbox 768 3640 1050 3707; x_wconf 88' lang='lat' dir='ltr'><strong>aspicere;</strong></span> <span class='ocrx_word' id='word_1_476' title='bbox 1084 3649 1140 3695; x_wconf 90' lang='lat' dir='ltr'><strong>et</strong></span> <span class='ocrx_word' id='word_1_477' title='bbox 1184 3639 1440 3709; x_wconf 83' lang='lat' dir='ltr'><strong>quidquid</strong></span> <span class='ocrx_word' id='word_1_478' title='bbox 1483 3640 1549 3692; x_wconf 88' lang='lat' dir='ltr'><strong>ad</strong></span> <span class='ocrx_word' id='word_1_479' title='bbox 1600 3655 1821 3709; x_wconf 88' lang='lat' dir='ltr'><strong>regnum</strong></span> 
     </span>
    </p>
   </div>
   <div class='ocr_carea' id='block_1_69' title="bbox 237 3732 1826 3803">
    <p class='ocr_par' dir='ltr' id='par_1_69' title="bbox 237 3732 1826 3803">
     <span class='ocr_line' id='line_1_69' title="bbox 237 3732 1826 3803; baseline -0.002 -14"><span class='ocrx_word' id='word_1_480' title='bbox 237 3733 643 3790; x_wconf 81' lang='lat' dir='ltr'><strong>Austrasiorum</strong></span> <span class='ocrx_word' id='word_1_481' title='bbox 680 3732 789 3803; x_wconf 85' lang='lat' dir='ltr'><strong>jam</strong></span> <span class='ocrx_word' id='word_1_482' title='bbox 822 3734 949 3786; x_wconf 91' lang='lat' dir='ltr'><strong>olim</strong></span> <span class='ocrx_word' id='word_1_483' title='bbox 997 3732 1322 3800; x_wconf 89' lang='lat' dir='ltr'><strong>pertinuerat</strong></span> <span class='ocrx_word' id='word_1_484' title='bbox 1347 3773 1362 3796; x_wconf 94' lang='lat'><strong>,</strong></span> <span class='ocrx_word' id='word_1_485' title='bbox 1398 3736 1497 3784; x_wconf 86' lang='lat' dir='ltr'><strong>hoc</strong></span> <span class='ocrx_word' id='word_1_486' title='bbox 1528 3732 1826 3802; x_wconf 82' lang='lat' dir='ltr'><strong>Sigibertus</strong></span> 
     </span>
    </p>
   </div>
   <div class='ocr_carea' id='block_1_70' title="bbox 238 3824 1825 3894">
    <p class='ocr_par' dir='ltr' id='par_1_70' title="bbox 238 3824 1825 3894">
     <span class='ocr_line' id='line_1_70' title="bbox 238 3824 1825 3894; baseline -0.003 -13"><span class='ocrx_word' id='word_1_487' title='bbox 238 3843 327 3881; x_wconf 83' lang='lat' dir='ltr'><strong>rex</strong></span> <span class='ocrx_word' id='word_1_488' title='bbox 362 3842 477 3880; x_wconf 68' lang='lat' dir='ltr'><strong>sua:</strong></span> <span class='ocrx_word' id='word_1_489' title='bbox 508 3826 693 3879; x_wconf 90' lang='lat' dir='ltr'><strong>ditioni</strong></span> <span class='ocrx_word' id='word_1_490' title='bbox 720 3824 1010 3894; x_wconf 74' lang='lat' dir='ltr'><strong>gerendum</strong></span> <span class='ocrx_word' id='word_1_491' title='bbox 1050 3824 1333 3890; x_wconf 84' lang='lat' dir='ltr'><strong>reciperet,</strong></span> <span class='ocrx_word' id='word_1_492' title='bbox 1366 3832 1420 3876; x_wconf 92' lang='lat' dir='ltr'><strong>et</strong></span> <span class='ocrx_word' id='word_1_493' title='bbox 1449 3835 1706 3891; x_wconf 89' lang='lat' dir='ltr'><strong>perpetuo</strong></span> <span class='ocrx_word' id='word_1_494' title='bbox 1730 3824 1825 3876; x_wconf 89' lang='lat' dir='ltr'><strong>do-</strong></span> 
     </span>
    </p>
   </div>
   <div class='ocr_carea' id='block_1_71' title="bbox 238 3912 1825 3983">
    <p class='ocr_par' dir='ltr' id='par_1_71' title="bbox 238 3912 1825 3983">
     <span class='ocr_line' id='line_1_71' title="bbox 238 3912 1825 3983; baseline -0.003 -13"><span class='ocrx_word' id='word_1_495' title='bbox 238 3917 552 3970; x_wconf 81' lang='lat' dir='ltr'><strong>tniuandutn</strong></span> <span class='ocrx_word' id='word_1_496' title='bbox 577 3916 820 3980; x_wconf 88' lang='lat' dir='ltr'><strong>haberet,</strong></span> <span class='ocrx_word' id='word_1_497' title='bbox 848 3928 1070 3983; x_wconf 67' lang='lat' dir='ltr'><strong>excepzo</strong></span> <span class='ocrx_word' id='word_1_498' title='bbox 1092 3914 1283 3968; x_wconf 73' lang='lat' dir='ltr'><strong>duc.itu</strong></span> <span class='ocrx_word' id='word_1_499' title='bbox 1314 3912 1575 3967; x_wconf 86' lang='lat' dir='ltr'><strong>Dentelini</strong></span> <span class='ocrx_word' id='word_1_500' title='bbox 1602 3922 1652 3977; x_wconf 70' lang='grc' dir='ltr'><strong>Β,</strong></span> <span class='ocrx_word' id='word_1_501' title='bbox 1682 3912 1825 3981; x_wconf 90' lang='lat' dir='ltr'><strong>quod</strong></span> 
     </span>
    </p>
   </div>
   <div class='ocr_carea' id='block_1_72' title="bbox 238 4003 1823 4078">
    <p class='ocr_par' dir='ltr' id='par_1_72' title="bbox 238 4003 1823 4078">
     <span class='ocr_line' id='line_1_72' title="bbox 238 4003 1823 4078; baseline -0.003 -18"><span class='ocrx_word' id='word_1_502' title='bbox 238 4008 315 4076; x_wconf 77' lang='lat' dir='ltr'><strong>|id</strong></span> <span class='ocrx_word' id='word_1_503' title='bbox 345 4019 420 4063; x_wconf 72' lang='lat' dir='ltr'><strong>est</strong></span> <span class='ocrx_word' id='word_1_504' title='bbox 447 4050 464 4074; x_wconf 89' lang='lat'><strong>,</strong></span> <span class='ocrx_word' id='word_1_505' title='bbox 494 4005 607 4078; x_wconf 87' lang='lat' dir='ltr'><strong>qui]</strong></span> <span class='ocrx_word' id='word_1_506' title='bbox 638 4005 707 4059; x_wconf 91' lang='lat' dir='ltr'><strong>ab</strong></span> <span class='ocrx_word' id='word_1_507' title='bbox 734 4006 1021 4060; x_wconf 84' lang='lat' dir='ltr'><strong>Austrasiis</strong></span> <span class='ocrx_word' id='word_1_508' title='bbox 1071 4006 1309 4075; x_wconf 87' lang='lat' dir='ltr'><strong>iniquitet</strong></span> <span class='ocrx_word' id='word_1_509' title='bbox 1347 4003 1581 4057; x_wconf 89' lang='lat' dir='ltr'><strong>abtultus</strong></span> <span class='ocrx_word' id='word_1_510' title='bbox 1612 4003 1823 4069; x_wconf 87' lang='lat' dir='ltr'><strong>fuerat,</strong></span> 
     </span>
    </p>
   </div>
   <div class='ocr_carea' id='block_1_73' title="bbox 239 4097 1827 4169">
    <p class='ocr_par' dir='ltr' id='par_1_73' title="bbox 239 4097 1827 4169">
     <span class='ocr_line' id='line_1_73' title="bbox 239 4097 1827 4169; baseline -0.004 -11"><span class='ocrx_word' id='word_1_511' title='bbox 239 4105 437 4158; x_wconf 80' lang='lat' dir='ltr'><strong>iterum</strong></span> <span class='ocrx_word' id='word_1_512' title='bbox 482 4101 549 4154; x_wconf 84' lang='lat' dir='ltr'><strong>ad</strong></span> <span class='ocrx_word' id='word_1_513' title='bbox 596 4099 933 4155; x_wconf 83' lang='lat' dir='ltr'><strong>Neustrasios</strong></span> <span class='ocrx_word' id='word_1_514' title='bbox 974 4099 1411 4169; x_wconf 84' lang='lat' dir='ltr'><strong>subjungeretur,</strong></span> <span class='ocrx_word' id='word_1_515' title='bbox 1442 4108 1497 4151; x_wconf 90' lang='lat' dir='ltr'><strong>et</strong></span> <span class='ocrx_word' id='word_1_516' title='bbox 1534 4097 1827 4152; x_wconf 85' lang='lat' dir='ltr'><strong>Clilodovei</strong></span> 
     </span>
    </p>
   </div>
   <div class='ocr_carea' id='block_1_74' title="bbox 241 4192 1827 4264">
    <p class='ocr_par' dir='ltr' id='par_1_74' title="bbox 241 4192 1827 4264">
     <span class='ocr_line' id='line_1_74' title="bbox 241 4192 1827 4264; baseline -0.004 -12"><span class='ocrx_word' id='word_1_517' title='bbox 241 4194 493 4264; x_wconf 77' lang='lat' dir='ltr'><strong>regimini</strong></span> <span class='ocrx_word' id='word_1_518' title='bbox 536 4193 911 4260; x_wconf 87' lang='lat' dir='ltr'><strong>subjiceretur.</strong></span> <span class='ocrx_word' id='word_1_519' title='bbox 968 4192 1071 4249; x_wconf 77' lang='lat' dir='ltr'><strong>Sed</strong></span> <span class='ocrx_word' id='word_1_520' title='bbox 1116 4193 1211 4246; x_wconf 91' lang='lat' dir='ltr'><strong>bas</strong></span> <span class='ocrx_word' id='word_1_521' title='bbox 1244 4192 1514 4261; x_wconf 78' lang='lat' dir='ltr'><strong>paetiunes</strong></span> <span class='ocrx_word' id='word_1_522' title='bbox 1567 4192 1827 4246; x_wconf 81' lang='lat' dir='ltr'><strong>Austrasii</strong></span> 
     </span>
    </p>
   </div>
   <div class='ocr_carea' id='block_1_75' title="bbox 242 4282 1828 4353">
    <p class='ocr_par' dir='ltr' id='par_1_75' title="bbox 242 4282 1828 4353">
     <span class='ocr_line' id='line_1_75' title="bbox 242 4282 1828 4353; baseline -0.002 -14"><span class='ocrx_word' id='word_1_523' title='bbox 242 4295 456 4339; x_wconf 68' lang='lat' dir='ltr'><strong>terrore</strong></span> <span class='ocrx_word' id='word_1_524' title='bbox 486 4282 768 4353; x_wconf 84' lang='lat' dir='ltr'><strong>Dagoberti</strong></span> <span class='ocrx_word' id='word_1_525' title='bbox 795 4283 969 4337; x_wconf 87' lang='lat' dir='ltr'><strong>coacti</strong></span> <span class='ocrx_word' id='word_1_526' title='bbox 1006 4282 1205 4337; x_wconf 80' lang='lat' dir='ltr'><strong>vellent</strong></span> <span class='ocrx_word' id='word_1_527' title='bbox 1235 4282 1442 4338; x_wconf 88' lang='lat' dir='ltr'><strong>nollent</strong></span> <span class='ocrx_word' id='word_1_528' title='bbox 1464 4284 1704 4337; x_wconf 86' lang='lat' dir='ltr'><strong>ﬁrmasse</strong></span> <span class='ocrx_word' id='word_1_529' title='bbox 1730 4284 1828 4336; x_wconf 79' lang='lat' dir='ltr'><strong>visi</strong></span> 
     </span>
    </p>
   </div>
   <div class='ocr_carea' id='block_1_76' title="bbox 242 4373 1829 4443">
    <p class='ocr_par' dir='ltr' id='par_1_76' title="bbox 242 4373 1829 4443">
     <span class='ocr_line' id='line_1_76' title="bbox 242 4373 1829 4443; baseline -0.002 -13"><span class='ocrx_word' id='word_1_530' title='bbox 242 4389 390 4431; x_wconf 85' lang='lat' dir='ltr'><strong>sunt.</strong></span> <span class='ocrx_word' id='word_1_531' title='bbox 425 4374 579 4442; x_wconf 86' lang='lat' dir='ltr'><strong>Quod</strong></span> <span class='ocrx_word' id='word_1_532' title='bbox 611 4385 793 4443; x_wconf 88' lang='lat' dir='ltr'><strong>postea</strong></span> <span class='ocrx_word' id='word_1_533' title='bbox 846 4374 1177 4442; x_wconf 87' lang='lat' dir='ltr'><strong>temporibus</strong></span> <span class='ocrx_word' id='word_1_534' title='bbox 1217 4373 1467 4443; x_wconf 82' lang='lat' dir='ltr'><strong>Sigiberti</strong></span> <span class='ocrx_word' id='word_1_535' title='bbox 1500 4382 1554 4427; x_wconf 89' lang='lat' dir='ltr'><strong>et</strong></span> <span class='ocrx_word' id='word_1_536' title='bbox 1596 4373 1829 4429; x_wconf 77' lang='lat' dir='ltr'><strong>Chlodo~</strong></span> 
     </span>
    </p>
   </div>
   <div class='ocr_carea' id='block_1_77' title="bbox 245 4463 1410 4536">
    <p class='ocr_par' dir='ltr' id='par_1_77' title="bbox 245 4463 1410 4536">
     <span class='ocr_line' id='line_1_77' title="bbox 245 4463 1410 4536; baseline -0.002 -17"><span class='ocrx_word' id='word_1_537' title='bbox 245 4470 324 4521; x_wconf 83' lang='lat' dir='ltr'><strong>vei</strong></span> <span class='ocrx_word' id='word_1_538' title='bbox 359 4482 545 4536; x_wconf 72' lang='lat' dir='ltr'><strong>regum</strong></span> <span class='ocrx_word' id='word_1_539' title='bbox 576 4480 951 4519; x_wconf 78' lang='lat' dir='ltr'><strong>conserVatum</strong></span> <span class='ocrx_word' id='word_1_540' title='bbox 982 4463 1148 4519; x_wconf 88' lang='lat' dir='ltr'><strong>fuisse</strong></span> <span class='ocrx_word' id='word_1_541' title='bbox 1178 4474 1410 4518; x_wconf 85' lang='lat' dir='ltr'><strong>constat.</strong></span> 
     </span>
    </p>
   </div>
   <div class='ocr_carea' id='block_1_78' title="bbox 320 4579 1828 4648">
    <p class='ocr_par' dir='ltr' id='par_1_78' title="bbox 320 4579 1828 4648">
     <span class='ocr_line' id='line_1_78' title="bbox 320 4579 1828 4648; baseline -0.005 -12"><span class='ocrx_word' id='word_1_542' title='bbox 320 4594 345 4621; x_wconf 74' lang='grc' dir='ltr'>ι</span> <span class='ocrx_word' id='word_1_543' title='bbox 390 4584 542 4636; x_wconf 90' lang='lat' dir='ltr'><strong>llunc</strong></span> <span class='ocrx_word' id='word_1_544' title='bbox 569 4596 770 4633; x_wconf 89' lang='lat' dir='ltr'><strong>morem</strong></span> <span class='ocrx_word' id='word_1_545' title='bbox 802 4582 1049 4632; x_wconf 87' lang='lat' dir='ltr'><strong>omnibus</strong></span> <span class='ocrx_word' id='word_1_546' title='bbox 1074 4580 1282 4648; x_wconf 90' lang='lat' dir='ltr'><strong>populis</strong></span> <span class='ocrx_word' id='word_1_547' title='bbox 1307 4579 1828 4639; x_wconf 70' lang='lat' dir='ltr'><strong>Septentrionalibus</strong></span> 
     </span>
    </p>
   </div>
   <div class='ocr_carea' id='block_1_79' title="bbox 248 4648 1828 4719">
    <p class='ocr_par' dir='ltr' id='par_1_79' title="bbox 248 4648 1828 4719">
     <span class='ocr_line' id='line_1_79' title="bbox 248 4648 1828 4719; baseline -0.004 -11"><span class='ocrx_word' id='word_1_548' title='bbox 248 4655 570 4708; x_wconf 82' lang='lat' dir='ltr'><strong>familiarem</strong></span> <span class='ocrx_word' id='word_1_549' title='bbox 588 4653 749 4705; x_wconf 83' lang='lat' dir='ltr'><strong>Iuisse</strong></span> <span class='ocrx_word' id='word_1_550' title='bbox 769 4648 1260 4719; x_wconf 81' lang='lat' dir='ltr'><strong>observatCangius</strong></span> <span class='ocrx_word' id='word_1_551' title='bbox 1286 4648 1336 4702; x_wconf 86' lang='lat' dir='ltr'><strong>iit</strong></span> <span class='ocrx_word' id='word_1_552' title='bbox 1355 4648 1645 4712; x_wconf 83' lang='lat' dir='ltr'><strong>Glossario,</strong></span> <span class='ocrx_word' id='word_1_553' title='bbox 1667 4666 1828 4719; x_wconf 87' lang='lat' dir='ltr'><strong>quem</strong></span> 
     </span>
    </p>
   </div>
   <div class='ocr_carea' id='block_1_80' title="bbox 248 4725 488 4780">
    <p class='ocr_par' dir='ltr' id='par_1_80' title="bbox 248 4725 488 4780">
     <span class='ocr_line' id='line_1_80' title="bbox 248 4725 488 4780; baseline -0.025 0"><span class='ocrx_word' id='word_1_554' title='bbox 248 4725 488 4780; x_wconf 68' lang='lat' dir='ltr'><strong>Consule.</strong></span> 
     </span>
    </p>
   </div>
   <div class='ocr_carea' id='block_1_81' title="bbox 322 4789 1825 4858">
    <p class='ocr_par' dir='ltr' id='par_1_81' title="bbox 322 4789 1825 4858">
     <span class='ocr_line' id='line_1_81' title="bbox 322 4789 1825 4858; baseline -0.003 -10"><span class='ocrx_word' id='word_1_555' title='bbox 322 4796 348 4834; x_wconf 73' lang='grc' dir='ltr'><strong>ι»</strong></span> <span class='ocrx_word' id='word_1_556' title='bbox 393 4795 485 4849; x_wconf 79' lang='lat' dir='ltr'><strong>Sic</strong></span> <span class='ocrx_word' id='word_1_557' title='bbox 515 4792 814 4853; x_wconf 82' lang='lat' dir='ltr'><strong>Aimoinus,</strong></span> <span class='ocrx_word' id='word_1_558' title='bbox 843 4791 931 4844; x_wconf 87' lang='lat' dir='ltr'><strong>lib.</strong></span> <span class='ocrx_word' id='word_1_559' title='bbox 960 4806 1013 4844; x_wconf 86' lang='lat' dir='ltr'><strong>tv</strong></span> <span class='ocrx_word' id='word_1_560' title='bbox 1040 4805 1157 4858; x_wconf 87' lang='lat' dir='ltr'><strong>cap.</strong></span> <span class='ocrx_word' id='word_1_561' title='bbox 1188 4790 1289 4856; x_wconf 68' lang='lat'><strong>26,</strong></span> <span class='ocrx_word' id='word_1_562' title='bbox 1326 4789 1497 4844; x_wconf 89' lang='lat' dir='ltr'><strong>dictas</strong></span> <span class='ocrx_word' id='word_1_563' title='bbox 1541 4790 1702 4845; x_wconf 86' lang='lat' dir='ltr'><strong>fuisse</strong></span> <span class='ocrx_word' id='word_1_564' title='bbox 1729 4789 1825 4843; x_wconf 80' lang='lat' dir='ltr'><strong>ad-</strong></span> 
     </span>
    </p>
   </div>
   <div class='ocr_carea' id='block_1_82' title="bbox 252 4862 1416 4932">
    <p class='ocr_par' dir='ltr' id='par_1_82' title="bbox 252 4862 1416 4932">
     <span class='ocr_line' id='line_1_82' title="bbox 252 4862 1416 4932; baseline -0.003 -14"><span class='ocrx_word' id='word_1_565' title='bbox 252 4868 434 4927; x_wconf 87' lang='lat' dir='ltr'><strong>vertit,</strong></span> <span class='ocrx_word' id='word_1_566' title='bbox 467 4864 606 4932; x_wconf 88' lang='lat' dir='ltr'><strong>quod</strong></span> <span class='ocrx_word' id='word_1_567' title='bbox 632 4862 788 4916; x_wconf 88' lang='lat' dir='ltr'><strong>annis</strong></span> <span class='ocrx_word' id='word_1_568' title='bbox 817 4863 1039 4927; x_wconf 68' lang='lat' dir='ltr'><strong>singubs</strong></span> <span class='ocrx_word' id='word_1_569' title='bbox 1069 4862 1416 4916; x_wconf 86' lang='lat' dir='ltr'><strong>inferrentur.</strong></span> 
     </span>
    </p>
   </div>
   <div class='ocr_carea' id='block_1_83' title="bbox 325 4930 1826 4998">
    <p class='ocr_par' dir='ltr' id='par_1_83' title="bbox 325 4930 1826 4998">
     <span class='ocr_line' id='line_1_83' title="bbox 325 4930 1826 4998; baseline -0.005 -8"><span class='ocrx_word' id='word_1_570' title='bbox 325 4948 348 4975; x_wconf 76' lang='grc' dir='ltr'><strong><em>ο</em></strong></span> <span class='ocrx_word' id='word_1_571' title='bbox 390 4930 635 4989; x_wconf 74' lang='lat' dir='ltr'><strong>Cointius</strong></span> <span class='ocrx_word' id='word_1_572' title='bbox 680 4932 955 4998; x_wconf 82' lang='lat' dir='ltr'><strong>legendum</strong></span> <span class='ocrx_word' id='word_1_573' title='bbox 1001 4932 1084 4983; x_wconf 91' lang='lat' dir='ltr'><strong>ltic</strong></span> <span class='ocrx_word' id='word_1_574' title='bbox 1123 4945 1241 4986; x_wconf 86' lang='lat' dir='ltr'><strong>esse</strong></span> <span class='ocrx_word' id='word_1_575' title='bbox 1289 4940 1471 4984; x_wconf 89' lang='lat' dir='ltr'><strong>censet</strong></span> <span class='ocrx_word' id='word_1_576' title='bbox 1508 4947 1594 4983; x_wconf 84' lang='lat' dir='ltr'><strong>an.</strong></span> <span class='ocrx_word' id='word_1_577' title='bbox 1643 4930 1730 4995; x_wconf 67' lang='lat'><strong>12,</strong></span> <span class='ocrx_word' id='word_1_578' title='bbox 1772 4939 1826 4983; x_wconf 91' lang='lat' dir='ltr'><strong>et</strong></span> 
     </span>
    </p>
   </div>
   <div class='ocr_carea' id='block_1_84' title="bbox 260 5002 1825 5073">
    <p class='ocr_par' dir='ltr' id='par_1_84' title="bbox 260 5002 1825 5073">
     <span class='ocr_line' id='line_1_84' title="bbox 260 5002 1825 5073; baseline -0.004 -13"><span class='ocrx_word' id='word_1_579' title='bbox 260 5022 383 5069; x_wconf 85' lang='lat' dir='ltr'><strong>cap.</strong></span> <span class='ocrx_word' id='word_1_580' title='bbox 422 5020 537 5073; x_wconf 88' lang='lat' dir='ltr'><strong>seq.</strong></span> <span class='ocrx_word' id='word_1_581' title='bbox 579 5019 665 5055; x_wconf 84' lang='lat' dir='ltr'><strong>an.</strong></span> <span class='ocrx_word' id='word_1_582' title='bbox 704 5004 805 5068; x_wconf 69' lang='lat'><strong>15,</strong></span> <span class='ocrx_word' id='word_1_583' title='bbox 833 5002 927 5073; x_wconf 86' lang='lat' dir='ltr'><strong>sed</strong></span> <span class='ocrx_word' id='word_1_584' title='bbox 975 5002 1105 5055; x_wconf 87' lang='lat' dir='ltr'><strong>nihil</strong></span> <span class='ocrx_word' id='word_1_585' title='bbox 1140 5004 1337 5070; x_wconf 87' lang='lat' dir='ltr'><strong>absque</strong></span> <span class='ocrx_word' id='word_1_586' title='bbox 1363 5002 1560 5056; x_wconf 89' lang='lat' dir='ltr'><strong>codicis</strong></span> <span class='ocrx_word' id='word_1_587' title='bbox 1600 5002 1825 5067; x_wconf 89' lang='lat' dir='ltr'><strong>alicujus</strong></span> 
     </span>
    </p>
   </div>
   <div class='ocr_carea' id='block_1_85' title="bbox 260 5072 1079 5130">
    <p class='ocr_par' dir='ltr' id='par_1_85' title="bbox 260 5072 1079 5130">
     <span class='ocr_line' id='line_1_85' title="bbox 260 5072 1079 5130; baseline -0.007 1"><span class='ocrx_word' id='word_1_588' title='bbox 260 5072 581 5130; x_wconf 85' lang='lat' dir='ltr'><strong>auctoritate</strong></span> <span class='ocrx_word' id='word_1_589' title='bbox 610 5074 890 5128; x_wconf 85' lang='lat' dir='ltr'><strong>immutare</strong></span> <span class='ocrx_word' id='word_1_590' title='bbox 914 5072 1079 5126; x_wconf 84' lang='lat' dir='ltr'><strong>licuit.</strong></span> 
     </span>
    </p>
   </div>
   <div class='ocr_carea' id='block_1_86' title="bbox 331 5142 1716 5210">
    <p class='ocr_par' dir='ltr' id='par_1_86' title="bbox 331 5142 1716 5210">
     <span class='ocr_line' id='line_1_86' title="bbox 331 5142 1716 5210; baseline -0.003 -12"><span class='ocrx_word' id='word_1_591' title='bbox 331 5146 356 5185; x_wconf 74' lang='grc' dir='ltr'><strong><em>ἀ</em></strong></span> <span class='ocrx_word' id='word_1_592' title='bbox 402 5144 554 5198; x_wconf 81' lang='lat' dir='ltr'><strong>Colb.</strong></span> <span class='ocrx_word' id='word_1_593' title='bbox 587 5153 639 5198; x_wconf 88' lang='lat' dir='ltr'><strong>et</strong></span> <span class='ocrx_word' id='word_1_594' title='bbox 662 5143 747 5197; x_wconf 86' lang='lat' dir='ltr'><strong>alii</strong></span> <span class='ocrx_word' id='word_1_595' title='bbox 770 5184 785 5209; x_wconf 95' lang='lat'><strong>,</strong></span> <span class='ocrx_word' id='word_1_596' title='bbox 815 5142 1176 5205; x_wconf 84' lang='lat' dir='ltr'><strong>Humbertum,</strong></span> <span class='ocrx_word' id='word_1_597' title='bbox 1205 5142 1344 5210; x_wconf 90' lang='lat' dir='ltr'><strong>quod</strong></span> <span class='ocrx_word' id='word_1_598' title='bbox 1374 5142 1591 5209; x_wconf 83' lang='lat' dir='ltr'><strong>perinde</strong></span> <span class='ocrx_word' id='word_1_599' title='bbox 1616 5150 1716 5195; x_wconf 83' lang='lat' dir='ltr'><strong>est.</strong></span> 
     </span>
    </p>
   </div>
   <div class='ocr_carea' id='block_1_87' title="bbox 328 5211 1823 5278">
    <p class='ocr_par' dir='ltr' id='par_1_87' title="bbox 328 5211 1823 5278">
     <span class='ocr_line' id='line_1_87' title="bbox 328 5211 1823 5278; baseline -0.003 -9"><span class='ocrx_word' id='word_1_600' title='bbox 328 5228 354 5255; x_wconf 80' lang='grc' dir='ltr'><strong>ο</strong></span> <span class='ocrx_word' id='word_1_601' title='bbox 394 5216 484 5269; x_wconf 85' lang='lat' dir='ltr'><strong>Sic</strong></span> <span class='ocrx_word' id='word_1_602' title='bbox 511 5215 786 5278; x_wconf 65' lang='lat' dir='ltr'><strong>legendum</strong></span> <span class='ocrx_word' id='word_1_603' title='bbox 816 5228 938 5267; x_wconf 87' lang='lat' dir='ltr'><strong>esse</strong></span> <span class='ocrx_word' id='word_1_604' title='bbox 978 5225 1159 5266; x_wconf 79' lang='lat' dir='ltr'><strong>monet</strong></span> <span class='ocrx_word' id='word_1_605' title='bbox 1192 5212 1426 5266; x_wconf 75' lang='lat' dir='ltr'><strong>Vale~ius</strong></span> <span class='ocrx_word' id='word_1_606' title='bbox 1454 5229 1519 5265; x_wconf 77' lang='lat' dir='ltr'><strong>ex</strong></span> <span class='ocrx_word' id='word_1_607' title='bbox 1553 5213 1669 5265; x_wconf 91' lang='lat' dir='ltr'><strong>cod.</strong></span> <span class='ocrx_word' id='word_1_608' title='bbox 1706 5211 1823 5265; x_wconf 86' lang='lat' dir='ltr'><strong>Cla-</strong></span> 
     </span>
    </p>
   </div>
   <div class='ocr_carea' id='block_1_88' title="bbox 256 5284 1827 5351">
    <p class='ocr_par' dir='ltr' id='par_1_88' title="bbox 256 5284 1827 5351">
     <span class='ocr_line' id='line_1_88' title="bbox 256 5284 1827 5351; baseline -0.004 -10"><span class='ocrx_word' id='word_1_609' title='bbox 256 5302 419 5349; x_wconf 87' lang='lat' dir='ltr'><strong>rom.,</strong></span> <span class='ocrx_word' id='word_1_610' title='bbox 450 5288 536 5339; x_wconf 93' lang='lat' dir='ltr'><strong>cui</strong></span> <span class='ocrx_word' id='word_1_611' title='bbox 565 5284 825 5340; x_wconf 85' lang='lat' dir='ltr'><strong>Chronica</strong></span> <span class='ocrx_word' id='word_1_612' title='bbox 857 5285 1125 5337; x_wconf 77' lang='lat' dir='ltr'><strong>Besueuse</strong></span> <span class='ocrx_word' id='word_1_613' title='bbox 1150 5295 1203 5337; x_wconf 90' lang='lat' dir='ltr'><strong>et</strong></span> <span class='ocrx_word' id='word_1_614' title='bbox 1232 5284 1398 5336; x_wconf 77' lang='lat' dir='ltr'><strong>Sancti</strong></span> <span class='ocrx_word' id='word_1_615' title='bbox 1431 5284 1647 5351; x_wconf 81' lang='lat' dir='ltr'><strong>Benigui</strong></span> <span class='ocrx_word' id='word_1_616' title='bbox 1670 5324 1683 5346; x_wconf 83' lang='lat'><strong>,</strong></span> <span class='ocrx_word' id='word_1_617' title='bbox 1721 5288 1827 5335; x_wconf 80' lang='lat' dir='ltr'><strong>An-</strong></span> 
     </span>
    </p>
   </div>
   <div class='ocr_carea' id='block_1_89' title="bbox 258 5352 1827 5421">
    <p class='ocr_par' dir='ltr' id='par_1_89' title="bbox 258 5352 1827 5421">
     <span class='ocr_line' id='line_1_89' title="bbox 258 5352 1827 5421; baseline -0.003 -11"><span class='ocrx_word' id='word_1_618' title='bbox 258 5360 405 5411; x_wconf 78' lang='lat' dir='ltr'><strong>nales</strong></span> <span class='ocrx_word' id='word_1_619' title='bbox 438 5357 723 5410; x_wconf 80' lang='lat' dir='ltr'><strong>Metteuses</strong></span> <span class='ocrx_word' id='word_1_620' title='bbox 748 5371 869 5408; x_wconf 89' lang='lat' dir='ltr'><strong>cum</strong></span> <span class='ocrx_word' id='word_1_621' title='bbox 917 5356 975 5408; x_wconf 84' lang='grc' dir='ltr'><strong>Β.</strong></span> <span class='ocrx_word' id='word_1_622' title='bbox 1010 5354 1211 5421; x_wconf 78' lang='grc' dir='ltr'><strong>Ριρμὶιιὶ</strong></span> <span class='ocrx_word' id='word_1_623' title='bbox 1242 5352 1359 5405; x_wconf 82' lang='lat' dir='ltr'><strong>Vita</strong></span> <span class='ocrx_word' id='word_1_624' title='bbox 1405 5365 1457 5405; x_wconf 87' lang='lat' dir='ltr'><strong>et</strong></span> <span class='ocrx_word' id='word_1_625' title='bbox 1486 5355 1667 5406; x_wconf 65' lang='lat' dir='ltr'><strong>cztiteri</strong></span> <span class='ocrx_word' id='word_1_626' title='bbox 1699 5369 1827 5407; x_wconf 86' lang='lat' dir='ltr'><strong>cun-</strong></span> 
     </span>
    </p>
   </div>
   <div class='ocr_carea' id='block_1_90' title="bbox 257 5424 1822 5493">
    <p class='ocr_par' dir='ltr' id='par_1_90' title="bbox 257 5424 1822 5493">
     <span class='ocr_line' id='line_1_90' title="bbox 257 5424 1822 5493; baseline -0.004 -12"><span class='ocrx_word' id='word_1_627' title='bbox 257 5430 518 5487; x_wconf 89' lang='lat' dir='ltr'><strong>sentiunt,</strong></span> <span class='ocrx_word' id='word_1_628' title='bbox 549 5442 669 5480; x_wconf 85' lang='lat' dir='ltr'><strong>cum</strong></span> <span class='ocrx_word' id='word_1_629' title='bbox 701 5425 889 5479; x_wconf 81' lang='lat' dir='ltr'><strong>Boher.</strong></span> <span class='ocrx_word' id='word_1_630' title='bbox 921 5437 973 5479; x_wconf 89' lang='lat' dir='ltr'><strong>et</strong></span> <span class='ocrx_word' id='word_1_631' title='bbox 1004 5424 1161 5478; x_wconf 83' lang='lat' dir='ltr'><strong>Freb.</strong></span> <span class='ocrx_word' id='word_1_632' title='bbox 1193 5425 1279 5493; x_wconf 90' lang='lat' dir='ltr'><strong>qui</strong></span> <span class='ocrx_word' id='word_1_633' title='bbox 1313 5425 1469 5477; x_wconf 82' lang='lat' dir='ltr'><strong>habet</strong></span> <span class='ocrx_word' id='word_1_634' title='bbox 1497 5425 1698 5486; x_wconf 82' lang='lat' dir='ltr'><strong>ducem,</strong></span> <span class='ocrx_word' id='word_1_635' title='bbox 1731 5441 1822 5491; x_wconf 81' lang='lat' dir='ltr'><strong>pa-</strong></span> 
     </span>
    </p>
   </div>
   <div class='ocr_carea' id='block_1_91' title="bbox 262 5496 1825 5563">
    <p class='ocr_par' dir='ltr' id='par_1_91' title="bbox 262 5496 1825 5563">
     <span class='ocr_line' id='line_1_91' title="bbox 262 5496 1825 5563; baseline -0.003 -13"><span class='ocrx_word' id='word_1_636' title='bbox 262 5500 464 5561; x_wconf 73' lang='lat' dir='ltr'><strong>latium,</strong></span> <span class='ocrx_word' id='word_1_637' title='bbox 497 5505 634 5559; x_wconf 90' lang='lat' dir='ltr'><strong>etc.;</strong></span> <span class='ocrx_word' id='word_1_638' title='bbox 678 5499 815 5548; x_wconf 79' lang='lat' dir='ltr'><strong>sicut</strong></span> <span class='ocrx_word' id='word_1_639' title='bbox 861 5506 916 5548; x_wconf 86' lang='lat' dir='ltr'><strong>et</strong></span> <span class='ocrx_word' id='word_1_640' title='bbox 957 5496 1060 5558; x_wconf 83' lang='lat' dir='ltr'><strong>HL,</strong></span> <span class='ocrx_word' id='word_1_641' title='bbox 1108 5496 1230 5548; x_wconf 83' lang='lat' dir='ltr'><strong>licet</strong></span> <span class='ocrx_word' id='word_1_642' title='bbox 1280 5496 1471 5547; x_wconf 76' lang='lat' dir='ltr'><strong>habent</strong></span> <span class='ocrx_word' id='word_1_643' title='bbox 1511 5496 1708 5563; x_wconf 74' lang='lat' dir='ltr'><strong>palatii.</strong></span> <span class='ocrx_word' id='word_1_644' title='bbox 1759 5498 1825 5546; x_wconf 83' lang='lat' dir='ltr'><strong>At</strong></span> 
     </span>
    </p>
   </div>
   <div class='ocr_carea' id='block_1_92' title="bbox 260 5564 1823 5630">
    <p class='ocr_par' dir='ltr' id='par_1_92' title="bbox 260 5564 1823 5630">
     <span class='ocr_line' id='line_1_92' title="bbox 260 5564 1823 5630; baseline -0.004 -8"><span class='ocrx_word' id='word_1_645' title='bbox 260 5570 464 5623; x_wconf 77' lang='lat' dir='ltr'><strong>Chesn.</strong></span> <span class='ocrx_word' id='word_1_646' title='bbox 504 5578 559 5619; x_wconf 83' lang='lat' dir='ltr'><strong>et</strong></span> <span class='ocrx_word' id='word_1_647' title='bbox 595 5566 685 5619; x_wconf 89' lang='lat' dir='ltr'><strong>alii</strong></span> <span class='ocrx_word' id='word_1_648' title='bbox 735 5567 831 5620; x_wconf 81' lang='lat' dir='ltr'><strong>Ed.</strong></span> <span class='ocrx_word' id='word_1_649' title='bbox 861 5580 981 5618; x_wconf 86' lang='lat' dir='ltr'><strong>cuin</strong></span> <span class='ocrx_word' id='word_1_650' title='bbox 1028 5566 1179 5619; x_wconf 73' lang='lat' dir='ltr'><strong>Coll).</strong></span> <span class='ocrx_word' id='word_1_651' title='bbox 1206 5581 1219 5617; x_wconf 89' lang='lat'>:</span> <span class='ocrx_word' id='word_1_652' title='bbox 1248 5564 1413 5630; x_wconf 82' lang='lat' dir='ltr'><strong>Adan</strong></span> <span class='ocrx_word' id='word_1_653' title='bbox 1438 5568 1598 5617; x_wconf 81' lang='lat' dir='ltr'><strong>selum</strong></span> <span class='ocrx_word' id='word_1_654' title='bbox 1645 5569 1823 5617; x_wconf 80' lang='lat' dir='ltr'><strong>ducem</strong></span> 
     </span>
    </p>
   </div>
   <div class='ocr_carea' id='block_1_93' title="bbox 262 5635 1822 5707">
    <p class='ocr_par' dir='ltr' id='par_1_93' title="bbox 262 5635 1822 5707">
     <span class='ocr_line' id='line_1_93' title="bbox 262 5635 1822 5707; baseline -0.004 -15"><span class='ocrx_word' id='word_1_655' title='bbox 262 5639 441 5707; x_wconf 78' lang='lat' dir='ltr'><strong>palatii</strong></span> <span class='ocrx_word' id='word_1_656' title='bbox 462 5641 531 5690; x_wconf 80' lang='lat' dir='ltr'><strong>ad</strong></span> <span class='ocrx_word' id='word_1_657' title='bbox 559 5636 1205 5707; x_wconf 21' lang='lat' dir='ltr'><strong>regnumignbernandum,</strong></span> <span class='ocrx_word' id='word_1_658' title='bbox 1241 5646 1343 5689; x_wconf 87' lang='lat' dir='ltr'><strong>etc.</strong></span> <span class='ocrx_word' id='word_1_659' title='bbox 1381 5635 1529 5689; x_wconf 84' lang='lat' dir='ltr'><strong>Unde</strong></span> <span class='ocrx_word' id='word_1_660' title='bbox 1557 5637 1723 5707; x_wconf 15' lang='lat' dir='ltr'><strong>aliqui,</strong></span> <span class='ocrx_word' id='word_1_661' title='bbox 1744 5652 1822 5707; x_wconf 86' lang='lat' dir='ltr'><strong>tn_-</strong></span> 
     </span>
    </p>
   </div>
   <div class='ocr_carea' id='block_1_94' title="bbox 264 5705 1820 5776">
    <p class='ocr_par' dir='ltr' id='par_1_94' title="bbox 264 5705 1820 5776">
     <span class='ocr_line' id='line_1_94' title="bbox 264 5705 1820 5776; baseline -0.003 -12"><span class='ocrx_word' id='word_1_662' title='bbox 264 5705 435 5765; x_wconf 78' lang='lat' dir='ltr'><strong>tulere</strong></span> <span class='ocrx_word' id='word_1_663' title='bbox 481 5705 672 5763; x_wconf 82' lang='lat' dir='ltr'><strong>novam</strong></span> <span class='ocrx_word' id='word_1_664' title='bbox 714 5723 743 5761; x_wconf 85' lang='lat' dir='ltr'><strong>a</strong></span> <span class='ocrx_word' id='word_1_665' title='bbox 776 5705 1071 5775; x_wconf 78' lang='lat' dir='ltr'><strong>Dagoberto</strong></span> <span class='ocrx_word' id='word_1_666' title='bbox 1111 5708 1421 5775; x_wconf 83' lang='lat' dir='ltr'><strong>digmtatem</strong></span> <span class='ocrx_word' id='word_1_667' title='bbox 1467 5707 1613 5760; x_wconf 69' lang='lat' dir='ltr'><strong>ducis</strong></span> <span class='ocrx_word' id='word_1_668' title='bbox 1645 5705 1820 5776; x_wconf 71' lang='lat' dir='ltr'><strong>palatii</strong></span> 
     </span>
    </p>
   </div>
   <div class='ocr_carea' id='block_1_95' title="bbox 1921 3182 3502 3252">
    <p class='ocr_par' dir='ltr' id='par_1_95' title="bbox 1921 3182 3502 3252">
     <span class='ocr_line' id='line_1_95' title="bbox 1921 3182 3502 3252; baseline 0.001 -14"><span class='ocrx_word' id='word_1_669' title='bbox 1921 3200 2043 3238; x_wconf 87' lang='lat' dir='ltr'><strong>eum</strong></span> <span class='ocrx_word' id='word_1_670' title='bbox 2074 3184 2302 3238; x_wconf 91' lang='lat' dir='ltr'><strong>ducibus</strong></span> <span class='ocrx_word' id='word_1_671' title='bbox 2333 3184 2643 3252; x_wconf 84' lang='lat' dir='ltr'><strong>insequens,</strong></span> <span class='ocrx_word' id='word_1_672' title='bbox 2677 3182 2905 3250; x_wconf 90' lang='lat' dir='ltr'><strong>plurimo</strong></span> <span class='ocrx_word' id='word_1_673' title='bbox 2927 3197 3151 3237; x_wconf 91' lang='lat' dir='ltr'><strong>numero</strong></span> <span class='ocrx_word' id='word_1_674' title='bbox 3174 3185 3502 3252; x_wconf 89' lang='lat' dir='ltr'><strong>captivorum</strong></span> 
     </span>
    </p>
   </div>
   <div class='ocr_carea' id='block_1_96' title="bbox 1921 3273 3506 3343">
    <p class='ocr_par' dir='ltr' id='par_1_96' title="bbox 1921 3273 3506 3343">
     <span class='ocr_line' id='line_1_96' title="bbox 1921 3273 3506 3343; baseline 0.001 -14"><span class='ocrx_word' id='word_1_675' title='bbox 1921 3275 2214 3329; x_wconf 84' lang='lat' dir='ltr'><strong>Wascones</strong></span> <span class='ocrx_word' id='word_1_676' title='bbox 2260 3284 2569 3343; x_wconf 78' lang='lat' dir='ltr'><strong>superatos,</strong></span> <span class='ocrx_word' id='word_1_677' title='bbox 2608 3288 2701 3327; x_wconf 86' lang='lat' dir='ltr'><strong>seu</strong></span> <span class='ocrx_word' id='word_1_678' title='bbox 2748 3282 2801 3327; x_wconf 83' lang='lat' dir='ltr'><strong>et</strong></span> <span class='ocrx_word' id='word_1_679' title='bbox 2842 3288 2913 3326; x_wconf 86' lang='lat' dir='ltr'><strong>ex</strong></span> <span class='ocrx_word' id='word_1_680' title='bbox 2966 3273 3047 3327; x_wconf 89' lang='lat' dir='ltr'><strong>his</strong></span> <span class='ocrx_word' id='word_1_681' title='bbox 3090 3289 3278 3343; x_wconf 69' lang='lat' dir='ltr'><strong>magna</strong></span> <span class='ocrx_word' id='word_1_682' title='bbox 3322 3274 3506 3331; x_wconf 90' lang='lat' dir='ltr'><strong>multi-</strong></span> 
     </span>
    </p>
   </div>
   <div class='ocr_carea' id='block_1_97' title="bbox 1923 3363 3505 3435">
    <p class='ocr_par' dir='ltr' id='par_1_97' title="bbox 1923 3363 3505 3435">
     <span class='ocr_line' id='line_1_97' title="bbox 1923 3363 3505 3435; baseline 0 -15"><span class='ocrx_word' id='word_1_683' title='bbox 1923 3368 2103 3421; x_wconf 79' lang='lat' dir='ltr'><strong>tudine</strong></span> <span class='ocrx_word' id='word_1_684' title='bbox 2136 3366 2474 3429; x_wconf 67' lang='lat' dir='ltr'><strong>inter‘eclos,</strong></span> <span class='ocrx_word' id='word_1_685' title='bbox 2517 3379 2705 3419; x_wconf 86' lang='lat' dir='ltr'><strong>omnes</strong></span> <span class='ocrx_word' id='word_1_686' title='bbox 2753 3363 2945 3418; x_wconf 87' lang='lat' dir='ltr'><strong>domus</strong></span> <span class='ocrx_word' id='word_1_687' title='bbox 2985 3379 3168 3418; x_wconf 89' lang='lat' dir='ltr'><strong>eorum</strong></span> <span class='ocrx_word' id='word_1_688' title='bbox 3217 3366 3505 3435; x_wconf 83' lang='lat' dir='ltr'><strong>incensas,</strong></span> 
     </span>
    </p>
   </div>
   <div class='ocr_carea' id='block_1_98' title="bbox 1923 3455 3507 3531">
    <p class='ocr_par' dir='ltr' id='par_1_98' title="bbox 1923 3455 3507 3531">
     <span class='ocr_line' id='line_1_98' title="bbox 1923 3455 3507 3531; baseline 0 -19"><span class='ocrx_word' id='word_1_689' title='bbox 1923 3461 2145 3529; x_wconf 68' lang='lat' dir='ltr'><strong>pel-ubis</strong></span> <span class='ocrx_word' id='word_1_690' title='bbox 2191 3458 2332 3531; x_wconf 79' lang='lat' dir='ltr'><strong>[Al.,</strong></span> <span class='ocrx_word' id='word_1_691' title='bbox 2373 3455 2643 3528; x_wconf 89' lang='lat' dir='ltr'><strong>pecuniis]</strong></span> <span class='ocrx_word' id='word_1_692' title='bbox 2693 3466 2747 3510; x_wconf 91' lang='lat' dir='ltr'><strong>et</strong></span> <span class='ocrx_word' id='word_1_693' title='bbox 2798 3461 2958 3510; x_wconf 81' lang='lat' dir='ltr'><strong>rebus</strong></span> <span class='ocrx_word' id='word_1_694' title='bbox 2997 3457 3316 3524; x_wconf 80' lang='lat' dir='ltr'><strong>exspoliant.</strong></span> <span class='ocrx_word' id='word_1_695' title='bbox 3360 3455 3507 3512; x_wconf 82' lang='lat' dir='ltr'><strong>Tau-</strong></span> 
     </span>
    </p>
   </div>
   <div class='ocr_carea' id='block_1_99' title="bbox 1923 3548 3507 3616">
    <p class='ocr_par' dir='ltr' id='par_1_99' title="bbox 1923 3548 3507 3616">
     <span class='ocr_line' id='line_1_99' title="bbox 1923 3548 3507 3616; baseline -0.003 -9"><span class='ocrx_word' id='word_1_696' title='bbox 1923 3553 2044 3607; x_wconf 85' lang='lat' dir='ltr'><strong>dem</strong></span> <span class='ocrx_word' id='word_1_697' title='bbox 2093 3550 2385 3605; x_wconf 80' lang='lat' dir='ltr'><strong>Wascones</strong></span> <span class='ocrx_word' id='word_1_698' title='bbox 2431 3549 2670 3615; x_wconf 69' lang='lat' dir='ltr'><strong>Oppressi</strong></span> <span class='ocrx_word' id='word_1_699' title='bbox 2718 3563 2809 3602; x_wconf 87' lang='lat' dir='ltr'><strong>seu</strong></span> <span class='ocrx_word' id='word_1_700' title='bbox 2860 3548 3143 3616; x_wconf 88' lang='lat' dir='ltr'><strong>perdomiti</strong></span> <span class='ocrx_word' id='word_1_701' title='bbox 3196 3551 3403 3604; x_wconf 87' lang='lat' dir='ltr'><strong>veniam</strong></span> <span class='ocrx_word' id='word_1_702' title='bbox 3451 3560 3507 3605; x_wconf 91' lang='lat' dir='ltr'><strong>et</strong></span> 
     </span>
    </p>
   </div>
   <div class='ocr_carea' id='block_1_100' title="bbox 1925 3639 3505 3712">
    <p class='ocr_par' dir='ltr' id='par_1_100' title="bbox 1925 3639 3505 3712">
     <span class='ocr_line' id='line_1_100' title="bbox 1925 3639 3505 3712; baseline 0.001 -17"><span class='ocrx_word' id='word_1_703' title='bbox 1925 3658 2112 3712; x_wconf 85' lang='lat' dir='ltr'><strong>pacem</strong></span> <span class='ocrx_word' id='word_1_704' title='bbox 2143 3657 2170 3691; x_wconf 90' lang='lat' dir='ltr'><strong>a</strong></span> <span class='ocrx_word' id='word_1_705' title='bbox 2220 3639 2597 3708; x_wconf 84' lang='lat' dir='ltr'><strong>superscriptis</strong></span> <span class='ocrx_word' id='word_1_706' title='bbox 2636 3639 2860 3693; x_wconf 85' lang='lat' dir='ltr'><strong>ducibus</strong></span> <span class='ocrx_word' id='word_1_707' title='bbox 2890 3649 3151 3709; x_wconf 87' lang='lat' dir='ltr'><strong>petentes,</strong></span> <span class='ocrx_word' id='word_1_708' title='bbox 3189 3641 3505 3707; x_wconf 86' lang='lat' dir='ltr'><strong>promittunt</strong></span> 
     </span>
    </p>
   </div>
   <div class='ocr_carea' id='block_1_101' title="bbox 1926 3727 3510 3801">
    <p class='ocr_par' dir='ltr' id='par_1_101' title="bbox 1926 3727 3510 3801">
     <span class='ocr_line' id='line_1_101' title="bbox 1926 3727 3510 3801; baseline 0 -15"><span class='ocrx_word' id='word_1_709' title='bbox 1926 3748 1986 3786; x_wconf 91' lang='lat' dir='ltr'><strong>se</strong></span> <span class='ocrx_word' id='word_1_710' title='bbox 2016 3731 2198 3801; x_wconf 70' lang='lat' dir='ltr'><strong>gloriae</strong></span> <span class='ocrx_word' id='word_1_711' title='bbox 2226 3738 2281 3784; x_wconf 90' lang='lat' dir='ltr'><strong>et</strong></span> <span class='ocrx_word' id='word_1_712' title='bbox 2318 3729 2630 3795; x_wconf 86' lang='lat' dir='ltr'><strong>conspectui</strong></span> <span class='ocrx_word' id='word_1_713' title='bbox 2662 3727 2945 3797; x_wconf 83' lang='lat' dir='ltr'><strong>Dagoberti</strong></span> <span class='ocrx_word' id='word_1_714' title='bbox 2977 3732 3119 3799; x_wconf 88' lang='lat' dir='ltr'><strong>regis</strong></span> <span class='ocrx_word' id='word_1_715' title='bbox 3158 3740 3510 3799; x_wconf 52' lang='lat' dir='ltr'><strong>praess-utatu-</strong></span> 
     </span>
    </p>
   </div>
   <div class='ocr_carea' id='block_1_102' title="bbox 1928 3818 3508 3890">
    <p class='ocr_par' dir='ltr' id='par_1_102' title="bbox 1928 3818 3508 3890">
     <span class='ocr_line' id='line_1_102' title="bbox 1928 3818 3508 3890; baseline -0.001 -13"><span class='ocrx_word' id='word_1_716' title='bbox 1928 3837 2038 3889; x_wconf 88' lang='lat' dir='ltr'><strong>rus,</strong></span> <span class='ocrx_word' id='word_1_717' title='bbox 2069 3832 2120 3875; x_wconf 92' lang='lat' dir='ltr'><strong>et</strong></span> <span class='ocrx_word' id='word_1_718' title='bbox 2149 3834 2262 3873; x_wconf 68' lang='lat' dir='ltr'><strong>sua:</strong></span> <span class='ocrx_word' id='word_1_719' title='bbox 2290 3819 2477 3872; x_wconf 87' lang='lat' dir='ltr'><strong>ditioni</strong></span> <span class='ocrx_word' id='word_1_720' title='bbox 2517 3818 2768 3883; x_wconf 79' lang='lat' dir='ltr'><strong>traditos,</strong></span> <span class='ocrx_word' id='word_1_721' title='bbox 2800 3831 2986 3873; x_wconf 86' lang='lat' dir='ltr'><strong>cuncta</strong></span> <span class='ocrx_word' id='word_1_722' title='bbox 3016 3820 3085 3873; x_wconf 87' lang='lat' dir='ltr'><strong>ab</strong></span> <span class='ocrx_word' id='word_1_723' title='bbox 3111 3824 3298 3874; x_wconf 88' lang='lat' dir='ltr'><strong>eodem</strong></span> <span class='ocrx_word' id='word_1_724' title='bbox 3331 3822 3508 3890; x_wconf 91' lang='lat' dir='ltr'><strong>injun-</strong></span> 
     </span>
    </p>
   </div>
   <div class='ocr_carea' id='block_1_103' title="bbox 1928 3909 3505 3981">
    <p class='ocr_par' dir='ltr' id='par_1_103' title="bbox 1928 3909 3505 3981">
     <span class='ocr_line' id='line_1_103' title="bbox 1928 3909 3505 3981; baseline -0.001 -13"><span class='ocrx_word' id='word_1_725' title='bbox 1928 3924 2013 3968; x_wconf 92' lang='lat' dir='ltr'><strong>cta</strong></span> <span class='ocrx_word' id='word_1_726' title='bbox 2057 3913 2392 3977; x_wconf 81' lang='lat' dir='ltr'><strong>impleturus.</strong></span> <span class='ocrx_word' id='word_1_727' title='bbox 2441 3911 2689 3964; x_wconf 83' lang='lat' dir='ltr'><strong>Feliciter</strong></span> <span class='ocrx_word' id='word_1_728' title='bbox 2734 3909 2821 3964; x_wconf 93' lang='lat' dir='ltr'><strong>hic</strong></span> <span class='ocrx_word' id='word_1_729' title='bbox 2857 3912 3126 3965; x_wconf 82' lang='lat' dir='ltr'><strong>exercitus</strong></span> <span class='ocrx_word' id='word_1_730' title='bbox 3154 3913 3357 3981; x_wconf 60' lang='lat' dir='ltr'><strong>absque</strong></span> <span class='ocrx_word' id='word_1_731' title='bbox 3403 3913 3505 3967; x_wconf 90' lang='lat' dir='ltr'><strong>ulla</strong></span> 
     </span>
    </p>
   </div>
   <div class='ocr_carea' id='block_1_104' title="bbox 1931 3999 3509 4069">
    <p class='ocr_par' dir='ltr' id='par_1_104' title="bbox 1931 3999 3509 4069">
     <span class='ocr_line' id='line_1_104' title="bbox 1931 3999 3509 4069; baseline 0 -13"><span class='ocrx_word' id='word_1_732' title='bbox 1931 4003 2150 4057; x_wconf 73' lang='lat' dir='ltr'><strong>laesione</strong></span> <span class='ocrx_word' id='word_1_733' title='bbox 2181 4001 2245 4053; x_wconf 89' lang='lat' dir='ltr'><strong>ad</strong></span> <span class='ocrx_word' id='word_1_734' title='bbox 2278 4000 2504 4069; x_wconf 86' lang='lat' dir='ltr'><strong>patriam</strong></span> <span class='ocrx_word' id='word_1_735' title='bbox 2540 3999 2741 4052; x_wconf 88' lang='lat' dir='ltr'><strong>fuerint</strong></span> <span class='ocrx_word' id='word_1_736' title='bbox 2772 3999 3037 4067; x_wconf 61' lang='lat' dir='ltr'><strong>repednti,</strong></span> <span class='ocrx_word' id='word_1_737' title='bbox 3068 4001 3111 4053; x_wconf 88' lang='lat' dir='ltr'><strong>si</strong></span> <span class='ocrx_word' id='word_1_738' title='bbox 3162 4005 3509 4056; x_wconf 75' lang='lat' dir='ltr'><strong>Aremliertus</strong></span> 
     </span>
    </p>
   </div>
   <div class='ocr_carea' id='block_1_105' title="bbox 1930 4088 3510 4147">
    <p class='ocr_par' dir='ltr' id='par_1_105' title="bbox 1930 4088 3510 4147">
     <span class='ocr_line' id='line_1_105' title="bbox 1930 4088 3510 4147; baseline -0.001 0"><span class='ocrx_word' id='word_1_739' title='bbox 1930 4093 2037 4147; x_wconf 83' lang='lat' dir='ltr'><strong>dux</strong></span> <span class='ocrx_word' id='word_1_740' title='bbox 2061 4092 2293 4145; x_wconf 76' lang='lat' dir='ltr'><strong>maxime</strong></span> <span class='ocrx_word' id='word_1_741' title='bbox 2318 4105 2437 4142; x_wconf 83' lang='lat' dir='ltr'><strong>cum</strong></span> <span class='ocrx_word' id='word_1_742' title='bbox 2465 4088 2768 4143; x_wconf 81' lang='lat' dir='ltr'><strong>senioribus</strong></span> <span class='ocrx_word' id='word_1_743' title='bbox 2791 4098 2844 4142; x_wconf 88' lang='lat' dir='ltr'><strong>et</strong></span> <span class='ocrx_word' id='word_1_744' title='bbox 2866 4088 3212 4143; x_wconf 87' lang='lat' dir='ltr'><strong>nobilioribus</strong></span> <span class='ocrx_word' id='word_1_745' title='bbox 3243 4095 3510 4146; x_wconf 77' lang='lat' dir='ltr'><strong>exercitus</strong></span> 
     </span>
    </p>
   </div>
   <div class='ocr_carea' id='block_1_106' title="bbox 1932 4174 3499 4255">
    <p class='ocr_par' dir='ltr' id='par_1_106' title="bbox 1932 4174 3499 4255">
     <span class='ocr_line' id='line_1_106' title="bbox 1932 4174 3499 4255; baseline -0.005 -14"><span class='ocrx_word' id='word_1_746' title='bbox 1932 4186 2015 4241; x_wconf 82' lang='lat' dir='ltr'><strong>sui</strong></span> <span class='ocrx_word' id='word_1_747' title='bbox 2049 4174 2141 4253; x_wconf 85' lang='lat' dir='ltr'><strong>per</strong></span> <span class='ocrx_word' id='word_1_748' title='bbox 2172 4182 2547 4255; x_wconf 79' lang='lat' dir='ltr'><strong>negligentiam</strong></span> <span class='ocrx_word' id='word_1_749' title='bbox 2578 4196 2606 4233; x_wconf 92' lang='lat' dir='ltr'><strong>a</strong></span> <span class='ocrx_word' id='word_1_750' title='bbox 2638 4179 2993 4235; x_wconf 74' lang='lat' dir='ltr'><strong>Wasconibus</strong></span> <span class='ocrx_word' id='word_1_751' title='bbox 3015 4182 3066 4235; x_wconf 92' lang='lat' dir='ltr'><strong>itt</strong></span> <span class='ocrx_word' id='word_1_752' title='bbox 3104 4183 3235 4235; x_wconf 89' lang='lat' dir='ltr'><strong>valle</strong></span> <span class='ocrx_word' id='word_1_753' title='bbox 3261 4182 3455 4236; x_wconf 74' lang='lat' dir='ltr'><strong>Subota</strong></span> <span class='ocrx_word' id='word_1_754' title='bbox 3483 4186 3499 4233; x_wconf 81' lang='lat' dir='ltr'><strong>t</strong></span> 
     </span>
    </p>
   </div>
   <div class='ocr_carea' id='block_1_107' title="bbox 1935 4272 3510 4341">
    <p class='ocr_par' dir='ltr' id='par_1_107' title="bbox 1935 4272 3510 4341">
     <span class='ocr_line' id='line_1_107' title="bbox 1935 4272 3510 4341; baseline -0.003 -9"><span class='ocrx_word' id='word_1_755' title='bbox 1935 4295 2041 4333; x_wconf 91' lang='lat' dir='ltr'><strong>non</strong></span> <span class='ocrx_word' id='word_1_756' title='bbox 2074 4277 2264 4332; x_wconf 84' lang='lat' dir='ltr'><strong>fuisset</strong></span> <span class='ocrx_word' id='word_1_757' title='bbox 2290 4275 2623 4329; x_wconf 78' lang='lat' dir='ltr'><strong>interfectus.</strong></span> <span class='ocrx_word' id='word_1_758' title='bbox 2663 4272 2946 4327; x_wconf 77' lang='lat' dir='ltr'><strong>Exercitus</strong></span> <span class='ocrx_word' id='word_1_759' title='bbox 2972 4288 3098 4328; x_wconf 80' lang='lat' dir='ltr'><strong>vero</strong></span> <span class='ocrx_word' id='word_1_760' title='bbox 3140 4273 3466 4329; x_wconf 72' lang='lat' dir='ltr'><strong>Francmum</strong></span> <span class='ocrx_word' id='word_1_761' title='bbox 3493 4316 3510 4341; x_wconf 92' lang='lat'><strong>,</strong></span> 
     </span>
    </p>
   </div>
   <div class='ocr_carea' id='block_1_108' title="bbox 1934 4366 3513 4441">
    <p class='ocr_par' dir='ltr' id='par_1_108' title="bbox 1934 4366 3513 4441">
     <span class='ocr_line' id='line_1_108' title="bbox 1934 4366 3513 4441; baseline 0 -18"><span class='ocrx_word' id='word_1_762' title='bbox 1934 4372 2021 4441; x_wconf 91' lang='lat' dir='ltr'><strong>qni</strong></span> <span class='ocrx_word' id='word_1_763' title='bbox 2054 4370 2121 4425; x_wconf 93' lang='lat' dir='ltr'><strong>de</strong></span> <span class='ocrx_word' id='word_1_764' title='bbox 2153 4368 2451 4439; x_wconf 82' lang='lat' dir='ltr'><strong>Burgundia</strong></span> <span class='ocrx_word' id='word_1_765' title='bbox 2484 4368 2534 4421; x_wconf 93' lang='lat' dir='ltr'><strong>iu</strong></span> <span class='ocrx_word' id='word_1_766' title='bbox 2560 4366 2844 4421; x_wconf 67' lang='lat' dir='ltr'><strong>\Vnsconia</strong></span> <span class='ocrx_word' id='word_1_767' title='bbox 2874 4366 3040 4437; x_wconf 77' lang='lat'><strong>650</strong></span> <span class='ocrx_word' id='word_1_768' title='bbox 3066 4378 3385 4437; x_wconf 86' lang='lat' dir='ltr'><strong>accesserat,</strong></span> <span class='ocrx_word' id='word_1_769' title='bbox 3423 4387 3513 4435; x_wconf 85' lang='lat' dir='ltr'><strong>pa-</strong></span> 
     </span>
    </p>
   </div>
   <div class='ocr_carea' id='block_1_109' title="bbox 1858 4458 3506 4535">
    <p class='ocr_par' dir='ltr' id='par_1_109' title="bbox 1858 4458 3506 4535">
     <span class='ocr_line' id='line_1_109' title="bbox 1858 4458 3506 4535; baseline -0.002 -16"><span class='ocrx_word' id='word_1_770' title='bbox 1858 4460 1910 4520; x_wconf 91' lang='lat' dir='ltr'><strong>D</strong></span> <span class='ocrx_word' id='word_1_771' title='bbox 1938 4473 2078 4517; x_wconf 78' lang='lat' dir='ltr'><strong>trata</strong></span> <span class='ocrx_word' id='word_1_772' title='bbox 2112 4461 2247 4535; x_wconf 80' lang='lat' dir='ltr'><strong>[Al.,</strong></span> <span class='ocrx_word' id='word_1_773' title='bbox 2281 4458 2449 4530; x_wconf 87' lang='lat' dir='ltr'><strong>parta]</strong></span> <span class='ocrx_word' id='word_1_774' title='bbox 2500 4461 2719 4513; x_wconf 60' lang='lat' dir='ltr'><strong>victoria</strong></span> <span class='ocrx_word' id='word_1_775' title='bbox 2750 4458 2889 4513; x_wconf 90' lang='lat' dir='ltr'><strong>redit</strong></span> <span class='ocrx_word' id='word_1_776' title='bbox 2933 4459 2998 4513; x_wconf 93' lang='lat' dir='ltr'><strong>ad</strong></span> <span class='ocrx_word' id='word_1_777' title='bbox 3044 4461 3279 4530; x_wconf 85' lang='lat' dir='ltr'><strong>proprias</strong></span> <span class='ocrx_word' id='word_1_778' title='bbox 3325 4463 3506 4517; x_wconf 71' lang='lat' dir='ltr'><strong>sedes.</strong></span> 
     </span>
    </p>
   </div>
   <div class='ocr_carea' id='block_1_110' title="bbox 1941 4570 3505 4647">
    <p class='ocr_par' dir='ltr' id='par_1_110' title="bbox 1941 4570 3505 4647">
     <span class='ocr_line' id='line_1_110' title="bbox 1941 4570 3505 4647; baseline -0.004 -18"><span class='ocrx_word' id='word_1_779' title='bbox 1941 4585 2064 4629; x_wconf 90' lang='lat' dir='ltr'><strong>tunc</strong></span> <span class='ocrx_word' id='word_1_780' title='bbox 2090 4574 2254 4647; x_wconf 76' lang='lat' dir='ltr'><strong>fuisse</strong></span> <span class='ocrx_word' id='word_1_781' title='bbox 2282 4574 2418 4647; x_wconf 87' lang='lat' dir='ltr'><strong>apud</strong></span> <span class='ocrx_word' id='word_1_782' title='bbox 2468 4570 2701 4647; x_wconf 70' lang='lat' dir='ltr'><strong>Francos</strong></span> <span class='ocrx_word' id='word_1_783' title='bbox 2733 4571 3055 4630; x_wconf 89' lang='lat' dir='ltr'><strong>institutam.</strong></span> <span class='ocrx_word' id='word_1_784' title='bbox 3106 4573 3266 4638; x_wconf 72' lang='grc' dir='ltr'><strong>Βοὴ..</strong></span> <span class='ocrx_word' id='word_1_785' title='bbox 3290 4574 3505 4647; x_wconf 76' lang='lat' dir='ltr'><strong>Adalgi.</strong></span> 
     </span>
    </p>
   </div>
   <div class='ocr_carea' id='block_1_111' title="bbox 1938 4643 2616 4713">
    <p class='ocr_par' dir='ltr' id='par_1_111' title="bbox 1938 4643 2616 4713">
     <span class='ocr_line' id='line_1_111' title="bbox 1938 4643 2616 4713; baseline -0.004 -13"><span class='ocrx_word' id='word_1_786' title='bbox 1938 4660 2082 4707; x_wconf 78' lang='lat' dir='ltr'><strong>sum;</strong></span> <span class='ocrx_word' id='word_1_787' title='bbox 2109 4643 2228 4707; x_wconf 81' lang='lat' dir='ltr'><strong>alii,</strong></span> <span class='ocrx_word' id='word_1_788' title='bbox 2262 4644 2616 4713; x_wconf 79' lang='lat' dir='ltr'><strong>Adagysilum.</strong></span> 
     </span>
    </p>
   </div>
   <div class='ocr_carea' id='block_1_112' title="bbox 2011 4714 3512 4783">
    <p class='ocr_par' dir='ltr' id='par_1_112' title="bbox 2011 4714 3512 4783">
     <span class='ocr_line' id='line_1_112' title="bbox 2011 4714 3512 4783; baseline 0.001 -15"><span class='ocrx_word' id='word_1_789' title='bbox 2011 4714 2031 4753; x_wconf 69' lang='grc' dir='ltr'><em>τ</em></span> <span class='ocrx_word' id='word_1_790' title='bbox 2076 4715 2293 4783; x_wconf 90' lang='lat' dir='ltr'><strong>Aliquot</strong></span> <span class='ocrx_word' id='word_1_791' title='bbox 2323 4716 2441 4778; x_wconf 78' lang='lat' dir='ltr'><strong>Ed.,</strong></span> <span class='ocrx_word' id='word_1_792' title='bbox 2469 4715 2866 4775; x_wconf 81' lang='lat' dir='ltr'><strong>Anstrasiorum,</strong></span> <span class='ocrx_word' id='word_1_793' title='bbox 2893 4714 3031 4783; x_wconf 81' lang='lat' dir='ltr'><strong>quod</strong></span> <span class='ocrx_word' id='word_1_794' title='bbox 3053 4715 3187 4770; x_wconf 87' lang='lat' dir='ltr'><strong>forte</strong></span> <span class='ocrx_word' id='word_1_795' title='bbox 3209 4732 3394 4770; x_wconf 90' lang='lat' dir='ltr'><strong>eorum</strong></span> <span class='ocrx_word' id='word_1_796' title='bbox 3423 4733 3512 4769; x_wconf 84' lang='lat' dir='ltr'><strong>au-</strong></span> 
     </span>
    </p>
   </div>
   <div class='ocr_carea' id='block_1_113' title="bbox 1934 4785 3512 4854">
    <p class='ocr_par' dir='ltr' id='par_1_113' title="bbox 1934 4785 3512 4854">
     <span class='ocr_line' id='line_1_113' title="bbox 1934 4785 3512 4854; baseline 0 -14"><span class='ocrx_word' id='word_1_797' title='bbox 1934 4795 2113 4840; x_wconf 88' lang='lat' dir='ltr'><strong>ctores</strong></span> <span class='ocrx_word' id='word_1_798' title='bbox 2137 4785 2187 4837; x_wconf 90' lang='lat' dir='ltr'><strong>in</strong></span> <span class='ocrx_word' id='word_1_799' title='bbox 2205 4787 2363 4839; x_wconf 89' lang='lat' dir='ltr'><strong>codd.</strong></span> <span class='ocrx_word' id='word_1_800' title='bbox 2395 4786 2674 4839; x_wconf 87' lang='lat' dir='ltr'><strong>inciderint</strong></span> <span class='ocrx_word' id='word_1_801' title='bbox 2698 4786 2788 4854; x_wconf 92' lang='lat' dir='ltr'><strong>qui</strong></span> <span class='ocrx_word' id='word_1_802' title='bbox 2817 4786 3010 4840; x_wconf 86' lang='lat' dir='ltr'><strong>habent</strong></span> <span class='ocrx_word' id='word_1_803' title='bbox 3042 4786 3311 4848; x_wconf 80' lang='lat' dir='ltr'><strong>Neauster,</strong></span> <span class='ocrx_word' id='word_1_804' title='bbox 3345 4786 3512 4840; x_wconf 79' lang='lat' dir='ltr'><strong>Necu-</strong></span> 
     </span>
    </p>
   </div>
   <div class='ocr_carea' id='block_1_114' title="bbox 1931 4858 2128 4910">
    <p class='ocr_par' dir='ltr' id='par_1_114' title="bbox 1931 4858 2128 4910">
     <span class='ocr_line' id='line_1_114' title="bbox 1931 4858 2128 4910; baseline -0.005 0"><span class='ocrx_word' id='word_1_805' title='bbox 1931 4858 2128 4910; x_wconf 78' lang='lat' dir='ltr'><strong>strau‘i.</strong></span> 
     </span>
    </p>
   </div>
   <div class='ocr_carea' id='block_1_115' title="bbox 2005 4924 3212 4988">
    <p class='ocr_par' dir='ltr' id='par_1_115' title="bbox 2005 4924 3212 4988">
     <span class='ocr_line' id='line_1_115' title="bbox 2005 4924 3212 4988; baseline 0.004 -14"><span class='ocrx_word' id='word_1_806' title='bbox 2005 4938 2031 4974; x_wconf 79' lang='lat' dir='ltr'><strong>s</strong></span> <span class='ocrx_word' id='word_1_807' title='bbox 2072 4926 2228 4987; x_wconf 73' lang='lat' dir='ltr'><strong>Bob,</strong></span> <span class='ocrx_word' id='word_1_808' title='bbox 2258 4926 2440 4978; x_wconf 83' lang='lat' dir='ltr'><strong>ducalo</strong></span> <span class='ocrx_word' id='word_1_809' title='bbox 2472 4925 2735 4980; x_wconf 77' lang='lat' dir='ltr'><strong>Dentileno</strong></span> <span class='ocrx_word' id='word_1_810' title='bbox 2754 4966 2767 4988; x_wconf 95' lang='lat'><strong>,</strong></span> <span class='ocrx_word' id='word_1_811' title='bbox 2797 4924 2889 4987; x_wconf 46' lang='lat' dir='ltr'><strong>ali,</strong></span> <span class='ocrx_word' id='word_1_812' title='bbox 2929 4927 3212 4979; x_wconf 73' lang='lat' dir='ltr'><strong>Danzileni.</strong></span> 
     </span>
    </p>
   </div>
   <div class='ocr_carea' id='block_1_116' title="bbox 2003 4996 3514 5052">
    <p class='ocr_par' dir='ltr' id='par_1_116' title="bbox 2003 4996 3514 5052">
     <span class='ocr_line' id='line_1_116' title="bbox 2003 4996 3514 5052; baseline 0.001 -2"><span class='ocrx_word' id='word_1_813' title='bbox 2003 4996 2031 5034; x_wconf 66' lang='grc' dir='ltr'>δ</span> <span class='ocrx_word' id='word_1_814' title='bbox 2063 4998 2205 5051; x_wconf 74' lang='lat' dir='ltr'><strong>Clar.</strong></span> <span class='ocrx_word' id='word_1_815' title='bbox 2235 4998 2354 5048; x_wconf 89' lang='lat' dir='ltr'><strong>cod.</strong></span> <span class='ocrx_word' id='word_1_816' title='bbox 2392 4997 2673 5052; x_wconf 85' lang='lat' dir='ltr'><strong>lectionem</strong></span> <span class='ocrx_word' id='word_1_817' title='bbox 2706 5001 2871 5051; x_wconf 87' lang='lat' dir='ltr'><strong>secuti</strong></span> <span class='ocrx_word' id='word_1_818' title='bbox 2902 4996 3117 5049; x_wconf 78' lang='lat' dir='ltr'><strong>inimus.</strong></span> <span class='ocrx_word' id='word_1_819' title='bbox 3149 4997 3251 5049; x_wconf 84' lang='lat' dir='ltr'><strong>Alii</strong></span> <span class='ocrx_word' id='word_1_820' title='bbox 3287 5013 3301 5049; x_wconf 89' lang='lat'><strong>:</strong></span> <span class='ocrx_word' id='word_1_821' title='bbox 3332 4996 3514 5051; x_wconf 76' lang='lat' dir='ltr'><strong>Alma-</strong></span> 
     </span>
    </p>
   </div>
   <div class='ocr_carea' id='block_1_117' title="bbox 1929 5065 3512 5140">
    <p class='ocr_par' dir='ltr' id='par_1_117' title="bbox 1929 5065 3512 5140">
     <span class='ocr_line' id='line_1_117' title="bbox 1929 5065 3512 5140; baseline 0.001 -19"><span class='ocrx_word' id='word_1_822' title='bbox 1929 5071 2126 5140; x_wconf 58' lang='lat' dir='ltr'><strong>gariiis,</strong></span> <span class='ocrx_word' id='word_1_823' title='bbox 2158 5065 2509 5140; x_wconf 53' lang='lat' dir='ltr'><strong>Ifaribertns”</strong></span> <span class='ocrx_word' id='word_1_824' title='bbox 2549 5068 2893 5140; x_wconf 75' lang='lat' dir='ltr'><strong>Ermenricus,</strong></span> <span class='ocrx_word' id='word_1_825' title='bbox 2926 5065 3201 5140; x_wconf 54' lang='lat' dir='ltr'><strong>Euromus,</strong></span> <span class='ocrx_word' id='word_1_826' title='bbox 3236 5068 3512 5140; x_wconf 33' lang='lat' dir='ltr'><strong>4r‘ialdus,</strong></span> 
     </span>
    </p>
   </div>
   <div class='ocr_carea' id='block_1_118' title="bbox 1929 5136 3515 5201">
    <p class='ocr_par' dir='ltr' id='par_1_118' title="bbox 1929 5136 3515 5201">
     <span class='ocr_line' id='line_1_118' title="bbox 1929 5136 3515 5201; baseline 0.001 -9"><span class='ocrx_word' id='word_1_827' title='bbox 1929 5136 2023 5194; x_wconf 75' lang='lat' dir='ltr'><strong>seu</strong></span> <span class='ocrx_word' id='word_1_828' title='bbox 2056 5137 2397 5191; x_wconf 79' lang='lat' dir='ltr'><strong>Hariardus..</strong></span> <span class='ocrx_word' id='word_1_829' title='bbox 2431 5137 2737 5189; x_wconf 82' lang='lat' dir='ltr'><strong>Ilamelenns</strong></span> <span class='ocrx_word' id='word_1_830' title='bbox 2758 5178 2771 5201; x_wconf 90' lang='lat'><strong>,</strong></span> <span class='ocrx_word' id='word_1_831' title='bbox 2802 5152 2897 5190; x_wconf 88' lang='lat' dir='ltr'><strong>seu</strong></span> <span class='ocrx_word' id='word_1_832' title='bbox 2928 5136 3205 5191; x_wconf 77' lang='lat' dir='ltr'><strong>Ranlenus.</strong></span> <span class='ocrx_word' id='word_1_833' title='bbox 3252 5136 3515 5195; x_wconf 74' lang='lat' dir='ltr'><strong>Willibul-</strong></span> 
     </span>
    </p>
   </div>
   <div class='ocr_carea' id='block_1_119' title="bbox 1931 5208 2651 5280">
    <p class='ocr_par' dir='ltr' id='par_1_119' title="bbox 1931 5208 2651 5280">
     <span class='ocr_line' id='line_1_119' title="bbox 1931 5208 2651 5280; baseline -0.007 -17"><span class='ocrx_word' id='word_1_834' title='bbox 1931 5215 2047 5273; x_wconf 81' lang='lat' dir='ltr'><strong>dus,</strong></span> <span class='ocrx_word' id='word_1_835' title='bbox 2078 5210 2313 5280; x_wconf 82' lang='lat' dir='ltr'><strong>Agltyno,</strong></span> <span class='ocrx_word' id='word_1_836' title='bbox 2342 5222 2435 5262; x_wconf 88' lang='lat' dir='ltr'><strong>seu</strong></span> <span class='ocrx_word' id='word_1_837' title='bbox 2468 5208 2651 5280; x_wconf 76' lang='lat' dir='ltr'><strong>Agiuo.</strong></span> 
     </span>
    </p>
   </div>
   <div class='ocr_carea' id='block_1_120' title="bbox 2009 5276 3517 5344">
    <p class='ocr_par' dir='ltr' id='par_1_120' title="bbox 2009 5276 3517 5344">
     <span class='ocr_line' id='line_1_120' title="bbox 2009 5276 3517 5344; baseline 0.004 -12"><span class='ocrx_word' id='word_1_838' title='bbox 2009 5291 2023 5318; x_wconf 85' lang='grc' dir='ltr'><strong>ι</strong></span> <span class='ocrx_word' id='word_1_839' title='bbox 2065 5276 2195 5332; x_wconf 75' lang='lat' dir='ltr'><strong>lltitc</strong></span> <span class='ocrx_word' id='word_1_840' title='bbox 2227 5288 2407 5341; x_wconf 87' lang='lat' dir='ltr'><strong>postea</strong></span> <span class='ocrx_word' id='word_1_841' title='bbox 2443 5278 2665 5330; x_wconf 81' lang='lat' dir='ltr'><strong>totidem</strong></span> <span class='ocrx_word' id='word_1_842' title='bbox 2689 5292 2751 5329; x_wconf 82' lang='lat' dir='ltr'><strong>ex</strong></span> <span class='ocrx_word' id='word_1_843' title='bbox 2776 5276 3036 5344; x_wconf 86' lang='lat' dir='ltr'><strong>ejusmodi</strong></span> <span class='ocrx_word' id='word_1_844' title='bbox 3065 5278 3348 5334; x_wconf 87' lang='lat' dir='ltr'><strong>comitibus</strong></span> <span class='ocrx_word' id='word_1_845' title='bbox 3373 5280 3517 5338; x_wconf 89' lang='lat' dir='ltr'><strong>inter</strong></span> 
     </span>
    </p>
   </div>
   <div class='ocr_carea' id='block_1_121' title="bbox 1932 5348 3313 5413">
    <p class='ocr_par' dir='ltr' id='par_1_121' title="bbox 1932 5348 3313 5413">
     <span class='ocr_line' id='line_1_121' title="bbox 1932 5348 3313 5413; baseline -0.006 -7"><span class='ocrx_word' id='word_1_846' title='bbox 1932 5352 2093 5406; x_wconf 81' lang='lat' dir='ltr'><strong>Pares</strong></span> <span class='ocrx_word' id='word_1_847' title='bbox 2137 5350 2371 5403; x_wconf 74' lang='lat' dir='ltr'><strong>Francia:</strong></span> <span class='ocrx_word' id='word_1_848' title='bbox 2402 5348 2573 5401; x_wconf 87' lang='lat' dir='ltr'><strong>allecti</strong></span> <span class='ocrx_word' id='word_1_849' title='bbox 2607 5358 2751 5407; x_wconf 89' lang='lat' dir='ltr'><strong>sunt,</strong></span> <span class='ocrx_word' id='word_1_850' title='bbox 2782 5357 2910 5413; x_wconf 81' lang='lat' dir='ltr'><strong>quot</strong></span> <span class='ocrx_word' id='word_1_851' title='bbox 2938 5350 3120 5401; x_wconf 84' lang='lat' dir='ltr'><strong>duces.</strong></span> <span class='ocrx_word' id='word_1_852' title='bbox 3306 5364 3313 5377; x_wconf 64' lang='grc' dir='ltr'><strong>ε</strong></span> 
     </span>
    </p>
   </div>
   <div class='ocr_carea' id='block_1_122' title="bbox 2007 5418 3515 5489">
    <p class='ocr_par' dir='ltr' id='par_1_122' title="bbox 2007 5418 3515 5489">
     <span class='ocr_line' id='line_1_122' title="bbox 2007 5418 3515 5489; baseline -0.001 -17"><span class='ocrx_word' id='word_1_853' title='bbox 2007 5423 2021 5472; x_wconf 83' lang='lat' dir='ltr'><strong>i</strong></span> <span class='ocrx_word' id='word_1_854' title='bbox 2065 5420 2226 5474; x_wconf 84' lang='lat' dir='ltr'><strong>Vallis</strong></span> <span class='ocrx_word' id='word_1_855' title='bbox 2256 5420 2441 5473; x_wconf 90' lang='lat' dir='ltr'><strong>subola</strong></span> <span class='ocrx_word' id='word_1_856' title='bbox 2466 5432 2633 5486; x_wconf 73' lang='lat' dir='ltr'><strong>pagus</strong></span> <span class='ocrx_word' id='word_1_857' title='bbox 2659 5428 2740 5470; x_wconf 87' lang='lat' dir='ltr'><strong>est</strong></span> <span class='ocrx_word' id='word_1_858' title='bbox 2768 5419 2833 5470; x_wconf 82' lang='lat' dir='ltr'><strong>ad</strong></span> <span class='ocrx_word' id='word_1_859' title='bbox 2860 5418 3095 5489; x_wconf 70' lang='lat' dir='ltr'><strong>i’yretwi</strong></span> <span class='ocrx_word' id='word_1_860' title='bbox 3129 5419 3337 5475; x_wconf 89' lang='lat' dir='ltr'><strong>radices</strong></span> <span class='ocrx_word' id='word_1_861' title='bbox 3359 5422 3515 5489; x_wconf 72' lang='lat' dir='ltr'><strong>sitm,</strong></span> 
     </span>
    </p>
   </div>
   <div class='ocr_carea' id='block_1_123' title="bbox 1930 5488 3520 5558">
    <p class='ocr_par' dir='ltr' id='par_1_123' title="bbox 1930 5488 3520 5558">
     <span class='ocr_line' id='line_1_123' title="bbox 1930 5488 3520 5558; baseline 0.001 -11"><span class='ocrx_word' id='word_1_862' title='bbox 1930 5492 2179 5547; x_wconf 78' lang='lat' dir='ltr'><strong>dimcesis</strong></span> <span class='ocrx_word' id='word_1_863' title='bbox 2206 5491 2335 5542; x_wconf 79' lang='lat' dir='ltr'><strong>olim</strong></span> <span class='ocrx_word' id='word_1_864' title='bbox 2368 5488 2634 5558; x_wconf 82' lang='lat' dir='ltr'><strong>Aquensis</strong></span> <span class='ocrx_word' id='word_1_865' title='bbox 2663 5488 2892 5558; x_wconf 76' lang='lat' dir='ltr'><strong>(d‘Acqs)</strong></span> <span class='ocrx_word' id='word_1_866' title='bbox 2913 5529 2928 5551; x_wconf 87' lang='lat'><strong>,</strong></span> <span class='ocrx_word' id='word_1_867' title='bbox 2962 5505 3101 5543; x_wconf 89' lang='lat' dir='ltr'><strong>nunc</strong></span> <span class='ocrx_word' id='word_1_868' title='bbox 3148 5506 3276 5546; x_wconf 85' lang='lat' dir='ltr'><strong>vero</strong></span> <span class='ocrx_word' id='word_1_869' title='bbox 3332 5488 3520 5548; x_wconf 61' lang='lat' dir='ltr'><strong>Eleroé-</strong></span> 
     </span>
    </p>
   </div>
   <div class='ocr_carea' id='block_1_124' title="bbox 1931 5559 3517 5631">
    <p class='ocr_par' dir='ltr' id='par_1_124' title="bbox 1931 5559 3517 5631">
     <span class='ocr_line' id='line_1_124' title="bbox 1931 5559 3517 5631; baseline 0.001 -15"><span class='ocrx_word' id='word_1_870' title='bbox 1931 5563 2116 5617; x_wconf 84' lang='lat' dir='ltr'><strong>nensis</strong></span> <span class='ocrx_word' id='word_1_871' title='bbox 2162 5559 2683 5631; x_wconf 14' lang='lat' dir='ltr'><strong>(d&#39;Uléron).7Ctput</strong></span> <span class='ocrx_word' id='word_1_872' title='bbox 2728 5560 3157 5627; x_wconf 71' lang='lat' dir='ltr'><strong>habeiopptdum</strong></span> <span class='ocrx_word' id='word_1_873' title='bbox 3200 5564 3517 5619; x_wconf 78' lang='lat' dir='ltr'><strong>Malleonem</strong></span> 
     </span>
    </p>
   </div>
   <div class='ocr_carea' id='block_1_125' title="bbox 1929 5630 3525 5702">
    <p class='ocr_par' dir='ltr' id='par_1_125' title="bbox 1929 5630 3525 5702">
     <span class='ocr_line' id='line_1_125' title="bbox 1929 5630 3525 5702; baseline 0.002 -17"><span class='ocrx_word' id='word_1_874' title='bbox 1929 5630 2462 5702; x_wconf 77' lang='lat' dir='ltr'><strong>(.llauléou).Sasone</strong></span> <span class='ocrx_word' id='word_1_875' title='bbox 2490 5630 2649 5684; x_wconf 85' lang='lat' dir='ltr'><strong>ﬂuvio</strong></span> <span class='ocrx_word' id='word_1_876' title='bbox 2680 5632 2975 5702; x_wconf 73' lang='lat' dir='ltr'><strong>irrigatum.</strong></span> <span class='ocrx_word' id='word_1_877' title='bbox 3011 5632 3173 5687; x_wconf 59' lang='lat' dir='ltr'><strong>llodie</strong></span> <span class='ocrx_word' id='word_1_878' title='bbox 3198 5638 3525 5691; x_wconf 79' lang='lat' dir='ltr'><strong>eotttractius</strong></span> 
     </span>
    </p>
   </div>
   <div class='ocr_carea' id='block_1_126' title="bbox 1929 5701 3114 5773">
    <p class='ocr_par' dir='ltr' id='par_1_126' title="bbox 1929 5701 3114 5773">
     <span class='ocr_line' id='line_1_126' title="bbox 1929 5701 3114 5773; baseline -0.001 -14"><span class='ocrx_word' id='word_1_879' title='bbox 1929 5706 2121 5773; x_wconf 71' lang='lat' dir='ltr'><strong>dicitur</strong></span> <span class='ocrx_word' id='word_1_880' title='bbox 2147 5702 2294 5769; x_wconf 81' lang='lat' dir='ltr'><strong>Sola,</strong></span> <span class='ocrx_word' id='word_1_881' title='bbox 2327 5717 2422 5757; x_wconf 82' lang='lat' dir='ltr'><strong>seu</strong></span> <span class='ocrx_word' id='word_1_882' title='bbox 2454 5702 2635 5768; x_wconf 81' lang='lat' dir='ltr'><strong>Scula,</strong></span> <span class='ocrx_word' id='word_1_883' title='bbox 2663 5703 2817 5772; x_wconf 83' lang='lat' dir='ltr'><strong>vulgo</strong></span> <span class='ocrx_word' id='word_1_884' title='bbox 2848 5702 2897 5757; x_wconf 73' lang='lat' dir='ltr'><strong>la</strong></span> <span class='ocrx_word' id='word_1_885' title='bbox 2937 5701 3114 5760; x_wconf 73' lang='lat' dir='ltr'><strong>Sunia.</strong></span> 
     </span>
    </p>
   </div>
  </div>
