4020 6194
559 208 663 259 635

1716 197 2136 250 FliEDEGARlI
2176 192 2613 247 SCIIOLASTICE

3683 193 3797 245 δῑσ

550 316 876 384 Dagobertus
908 314 971 363 ad
1005 312 1274 378 Clippiaco
1306 310 1552 364 residens
1602 309 1763 361 mittit
1811 310 2021 362 nuntios
2060 324 2111 360 tn
2142 311 2183 365 Α
2216 316 2455 358 eventus.
2492 305 2751 358 i'ermissu
2782 305 3059 374 llagoberti
3092 304 3379 359 Wascones
3400 305 3631 374 regreSSi
3661 316 3800 360 sunt

552 405 897 463 Britanniam,
930 402 1070 465 quod
1107 401 1369 452 Brittones
1407 401 1543 451 male
1574 399 1896 452 admiserant
1919 398 2113 452 veloci-

554 504 638 547 ter
665 492 1031 555 emendarem,
1062 500 1119 545 et
1164 490 1351 544 ditioni
1393 505 1502 543 suae
1543 504 1602 542 se
1641 492 1948 555 traderent;
1977 489 2111 543 alio-

546 585 670 653 quin
696 582 962 637 exercitus
981 580 1295 650 Burgundize
1315 620 1330 645 ,
1356 582 1443 648 qui
1474 581 1526 634 in
1557 579 1890 635 Wasconiant
1921 581 2109 647 fuerat,

553 674 622 727 de
653 670 900 740 prmsenti
932 670 982 723 in
1017 670 1315 723 Britannias
1368 669 1678 723 debuissent
1708 672 1930 724 irruere.
1962 670 2115 737 Quod

553 764 777 818 audiens
805 762 1078 818 Judacaile
1112 771 1160 827 ⁸,
1198 778 1288 816 rex
1325 764 1728 828 Britannorum,
1756 779 1913 818 cursu
1947 765 2115 819 veloci

554 855 885 922 Clippiacum
921 868 1042 907 cum
1087 854 1264 907 multis
1297 854 1603 909 muneribus
1646 854 1712 909 ad
1753 854 2111 923 Dagobertum

558 949 817 1018 perrexit,
850 948 1025 1017 ibique
1054 946 1258 1000 veniam
1286 955 1494 1017 petens,
1527 963 1647 1001 eum
1675 958 1865 1001 cuncta
1886 962 2006 1017 quae
2032 949 2111 1000 sui

551 1045 701 1115 regni
758 1044 1041 1097 Britannia:
1093 1040 1427 1111 pertinentes
1483 1041 1725 1096 leudibus
1788 1040 2114 1095 Francorum

554 1136 742 1190 illicite
792 1142 1263 1202 perpetraverant,
1293 1131 1683 1186 emendandum
1725 1131 1992 1200 spondidit
2018 1147 2034 1197 ;
2062 1140 2117 1185 et

555 1240 771 1294 semper
795 1238 877 1289 se,
901 1233 953 1277 et
978 1238 1196 1293 regnum
1228 1223 1367 1287 quod
1405 1222 1619 1290 regebat
1651 1222 1959 1284 Britannia.
1990 1222 2115 1277 sub-

552 1319 749 1385 iectum
776 1314 962 1369 ditioni
993 1314 1275 1383 Dagoberti
1304 1322 1359 1369 et
1389 1313 1712 1368 Francorum
1743 1314 1955 1384 regibus
1992 1329 2112 1369 esse

547 1409 807 1478 promisit.
837 1406 943 1462 Sed
973 1416 1145 1461 tamen
1176 1421 1295 1461 cum
1336 1406 1633 1477 Dagoberto
1658 1405 1724 1461 ad
1754 1421 1992 1460 mensam
2025 1406 2110 1461 vel

548 1499 614 1554 ad
641 1498 918 1568 prandium
947 1498 1283 1552 discumbere
1306 1496 1498 1560 noluit,
1532 1510 1597 1549 eo
1626 1496 1764 1565 quod
1795 1504 1936 1551 esset
1959 1494 2116 1550 Juda-

546 1592 680 1647 caile
704 1590 989 1660 religiosus
1024 1599 1081 1644 et
1122 1588 1309 1643 timens
1346 1589 1511 1642 Deum
1542 1588 1715 1642 valde.
1742 1586 1982 1658 Cumque
2010 1588 2113 1641 Da-

2216 397 2267 448 in
2300 407 2492 448 teriam
2525 395 2841 449 Wasconiaa.
3252 464 3257 467 μ

2267 487 2367 542 ΑΝ.
2386 501 2650 541 ncxxxvti.
2671 486 3130 540 LXXIX—Anno
3148 486 3367 556 l6regni
3382 487 3461 541 sui
3479 495 3502 523 ο
3517 486 3680 559 651
3700 489 3781 545 Da

2214 576 2462 646 gobertus
2502 575 2760 645 proﬂuvio
2802 574 3002 630 ventris
3044 576 3097 630 in
3139 574 3428 646 Spiniigelo
3468 578 3597 631 villa
3627 593 3801 648 super

2214 668 2406 735 Sigona
2434 668 2613 731 fluvio,
2648 681 2745 719 nec
2776 667 2958 735 procul
2992 683 3018 718 a
3048 667 3281 722 Parisius
3302 677 3561 737 aegrotare
3584 670 3756 736 cmpit
3781 686 3799 723 :

2214 756 2411 810 exinde
2439 755 2503 807 ad
2532 755 2803 809 basilicam
2834 756 3002 809 sancti
3038 756 3273 826 Dionysii
3314 772 3341 809 a
3370 758 3482 811 suis
3526 757 3796 813 defertur.

2216 845 2341 899 Post
2372 860 2565 914 paucos
2602 845 2717 899 dies
2744 861 2862 899 cum
2895 847 3013 899 vitae
3041 862 3151 901 sum
3180 848 3405 902 sentiret
3456 850 3755 916 periculum
3781 894 3799 915 ,

2217 936 2474 1006 Atlganem
2504 938 2602 991 sub
2624 937 2901 991 celeritate
2925 938 2989 991 ad
3020 954 3079 992 se
3108 941 3288 993 venire
3320 941 3608 1007 praecepit,
3640 945 3800 1012 regi-

2216 1042 2337 1082 nam
2365 1026 2767 1081 Nantechildem
2790 1068 2806 1093 ,
2835 1037 2889 1081 et
2916 1027 3077 1081 filium
3105 1044 3257 1082 suum
3302 1028 3667 1085 Cblodoveum
3717 1036 3799 1087 ei-

2215 1120 2334 1175 dem
2384 1119 2437 1173 in
2482 1134 2641 1175 manu
2687 1120 3117 1175 commendans:
3162 1135 3220 1174 se
3266 1120 3374 1191 jam
3423 1122 3797 1177 discessurum

2215 1210 2473 1275 sentiens,
2492 1209 2775 1262 consilium
2806 1208 3028 1279 Adgana:
3058 1220 3359 1277 pergratum
3392 1211 3620 1277 habens,
3650 1213 3798 1281 quod

2215 1318 2333 1357 cum
2363 1303 2481 1370 ejus
2512 1299 2757 1355 instantia
2788 1315 3006 1370 regnum
3029 1313 3247 1355 strenue
3271 1304 3569 1372 gubernare
3598 1305 3797 1371 possit.

2215 1393 2307 1448 His
2334 1394 2521 1461 gestis,
2553 1400 2669 1459 post
2701 1405 2897 1459 paucos
2924 1390 3039 1445 dies
3071 1390 3400 1461 Dagobertus
3428 1392 3608 1446 emisit
3628 1393 3796 1459 spiri-

2216 1494 2358 1549 tum,
2405 1482 2751 1551 sepultusque
2794 1491 2881 1536 est
2923 1481 2975 1535 in
3022 1482 3249 1536 ecclesia
3303 1484 3471 1537 sancti
3523 1483 3795 1553 Dionysii,

2213 1589 2369 1645 quam
2402 1576 2515 1641 ipse
2543 1573 2685 1642 prius
2701 1571 2961 1641 condigne
2980 1587 3043 1625 ex
3068 1587 3197 1625 auro
3219 1582 3271 1625 et
3291 1574 3538 1643 geminis,
3567 1583 3624 1626 et
3652 1574 3798 1628 inul-

546 1688 798 1755 goberms
827 1683 1112 1739 resedisse;
1128 1682 1193 1735 ad
1217 1682 1515 1751 prandium,
1540 1680 1811 1736 Judacaile
1829 1680 2108 1750 egrediens
2137 1672 2186 1733 Β
2210 1666 2276 1719 tis
2304 1663 2704 1734 pretiosissimis
2734 1663 3014 1729 Speciebus
3036 1674 3339 1727 ornaverat,
3368 1674 3421 1715 et
3444 1664 3716 1734 condigne
3741 1665 3796 1719 in

547 1776 615 1831 de
660 1774 854 1846 palatio
896 1773 963 1827 ad
1012 1771 1337 1827 mansionem
1377 1770 1610 1824 Dailonis
1640 1768 1667 1808 δ
1714 1769 2059 1825 referendarii
2090 1814 2104 1838 ,

542 1882 699 1937 quem
756 1874 1079 1937 cognoverat
1121 1873 1359 1918 sanctam
1410 1862 1721 1931 religionem
1774 1870 2066 1916 sectantem
2098 1902 2113 1925 ,

544 1959 769 2014 accessit
804 1957 867 2012 ad
898 1956 1197 2026 prandium,
1245 1954 1469 2023 indeque
1500 1953 1552 2007 in
1585 1953 1815 2007 crastino
1842 1952 2113 2007 Juilacaile

545 2066 639 2105 rex
672 2049 1038 2103 Britannorum
1064 2046 1361 2116 Dagoberto
1388 2045 1688 2098 valedicens
1714 2045 1763 2097 in
1791 2044 2113 2097 Britanniam

545 2139 840 2208 repedavit.
880 2137 1153 2206 Condigne
1195 2144 1371 2189 tamen
1412 2150 1438 2185 a
1474 2134 1767 2203 Dagoberto
1810 2135 2116 2188 muneribus

547 2230 859 2282 honoratur.

619 2321 721 2373 AN.
754 2328 1005 2371 neunt.
1028 2313 1273 2366 —Anno
1327 2310 1390 2365 15
1428 2312 1575 2380 regni
1622 2313 1923 2381 Dagoberti,
1960 2315 2113 2368 Was-

546 2424 707 2465 cones
736 2421 923 2462 omnes
965 2403 1204 2459 seniores
1232 2412 1390 2458 terra:
1446 2404 1586 2458 illius
1630 2420 1751 2459 cum
1800 2406 2059 2475 Aiginane
2091 2418 2112 2445 ε

546 2501 681 2557 dnce
702 2500 768 2555 ad
800 2498 1157 2570 Dagobertum
1190 2496 1520 2566 Clippiacum
1547 2508 1822 2558 venerunt,
1858 2498 2033 2567 ibique
2060 2499 2113 2552 iti

545 2590 769 2647 ecclesia
819 2589 1005 2644 domni
1037 2588 1271 2653 Dionysii
1303 2588 1447 2657 regio
1474 2588 1663 2643 timore
1690 2589 1953 2656 perterriti
1982 2604 2113 2642 con-

544 2684 743 2754 tiigiiim
773 2683 1037 2739 fecerunt.
1085 2678 1377 2735 Clementia
1410 2679 1693 2745 Dagoberti
1726 2680 1883 2732 vitam
1918 2679 2115 2734 habent

546 2780 798 2834 induliam
829 2794 842 2829 :
877 2777 1057 2846 ibique
1084 2774 1430 2829 sacramentis
1479 2771 1770 2826 Wascones
1819 2772 2111 2835 firmantes,

545 2870 703 2924 simul
730 2878 782 2924 et
813 2870 1183 2937 promittentes
1210 2880 1269 2920 se
1296 2864 1437 2919 omni
1471 2872 1711 2930 tempore
1743 2862 2039 2931 Dagnberto
2059 2874 2113 2917 et

546 2963 665 3015 filiis
692 2960 833 3021 suis,
882 2971 1150 3028 regnoque
1193 2956 1516 3009 Francorum
1563 2950 1745 3006 tldeles
1787 2952 1922 3016 fore,
1972 2954 2111 3022 quod

2217 1756 2438 1811 circuitu
2472 1754 2723 1809 fabricari
2748 1761 3092 1823 praceperat,
3116 1753 3465 1822 patrocinium
3485 1754 3654 1822 ipsius
3676 1770 3798 1821 pre-

2218 1846 2411 1901 tiosum
2441 1853 2716 1913 expetens.
2752 1843 2933 1897 Tanta:
2963 1857 3092 1912 opes
3120 1843 3188 1897 ab
3216 1843 3424 1908 eodem,
3453 1856 3506 1898 et
3554 1844 3695 1898 villae
3742 1852 3798 1899 et

2218 1940 2589 2009 possessiones
2614 1937 2795 1991 multa!
2818 1951 2911 2007 per
2934 1936 3152 2004 plurima
3181 1937 3293 1989 loca
3318 1936 3387 1989 ibi
3412 1942 3537 1989 sunt
3554 1936 3793 2001 collatae,

2218 2043 2273 2087 ut
2304 2033 2584 2087 miraretur
2613 2047 2641 2084 a
2690 2032 2953 2101 plurimis.
2990 2032 3328 2085 Psallentium
3372 2032 3566 2085 ibidem
3613 2034 3677 2085 ad
3714 2033 3796 2084 in-

2216 2132 2330 2177 star
2377 2123 2681 2178 monasterii
2727 2132 3028 2177 sanctorum
3078 2121 3472 2191 Agaunensiuin
3506 2122 3795 2177 instituere

2213 2218 2481 2287 jusserat;
2514 2218 2605 2271 sed
2635 2216 2858 2270 facilitas
2889 2217 3097 2271 abbatis
3131 2217 3317 2284 Aigulll
3354 2217 3597 2271 eamdem
3644 2218 3796 2272 insti-

2217 2310 2469 2362 tutionem
2516 2308 2750 2362 noscitur
2778 2308 3075 2377 refragasse
3103 2306 3151 2361 ί.
3182 2308 3307 2362 Post
3346 2309 3633 2379 Dagoberti
3681 2310 3793 2365 dis~

2216 2414 2422 2453 cessum
2454 2399 2592 2453 filius
2617 2414 2744 2452 suus
2762 2396 3099 2452 Chlodoveus
3128 2399 3226 2452 sub
3271 2409 3450 2453 tenera
3496 2409 3654 2454 rotate
3699 2416 3792 2455 re-

2216 2505 2375 2559 gnum
2410 2492 2572 2558 patris
2595 2490 2801 2543 ascivit.
2835 2490 3141 2558 Omnesque
3189 2489 3369 2544 leudes
3398 2491 3461 2544 de
3492 2491 3716 2545 Nenster
3734 2500 3789 2544 et

2219 2580 2518 2650 Burgundia
2544 2595 2664 2635 eum
2692 2580 2984 2634 Massolaco
3014 2581 3136 2633 villa
3162 2580 3445 2635 subliinant
3465 2582 3513 2634 in
3538 2596 3789 2650 regnum.

2216 2673 2349 2742 IEga
2376 2690 2501 2727 vero
2523 2688 2641 2727 cum
2667 2674 2846 2742 regina
2875 2672 3243 2738 Nantecbilile,
3272 2690 3429 2743 quam
3459 2674 3794 2743 Dagobcrtus

2213 2764 2371 2837 652
2395 2766 2698 2833 reliquerat,
2721 2765 2935 2834 regebat
2954 2765 3224 2832 palatium.

2285 2863 2383 2912 AN.
2425 2873 2706 2912 ncxxxvut.
2758 2867 2803 2909 et
2850 2873 3035 2910 χχχιι.
3067 2886 3138 2896 —-
3168 2855 3379 2912 LXXX.
3420 2858 3577 2911 Anno
3619 2856 3795 2925 primo

2215 2951 2360 3019 regni
2378 2948 2693 3012 Cltlodovei,
2715 2948 2971 3009 secundo,
2985 2957 3037 3001 et
3056 2948 3362 3001 imminente
3379 2950 3535 3001 tertio
3550 2947 3795 3016 ejusdem

546 3064 695 3104 more
724 3046 899 3111 solito,
928 3047 1065 3100 sicut
1092 3058 1234 3113 sape
1264 3042 1499 3097 fecerant
1529 3038 1579 3101 ἀ.
1604 3040 1826 3107 posthac
1873 3042 2111 3110 probavit
2136 3041 2181 3102 ϐ
2214 3044 2359 3115 regni
2379 3058 2518 3096 anno
2545 3050 2591 3107 Β,
2623 3041 2884 3109 condigne
2915 3040 3164 3109 palatium
3196 3044 3455 3109 gubernat
3471 3048 3523 3093 et
3547 3055 3792 3109 regnum.

617 3191 643 3217 ⁸·
670 3181 823 3236 Boh..
846 3179 1150 3231 Judacanle.
1182 3176 1350 3243 Vulgo
1377 3175 1569 3229 dicitur
1594 3174 1951 3244 Judieael,qui
1984 3188 2118 3245 post-

546 3266 604 3307 ea
635 3250 854 3303 dimisso
924 3264 1088 3316 regno
1137 3257 1339 3300 veSIein
1388 3247 1732 3299 monasticam
1781 3259 2014 3314 suscepit
2064 3249 2115 3303 in

545 3320 872 3375 monasterio
901 3320 1066 3370 salicti
1116 3317 1373 3371 Johannis
1403 3318 1468 3369 de
1514 3317 1700 3377 Caelo,
1749 3316 1906 3369 hodie
1947 3319 2115 3372 sancti

546 3389 829 3453 Mevennii,
864 3390 916 3441 in
947 3389 1163 3440 dimi-esi
1196 3387 1500 3447 Aletliensi,
1533 3402 1624 3438 seu
1655 3388 1821 3439 sancti
1850 3387 2115 3442 Mai-Iovii.

547 3462 870 3516 Meinoratur
902 3461 949 3510 iii
984 3456 1357 3527 Martyrologio
1401 3457 1742 3511 Betiedictino
1770 3457 1854 3510 die
1904 3459 1964 3510 17
1996 3458 2114 3514 Kal.

547 3529 804 3588 Januarii.

616 3602 639 3639 ιι
672 3600 719 3654 ls
748 3610 832 3654 est
858 3609 1074 3652 sanctos
1105 3596 1415 3661 Audoenus,
1467 3606 1645 3657 postea
1676 3597 2118 3665 Bothoinagensis

552 3672 855 3742 episcopus,
892 3671 1095 3742 vcl_stt_u
1124 3668 1618 3742 tioiiiinecelebris,
1648 3669 1715 3721 de
1744 3683 1850 3734 quo
1882 3666 2041 3723 intra.

621 3753 642 3779 ο
678 3742 777 3794 Ed.
809 3756 926 3795 cum
955 3739 1127 3802 Colb.;
1160 3738 1425 3801 Ainando;
1451 3738 1500 3791 al
1530 3778 1542 3800 ,
1576 3739 1823 3792 Amando.

610 3811 637 3849 ἀ
666 3813 827 3866 Clies.
856 3810 1002 3864 addit
1030 3808 1353 3880 fefellerunt,
1384 3817 1439 3862 ut
1471 3808 1714 3880 probavit.

615 3894 639 3921 ο
668 3883 725 3936 In
770 3883 874 3937 illis
920 3878 1367 3934 annis'sexdecim
1399 3878 1740 3946 computandi
1772 3887 1892 3932 sunt
1923 3879 1958 3932 ii
1985 3893 2119 3948 quos

546 3951 698 4008 simul
749 3967 870 4006 cum
927 3960 1076 4019 patre
1134 3954 1394 4018 regnavit,
1451 3959 1609 4018 atque
1667 3952 1737 4019 ita
1793 3950 2119 4019 Dagobertiis

546 4025 737 4079 abiisse
761 4018 1018 4077 dicendus
1044 4030 1124 4076 est
1152 4035 1293 4075 anno
1321 4019 1445 4081 638,
1476 4020 1565 4073 die
1590 4036 1653 4073 xv
1683 4018 1802 4073 Kal.
1838 4018 1995 4073 Febr.
2028 4021 2116 4085 qui

545 4108 712 4147 amnis
740 4091 838 4143 657
863 4092 967 4146 dici
1002 4101 1191 4153 potest,
1221 4089 1265 4145 si
1289 4105 1457 4149 annus
1484 4105 1510 4141 a
1539 4090 1795 4143 Pasehaie
1817 4090 2115 4152 inchoatur,

545 4176 600 4217 iit
628 4166 683 4217 fit
710 4163 845 4231 apud
878 4162 1279 4232 Fredegarium.
1310 4162 1453 4213 Hanc
1499 4159 1815 4213 sententiain
1849 4170 1968 4226 post
2013 4160 2117 4211 Va-

546 4239 733 4289 lesium
756 4243 808 4287 et
830 4232 1094 4288 Cointium
1122 4232 1306 4284 multis
1326 4240 1653 4293 argumentis
1680 4234 1964 4282 confirmat
1996 4244 2119 4282 nos-

546 4317 625 4358 ter
643 4303 974 4358 Mabillonins
989 4318 1110 4356 cuni
1139 4303 1191 4355 in
1215 4301 1522 4368 praefatione
1548 4316 1673 4354 suae.
1700 4314 1736 4354 tt
1769 4299 2118 4363 Beuedictini,

536 4378 653 4428 tum
678 4375 728 4427 in
750 4372 1126 4427 dissertatione
1157 4370 1408 4440 singulari
1443 4386 1505 4423 ea
1537 4371 1604 4423 de
1635 4385 1690 4422 re
1721 4368 1858 4421 edita
1886 4378 2029 4421 tomo
2054 4370 2118 4424 ιιι

545 4456 648 4497 vet.
678 4444 916 4497 Analect.
952 4452 1139 4495 contra
1169 4455 1262 4493 eos
1293 4440 1382 4508 qui
1418 4440 1771 4511 Dagoliertitm
1796 4452 1962 4490 annos
1991 4455 2117 4511 sex-

546 4516 716 4567 decim
748 4523 864 4580 post
892 4514 1058 4581 patris
1085 4524 1319 4581 mortem
1352 4508 1599 4580 regnasse
1637 4519 1950 4581 censentes,
2004 4508 2120 4578 ejus

544 4578 842 4637 nbiium‘ad
871 4578 959 4635 an.
997 4580 1102 4637 644
1132 4578 1763 4647 ὼίΐετηηιίδμὶηοςίιυῐη
1795 4594 1922 4632 vero
1974 4582 2120 4633 vicns

545 4656 631 4708 ubi
664 4651 994 4720 Dagohertus
1023 4652 1319 4721 argrotavit,
1344 4654 1474 4701 situs
1505 4660 1586 4701 est
1616 4666 1769 4721 supra
1792 4649 2117 4721 Sequanam,

546 4741 572 4779 tt
596 4726 651 4778 S.
682 4718 913 4792 Dionysii
940 4718 1136 4789 oppido
1160 4738 1260 4773 una
1284 4722 1496 4774 circiter
1526 4721 1672 4792 leuca
1696 4718 1932 4792 dlS>lll_l_S,
1963 4722 2119 4789 vulgo

547 4787 1157 4862 bspinayfqiiaiiquani,
1205 4800 1259 4842 i-it
1308 4800 1486 4844 monet
1545 4790 1811 4862 Valesius,
1848 4787 2119 4862 Espinetiil

547 4867 649 4919 ilici
677 4870 732 4917 et
754 4860 917 4916 scribi
947 4865 1183 4915 deberet.
1218 4862 1466 4927 Sepultus
1487 4868 1568 4913 est
1596 4868 1772 4913 autem
1804 4860 1854 4911 in
1898 4861 2117 4915 basilica

545 4934 889 5003 Dionysiana,
919 4947 1075 5001 quam
1117 4947 1182 4984 eo
1228 4931 1279 4984 in
1328 4932 1444 5003 loco
1494 4938 1618 5003 tunc
1670 4928 1950 5003 exstitisse
1988 4944 2110 5003 cum

544 4999 854 5059 sanctorum
882 4999 1167 5072 martyrum
1193 5002 1437 5072 sepulcro
1460 5000 1546 5054 ubi
1571 5001 1882 5072 nuncetiam
1904 4999 2111 5064 visitur,

548 5077 749 5129 duabus
779 5068 1195 5128 circiter'leucis
1222 5077 1288 5124 ab
1335 5071 1495 5135 urbe,
1547 5068 1910 5138 compluribus
1953 5084 2113 5139 argu-

548 5148 742 5201 mentis
771 5146 870 5198 viri
902 5144 1094 5199 eruditi
1120 5144 1225 5210 jam
1250 5144 1540 5200 evicerunt,
1570 5152 1620 5193 et
1652 5155 1715 5194 ei
1748 5140 1925 5193 multis
1953 5144 2113 5193 char-

550 5222 616 5270 tis
641 5215 983 5286 autographis
1008 5215 1402 5286 prima-gregum
1433 5226 1734 5286 iioSirorum
1764 5211 1963 5285 stirpis,
1996 5225 2114 5277 quin

550 5288 640 5338 lib.
675 5301 724 5338 vt
746 5282 812 5339 de
834 5282 909 5339 Re
931 5284 1273 5352 Diplomatica
1296 5282 1895 5352 habentur,confirmari
1916 5289 2111 5352 potest.

548 5359 684 5420 Quin
713 5368 906 5409 etcum
931 5349 1014 5407 vir
1039 5357 1110 5407 cl.
1136 5353 1477 5407 Sebastianus
1506 5352 1553 5406 le
1573 5350 1704 5404 Nain
1731 5352 1797 5404 de
1823 5349 2111 5420 Tillemont,

552 5419 656 5479 non
684 5429 858 5478 minus
888 5426 1079 5492 pietate
1100 5438 1255 5492 quain
1281 5422 1577 5474 eruditione
1604 5421 1845 5492 illustris,
1878 5419 2111 5492 toman

552 5495 795 5548 Historia:
821 5490 1011 5547 eccles.
1042 5490 1199 5547 eade
1228 5494 1288 5544 rc‘
1310 5493 1459 5559 quasi
1483 5490 1771 5543 dubitando
1792 5490 2111 5557 scripsis~et,

553 5582 609 5619 re
637 5573 848 5631 po~tea,
875 5565 941 5615 ab
987 5564 1173 5615 amicis
1226 5563 1474 5621 niciiittie,
1526 5560 1777 5631 attentius
1818 5562 2114 5626 explorata,

554 5629 767 5698 agitavit
810 5632 964 5686 nullis
990 5636 1152 5685 certis
1179 5631 1473 5687 rationibus
1503 5629 1781 5698 approbari
1814 5644 1967 5697 posse
2014 5645 2109 5683 eo-

2220 3195 2336 3233 rum
2366 3178 2705 3242 sententiam,
2751 3175 2841 3246 qui
2887 3178 3215 3232 contendunt
3265 3177 3539 3231 basilicam
3587 3178 3639 3230 in
3676 3194 3789 3245 .qua

2220 3250 2411 3316 sepulti
2442 3256 2701 3317 martyres
2734 3247 2967 3312 fuerunt,
2995 3256 3049 3300 et
3091 3250 3143 3302 iit
3174 3262 3276 3315 qua
3324 3248 3655 3315 Dagobertus
3699 3249 3792 3303 fuit

2221 3321 2513 3387 depositus,
2550 3320 2599 3371 in
2632 3318 2744 3387 ipsa
2775 3318 2906 3371 urbe
2934 3318 3060 3371 olim
3092 3320 3393 3377 exstitisse;
3424 3332 3544 3371 cum
3593 3332 3623 3370 e
3662 3332 3789 3372 con-

2222 3386 2382 3445 trario
2418 3396 2582 3443 altera
2640 3386 2900 3441 sententia
2950 3389 3292 3441 validissimis
3332 3389 3657 3456 argumentis
3698 3389 3784 3441 de-

2220 3473 2545 3515 monstretur
2570 3476 2583 3523 ;
2611 3458 2768 3527 idque
2794 3458 2961 3527 prima
2986 3462 3111 3527 rdaia
3141 3458 3421 3513 occasione
3448 3457 3634 3511 sesein
3659 3459 3789 3512 scri-

2221 3531 2326 3596 ptis
2370 3526 3084 3594 emendaturumpollicitus
3110 3539 3230 3591 est;
3282 3528 3420 3596 quod
3470 3529 3556 3581 hic
3608 3530 3786 3582 testari

2218 3603 2388 3653 visum
2421 3610 2521 3659 est,
2548 3600 2683 3663 quod
2716 3600 2827 3666 ipse
2855 3598 2939 3650 die
2971 3601 3034 3651 10
3063 3598 3295 3652 Januarii
3322 3599 3475 3663 hujus
3506 3600 3628 3651 anni
3660 3597 3788 3650 I698

2219 3671 2306 3739 pie
2336 3673 2445 3723 fato
2496 3675 2723 3731 functus,
2778 3670 3096 3736 promissum
3150 3668 3366 3739 exsequi
3397 3687 3499 3719 non
3542 3678 3786 3735 potuerit.

2220 3742 2485 3795 Cteterum
2519 3742 2778 3803 hodieque
2808 3739 2943 3805 apud
2972 3748 3210 3808 sanctum
3256 3738 3565 3808 Dionysium
3624 3741 3789 3806 Dagn-

2221 3810 2354 3864 berii
2388 3812 2621 3865 tumulus
2665 3817 2729 3862 ait
2761 3809 3034 3863 dexteram
3085 3807 3187 3877 niaj
3212 3814 3301 3861 iris
3344 3807 3525 3861 altaris
3576 3809 3784 3873 visitur,

2222 3879 2315 3933 sed
2347 3882 2433 3948 qui
2466 3888 2624 3933 tantm.
2657 3879 2989 3945 antiquitatis
3018 3894 3136 3933 esse
3174 3878 3297 3930 vitis
3328 3877 3553 3933 eruditis
3583 3894 3687 3931 non
3713 3880 3791 3930 vi-

2220 3949 2399 4004 detur.
2433 3951 2505 4003 De
2536 3948 2853 4003 nobilissimi
2887 3949 3041 4016 hujus
3071 3951 3398 4011 monasterii,
3435 3951 3572 4013 quod
3604 3949 3791 4002 exinde

2221 4035 2410 4088 regum
2443 4030 2769 4081 nostrorum,
2799 4021 2968 4071 tertia:
3010 4020 3340 4087 potissimum
3392 4020 3594 4087 stirpis,
3644 4034 3791 4071 com-

2222 4105 2380 4144 mune
2410 4089 2761 4144 conditorium
2792 4099 2891 4141 est.
2926 4090 3307 4156 praerogativis,
3337 4093 3503 4143 sacris
3542 4089 3788 4150 cinteliis,

2222 4160 2461 4228 plnriiizis
2504 4159 2947 4227 possessionibus,
2974 4160 3451 4227 jurisdictionibus,
3483 4169 3615 4224 etc.,
3647 4163 3788 4226 plura

2227 4228 2466 4299 proferre
2495 4243 2950 4299 supervacaneum
2981 4239 3141 4299 esset:

2299 4299 2511 4354 ‘Freli.
2567 4297 2672 4362 aL,
2723 4297 3052 4367 suifragasse.
3106 4297 3267 4351 Favet
3323 4300 3573 4352 Chronic.
3627 4299 3789 4351 sancti

2223 4370 2462 4440 Benigni,
2498 4371 2583 4422 tibi
2615 4371 2822 4440 legitur,
2843 4369 3089 4440 jusserat,
3119 4371 3256 4438 quod
3276 4371 3444 4422 studio
3475 4380 3522 4421 et
3541 4369 3790 4440 industria

2226 4438 2418 4493 abbatis
2448 4439 2638 4507 Aigulﬁ
2678 4438 2754 4491 est
2783 4438 3136 4507 adimpletum.
3192 4440 3339 4493 llunc
3388 4451 3567 4508 postea
3607 4438 3789 4492 Valen-

2228 4512 2314 4563 tia:
2341 4515 2645 4575 episeoliuni
2681 4511 2841 4560 fuisse
2863 4519 3045 4560 censet
3074 4510 3343 4563 Johannes
3390 4511 3706 4570 Columbus;
3737 4518 3790 4561 at

2224 4583 2520 4648 refragatur
2572 4580 2869 4639 Aimnitiiis,
2918 4580 3007 4643 qui
3038 4582 3129 4633 lib.
3170 4596 3217 4631 iv
3264 4595 3382 4648 Cap;
3413 4580 3480 4632 40
3510 4578 3792 4648 Agilulfunt

2228 4638 2482 4704 Valeiitite
2524 4652 2683 4715 episci
2710 4664 2830 4719 puiii
2856 4638 3057 4719 lati-dat,
3084 4660 3135 4701 rt
3165 4666 3278 4718 seq.
3330 4638 3594 4719 Xigulfunt
3639 4638 3793 4703 abba-

2228 4730 2333 4774 tem
2375 4721 2545 4773 sancti
2582 4717 2837 4789 Dionysii.
2889 4718 3156 4773 Psallentii
3208 4717 3542 4789 Agaunensis
3586 4723 3794 4772 nomino

2228 4790 2316 4843 hic
2347 4791 2579 4857 intell'ige
2606 4788 2782 4858 iugem
2826 4791 3170 4855 psalmodiam
3200 4788 3287 4842 iiiii
3323 4803 3480 4842 noctu
3503 4804 3588 4855 lue
3622 4804 3791 4855 perseo

2225 4872 2521 4926 verantem,
2553 4864 2726 4926 qualis
2752 4872 2866 4910 erat
2905 4859 3041 4925 apud
3086 4859 3303 4913 Gra'cos
3349 4865 3661 4919 monachos,
3713 4861 3792 4927 qiti

2224 4939 2512 4985 Acmmetie
2543 4930 2877 4990 dicebantur,
2907 4931 3056 4993 quasi
3089 4946 3356 4997 nunquam
3388 4931 3683 4983 dormirent
3708 4948 3719 4981 :
3745 4931 3791 4983 id

2223 5013 2317 5068 per
2336 5000 2515 5067 plures
2540 5009 2742 5052 turmas
2763 5000 3029 5049 distributi
3054 5000 3395 5065 pra'stabattt,
3422 5016 3578 5066 quem
3602 5014 3793 5051 morem

2222 5071 2291 5123 ab
2319 5070 2527 5136 Aigiilfo
2576 5070 2871 5137 neglectum
2916 5068 3150 5121 restituit
3179 5069 3519 5123 Cliloiloveus
3547 5071 3611 5133 ll,
3641 5079 3696 5121 ut
3735 5085 3795 5121 ex

2221 5140 2337 5205 ejus
2366 5140 2548 5193 charta
2584 5147 2743 5203 patet,
2768 5152 2924 5205 quam
2959 5142 3009 5189 in
3042 5140 3338 5205 appendice
3367 5144 3631 5193 danimus.
3660 5140 3795 5193 Idem

2224 5212 2502 5264 tlrmarunt
2531 5209 2894 5263 Theodericus
2927 5207 2990 5261 IV
3020 5218 3073 5261 et
3100 5210 3373 5277 Pippiniis.

2296 5290 2321 5327 ις
2350 5280 2439 5334 Sic
2480 5278 2621 5332 Clar.
2670 5288 2723 5331 et
2750 5278 2930 5330 caeteri
2978 5282 3183 5345 scripti.
3235 5280 3589 5334 Conseniiiint
3637 5280 3792 5345 lllyr.,

2224 5350 2365 5415 Co|.,
2400 5348 2752 5420 Bign.,Bo_cli.
2783 5348 2985 5420 etBar.
3022 5353 3086 5401 At
3115 5348 3312 5404 Ciiesn.
3345 5362 3397 5404 et
3430 5351 3591 5404 Freli.
3625 5348 3795 5420 :xﬁga

2222 5436 2338 5472 vero
2364 5436 2497 5470 anno
2533 5418 2555 5469 1
2585 5418 2879 5491 Chlodovet',
2909 5418 3201 5471 imminente
3222 5424 3446 5474 secundo
3468 5424 3698 5491 ejusdem
3722 5418 3794 5473 re-

2224 5495 2307 5558 gm‘
2340 5506 2505 5551 anno,
2558 5488 2827 5556 condigne,
2877 5498 3007 5549 etc.,
3056 5504 3213 5557 quant
3270 5488 3551 5544 lectionem
3597 5496 3795 5545 ueteris

2227 5560 2607 5633 praaferenilam
2661 5572 2780 5611 esse
2804 5569 3004 5633 _cen_set
3029 5558 3290 5611 Cointius.
3336 5566 3401 5612 At
3436 5561 3795 5633 Freilegarius

2226 5627 2333 5683 non
2361 5630 2445 5682 liic
2473 5638 2577 5682 tres
2602 5643 2772 5683 annos
2801 5627 2999 5681 laudat.
3026 5644 3123 5677 ινιτ»
3148 5632 3171 5657 -δ
3298 5648 3324 5661 ηι
3356 5634 3359 5637 λ
3434 5632 3442 5643 ·
