4020 6194
238 315 355 367 657

1683 327 2100 383 CHRONICUM.

3411 346 3521 402 658'

236 426 391 497 533a
415 431 709 486 verointer
735 443 957 490 caeteros
988 436 1243 505 primates
1270 440 1504 511 Neptrict
1532 442 1841 510 prudentius
1866 446 1916 502 Α
1945 458 2080 499 unus
2107 458 2171 499 ex
2203 447 2536 515 primatibus,
2568 464 2782 506 nomine
2824 452 3221 519 Cliintasmdus,
3262 455 3509 513 coilectis

235 534 455 588 agens,
473 532 520 577 et
540 524 866 589 plenitudine
877 530 1141 595 patientiae
1156 528 1261 600 [ΑΙ.
1278 531 1572 601 sapientiae]
1588 533 1839 596 imbutus,

234 612 473 667 cunctis
496 624 611 667 erat
656 613 1067 682 praecellentior.
1119 620 1347 689 Eratque
1383 636 1582 691 genere
1627 623 1839 688 nobilis,

237 705 462 771 opibus
490 706 765 762 abundans
786 749 801 774 ,
828 708 1089 777 justitiam
1117 723 1346 779 sectans,
1376 713 1614 769 eruditus
1644 716 1695 768 in
1727 731 1845 769 ver-

238 794 359 859 bis,
415 806 637 863 parutus
693 798 743 851 in
789 802 1496 865 responsisztantummodo
1524 820 1552 857 a
1604 805 1843 874 plurimis

230 885 636 954 blasphemaha
646 896 749 953 tur,
767 906 831 941 eo
846 893 1139 959 quodiesset
1155 895 1390 949 avaritia:
1400 896 1628 952 deditus.
1656 899 1841 953 Facul-

212 984 392 1033 ‘tates
420 981 795 1048 plurimorum,
820 997 941 1050 quae
967 983 1120 1052 jussu
1148 985 1425 1055 Dagoberti
1448 988 1498 1043 in
1528 1004 1693 1060 regno
1718 992 1842 1045 Bur-

225 1073 471 1138 gundiaz
501 1083 551 1127 et
578 1072 827 1139 Neptrico
854 1076 1037 1132 illicite
1065 1076 1275 1132 fuerant
1317 1090 1581 1149 usurpatae
1600 1125 1613 1147 ,
1644 1093 1696 1137 et
1726 1083 1837 1139 ﬁsci

225 1163 556 1220 ditionibus
597 1176 783 1221 contra
814 1168 1026 1223 modum
1055 1169 1274 1237 justitia:
1321 1171 1568 1237 redactae,
1616 1175 1841 1229 consilio

230 1258 478 1331 IFganis
507 1261 616 1334 [AL
650 1261 950 1333 Eginanaz]
977 1264 1224 1317 omnibus
1253 1274 1640 1320 restaurantur.

312 1351 567 1407 LXXXI.
603 1353 682 1408 Eo
718 1367 856 1409 anno
906 1354 1289 1411 Constantinus
1340 1356 1628 1426 imperator
1668 1360 1833 1413 mori-

231 1451 336 1497 tur
368 1452 423 1496 ι.
457 1443 726 1499 Constans
766 1445 903 1501 ﬁlius
932 1446 1046 1514 ejus
1076 1448 1174 1501 sub
1203 1456 1379 1501 tenera
1408 1458 1566 1504 astate
1612 1450 1835 1504 consilio

231 1545 479 1590 senatus
526 1536 577 1589 iu
621 1538 843 1605 imperio
871 1537 1211 1594 subliinatur.
1258 1539 1400 1594 Idem
1440 1541 1557 1608 ejus
1595 1548 1833 1610 tempore

229 1626 570 1695 gravissime
593 1642 623 1681 a
652 1626 962 1683 Sarracenis
990 1640 1224 1683 vastatur
1256 1630 1554 1699 imperium.
1586 1631 1833 1685 Hieroso-

229 1717 395 1787 lyma
424 1733 453 1771 a
476 1717 785 1772 Sarracenis
809 1730 983 1786 capta,
1007 1727 1317 1789 ett-temque
1337 1723 1579 1777 civitates
1604 1737 1824 1789 eversae,

1950 534 2190 602 plurimis
2217 539 2554 594 senatoribus
2582 540 2921 610 Gotthorum,
2953 556 3253 614 ceteroque
3289 549 3505 617 populo,

1947 624 2000 708 in
2030 639 2249 691 regnum
2284 627 2497 696 Spaniaa
2524 630 2867 698 sublimatur,
2898 635 2986 704 qui
3016 634 3301 704 Tulgauem
3324 637 3511 708 degra-

1945 704 2124 766 datuni
2154 714 2219 768 ad
2250 730 2384 769 onus
2409 728 2429 752 ε
2461 720 2742 775 clericatus
2778 724 3040 776 tonsorari
3070 724 3196 777 fecit
3226 742 3238 777 :
3282 704 3511 795 cumque

1944 818 2103 859 omne
2134 821 2351 875 regnum
2387 808 2597 877 Spania:
2625 827 2735 867 sua:
2763 813 2956 868 ditioni
2986 814 3271 882 firmasset,
3296 822 3510 887 cognito

1944 901 2129 954 morbo
2160 902 2264 973 [ΑΙ.
2294 902 2467 975 more]
2495 904 2834 970 Gotthorum,
2862 923 3017 977 quem
3057 909 3125 963 de
3160 910 3373 977 regibus
3416 911 3510 965 de-

1941 991 2226 1058 gradandis
2256 993 2541 1059 habebant,
2571 996 2711 1051 unde
2735 997 2930 1065 swpius
2974 1012 3095 1052 eum
3126 998 3254 1067 ipsis
3284 999 3339 1052 in
3375 1012 3506 1054 con-

1940 1082 2060 1135 silio
2090 1082 2281 1149 fuerat,
2312 1100 2657 1155 quoscunque
2685 1101 2748 1141 ex
2777 1087 2858 1141 eis
2880 1086 3042 1156 hujus
3070 1088 3180 1142 vitii
3204 1100 3505 1157 promptum

1938 1188 2122 1232 contra
2154 1194 2329 1249 reges,
2360 1182 2448 1249 qui
2480 1195 2507 1233 a
2537 1196 2701 1252 regno
2744 1183 2952 1253 expulsi
2979 1184 3207 1249 fuerant,
3238 1198 3508 1254 cognove-

1937 1280 2020 1325 rat
2071 1271 2234 1326 fuisse
2259 1275 2462 1337 noxios,
2511 1283 2648 1327 totos
2673 1274 2978 1344 singillatim
3004 1276 3156 1345 jubet
3184 1278 3410 1333 interﬁci
3458 1278 3511 1344 f,

1936 1361 2172 1428 aliosque
2222 1363 2412 1416 exsilio
2458 1364 2830 1431 condemnari,
2879 1380 3172 1436 eorumque
3218 1382 3412 1423 uxores
3454 1378 3511 1424 et

1934 1450 2071 1505 ﬁlias
2116 1453 2226 1505 suis
2291 1453 2534 1508 ﬁdelibus
2578 1470 2697 1509 cum
2744 1455 3082 1510 facultatibus
3122 1458 3286 1530 655
3325 1459 3504 1515 tradit.

1934 1546 2124 1602 Fertur
2165 1549 2233 1603 de
2280 1550 2590 1618 primatibus
2631 1554 2952 1609 Gotthorum
3004 1553 3106 1609 hoc
3151 1555 3281 1607 vitio
3334 1554 3509 1619 repri-

1932 1637 2125 1691 mendo
2153 1638 2411 1693 ducentos
2442 1640 2606 1696 fuisse
2650 1643 2965 1700 interfectos
3002 1661 3015 1700 :
3046 1644 3113 1699 de
3149 1644 3505 1699 mediocribus

1929 1729 2249 1797 quingentos
2280 1729 2581 1786 interficere
2603 1732 2778 1801 jussit.
2809 1735 3162 1805 Quoadusque
3198 1736 3338 1790 hunc
3361 1750 3504 1789 mor-

228 1807 520 1879 Egyptus
543 1810 785 1875 superior
807 1820 855 1864 et
880 1809 1097 1865 inferior
1116 1828 1142 1865 a
1168 1812 1477 1867 Sarracenis
1500 1813 1820 1879 pervaditur.
1856 1814 1903 1872 B
1931 1819 2053 1873 hum
2081 1819 2395 1875 Gotthorum
2430 1821 2812 1878 Chintasindus
2853 1828 3193 1895 cognovisset
3239 1826 3505 1895 perdomi-

229 1897 574 1952 Alexandria
605 1900 810 1968 capitur
834 1908 887 1953 et
915 1900 1195 1969 praedatur.
1228 1900 1402 1956 Africa
1435 1912 1539 1956 tota
1564 1912 1824 1968 vastatur,

229 1997 289 2043 et
318 2006 352 2043 a
387 1991 704 2044 Sarracenis
735 1991 1056 2061 possidetur.
1087 1992 1391 2056 Paululum,
1418 1994 1599 2064 ibique
1624 1994 1825 2065 Grego-

227 2081 357 2134 rius
391 2082 648 2148 patricius
676 2096 705 2135 a
736 2081 1041 2137 Sarracenis
1068 2090 1152 2136 est
1199 2083 1527 2138 interfectus.
1558 2085 1824 2139 Constan-

229 2171 500 2240 tin0polis
539 2180 739 2225 tantum
771 2187 891 2226 cum
921 2173 1214 2228 Thraciana
1243 2174 1403 2244 653
1450 2176 1723 2245 provincia
1770 2184 1824 2231 et

230 2262 432 2332 paucis
462 2264 680 2327 insulis,
712 2263 872 2318 etiam
904 2274 957 2319 et
980 2265 1219 2319 Romana
1247 2263 1275 2302 ι’
1304 2267 1572 2335 provincia
1618 2268 1822 2339 imperii

230 2354 435 2409 ditioni
463 2363 812 2408 remanserat.
846 2354 973 2408 Nam
1009 2352 1439 2411 maxime'totum
1471 2357 1751 2426 imperium
1793 2372 1825 2413 a

231 2447 560 2502 Sarracenis
580 2447 810 2514 graviter
830 2446 923 2499 fuit
946 2447 1181 2501 attritum
1205 2462 1221 2501 :
1241 2449 1399 2502 etiam
1414 2449 1533 2502 etin
1558 2457 1825 2516 postremo

231 2540 539 2607 imperator
568 2537 830 2591 Constans
858 2539 1175 2592 constrictus
1205 2548 1361 2608 atque
1388 2540 1712 2608 compulsus,
1745 2540 1825 2595 ef-

231 2630 419 2687 fectus
446 2640 528 2685 est
557 2629 972 2684 Sarracenorum
1005 2629 1332 2695 tributarius,
1368 2639 1424 2683 ut
1453 2630 1534 2685 vel
1566 2629 1825 2684 Conslan-

232 2725 497 2792 tinopolis
528 2738 649 2777 cum
674 2720 857 2791 paucis
900 2722 1185 2792 provinciis
1212 2732 1265 2777 et
1288 2723 1476 2777 insulis
1499 2738 1606 2777 suae
1634 2722 1822 2779 ditioni

231 2824 634 2871 reservaretur.
664 2812 859 2868 Tribus
906 2814 1060 2867 anuis
1089 2813 1321 2877 circiter,
1355 2824 1410 2867 et
1442 2814 1606 2867 fertur
1647 2813 1822 2867 adhuc

231 2908 496 2987 amplius,
522 2921 616 2974 per
640 2919 1068 2973 unumquemque
1095 2903 1235 2958 diem
1263 2914 1285 2942 ο
1313 2903 1456 2959 mille
1482 2903 1682 2959 solidos
1704 2904 1820 2959 auri

231 3000 450 3056 aerariis
479 2998 898 3053 Sarracenorum
947 2995 1212 3049 ConSIaus
1257 2994 1532 3063 implebat.
1582 2994 1821 3050 Tandem

232 3089 536 3158 resumptis
564 3086 762 3141 viribus
807 3084 1073 3139 Constans
1119 3086 1395 3153 imperium
1439 3085 1820 3154 aliquantisper

1928 1918 2062 1975 tum,
2089 1925 2192 1965 non
2223 1912 2451 1966 cessavit
2480 1928 2615 1982 quos
2644 1914 2695 1967 in
2723 1916 3028 1985 suspicione
3059 1916 3290 1971 habebat
3326 1916 3505 1985 gladio

1928 2002 2212 2057 trucidare.
2237 2003 2419 2058 Gottlti
2446 2019 2577 2059 vero
2600 2021 2628 2059 a
2658 2007 3011 2062 Chintasindo
3038 2009 3343 2077 perdomiti,
3368 2007 3502 2063 nihil

1926 2092 2180 2148 adversus
2222 2096 2469 2149 eumdem
2506 2096 2620 2151 ausi
2661 2107 2806 2163 sunt,
2838 2107 2895 2151 ut
2923 2099 2989 2154 de
3017 2100 3228 2168 regibus
3276 2114 3503 2154 consue»

1925 2192 2114 2239 verant
2143 2185 2278 2240 inire
2306 2187 2610 2242 consilium.
2642 2185 3023 2244 Chintasiudus
3050 2206 3168 2243 cum
3201 2200 3348 2244 esset
3389 2190 3501 2258 ple-

1924 2290 2024 2331 nus
2063 2277 2294 2343 dierum,
2328 2278 2490 2333 ﬁlium
2542 2295 2699 2334 suum
2748 2283 2963 2335 nomine
3016 2282 3397 2351 Ricliysindum
3447 2283 3499 2336 in

1924 2370 2068 2423 omni
2111 2385 2281 2440 regno
2311 2370 2525 2437 Spanite
2574 2388 2753 2443 regem
2804 2375 3079 2429 stabilivit.
3127 2376 3502 2429 Chintasindus

1925 2463 2291 2530 pmuitentiam
2323 2479 2508 2533 agens,
2541 2465 2931 2537 eleemosynam
2980 2468 3195 2522 multam
3227 2469 3293 2523 de
3343 2468 3503 2525 rebus

1925 2551 2151 2620 prOpriis
2189 2553 2409 2619 faciens,
2445 2554 2631 2622 plenus
2680 2565 2954 2613 senectute
2986 2558 3153 2613 fertur
3198 2575 3503 2629 nonagena-

1923 2644 2035 2700 rius
2064 2653 2303 2700 mortuus
2332 2661 2470 2701 esse.

1994 2738 2095 2790 AN.
2124 2737 2655 2793 nexu—LXXXIII.
2686 2740 2841 2796 Anno
2870 2743 2903 2797 5
2929 2742 3079 2812 regni
3103 2741 3392 2800 Chlodovei
3421 2760 3503 2798 re-

1922 2828 2021 2896 gis,
2056 2827 2189 2898 .Ega
2229 2828 2284 2883 in
2312 2829 2587 2897 Clippiaco
2614 2831 2736 2885 villa
2765 2838 2987 2886 vexatus
3015 2847 3046 2886 a
3088 2832 3233 2888 febre
3258 2834 3501 2889 moritur.

1922 2917 2060 2975 Ante
2099 2934 2294 2988 paucos
2339 2920 2452 2975 dies
2482 2921 2883 2990 Ermenfredus,
2924 2924 3012 2993 qui
3066 2924 3226 2979 ﬁliam
3281 2924 3513 2993 Eganis.

1923 3028 2141 3068 uxorem
2190 3022 2489 3081 acceperat,
2543 3014 2813 3069 A'Znulfum
2852 3024 2879 3064 κ
2918 3016 3168 3071 comitem
3218 3017 3270 3071 in
3320 3017 3501 3072 Albio-

1921 3105 2054 3160 dero
2082 3108 2199 3160 vico
2228 3106 2279 3160 in
2310 3107 2470 3162 mallo
2506 3104 2535 3143 ιι
2563 3107 2847 3165 interfecit.
2880 3109 2961 3165 0b
2991 3110 3129 3165 hanc
3149 3127 3259 3165 rem
3289 3112 3500 3186 gravis-

231 3194 610 3250 rccuperans,
673 3177 865 3231 tributa
922 3177 1232 3231 Sarracenis
1289 3177 1556 3247 implenda
1602 3178 1815 3233 refutat.

1931 3195 2054 3249 sima
2083 3204 2289 3265 strages
2314 3196 2380 3250 de
2404 3196 2514 3250 suis
2538 3198 2716 3261 rebus,
2742 3198 2981 3267 jussione
3004 3208 3057 3254 et
3086 3177 3346 3269 permissu
3371 3200 3483 3254 Nati

230 3270 704 3342 Quemadmodum
753 3269 853 3322 hoc
884 3269 1075 3322 factum
1124 3266 1311 3322 fuisset
1357 3278 1631 3335 eventum,
1679 3284 1821 3325 anno

232 3368 289 3422 iu
323 3380 438 3436 quo
467 3365 734 3434 expletum
761 3371 865 3425 est,
914 3363 965 3415 in
1008 3362 1196 3416 oriliue
1243 3361 1424 3416 debito
1468 3362 1721 3428 referam,
1764 3370 1822 3419 et

230 3458 479 3513 scribere
511 3471 613 3509 non
643 3455 834 3520 silebo,
865 3455 1036 3507 donec
1064 3453 1129 3506 de
1162 3453 1243 3507 his
1273 3463 1327 3508 et
1368 3453 1490 3509 aliis
1530 3464 1731 3523 optata,
1772 3455 1819 3511 si

232 3550 549 3621 permiserit
580 3548 739 3613 Deus,
785 3545 1073 3614 perficiam,
1111 3546 1233 3602 huic
1266 3548 1445 3603 libello
1473 3558 1662 3604 cuncta
1688 3549 1817 3605 mihi

231 3660 302 3699 ex
330 3641 558 3698 veritate
584 3643 795 3712 cognita
817 3643 1069 3695 inseram.

309 3735 574 3790 LXXXII.
609 3736 682 3789 Eo
711 3750 849 3788 anno
877 3733 1078 3788 Sintela
1102 3733 1129 3770 ά
1168 3748 1257 3787 rex
1287 3734 1519 3801 Spanite,
1549 3733 1639 3803 qui
1671 3735 1820 3790 Sise-

232 3825 420 3881 nando
448 3825 499 3879 in
528 3841 689 3893 regno
718 3835 1070 3892 successerat,
1104 3826 1387 3880 defunctus
1418 3833 1520 3880 est.
1556 3825 1722 3895 Hujus
1758 3829 1813 3880 ﬁ-

235 3920 363 3982 lius,
397 3917 613 3971 nomine
642 3917 827 3986 Tulga,
874 3918 972 3971 sub
1021 3929 1201 3970 tenera
1246 3926 1401 3969 aetate
1432 3916 1643 3985 Spaniis
1685 3919 1818 3986 peti-

232 4013 386 4065 tione
418 4010 580 4079 patri»
610 4010 923 4064 sublimatur
944 4011 994 4063 in
1019 4026 1203 4075 regno.
1223 4010 1538 4065 Gotthorum
1567 4026 1697 4079 gens
1719 4012 1819 4065 im-

235 4082 450 4171 patiens
468 4110 570 4164 est,
590 4100 798 4169 quando
815 4115 975 4161 suaer
993 4116 1052 4153 se
1077 4102 1209 4154 forte
1224 4099 1409 4169 jugum
1424 4114 1526 4154 noo
1551 4101 1814 4155 habuerit.

232 4191 411 4260 Hujus
433 4190 687 4261 Tulganis
718 4191 1075 4247 adolescentia
1105 4194 1278 4246 omnis
1308 4192 1503 4261 Spania
1536 4208 1684 4247 more
1723 4209 1812 4248 so-

236 4286 335 4340 lito
360 4284 598 4351 vitiatur,
627 4284 837 4340 diversa
866 4284 1206 4339 committens
1230 4284 1536 4340 insolentia.
1569 4284 1810 4340 Tandem

234 4436 420 4481 narrat
446 4426 617 4481 tribus
643 4426 727 4479 his
765 4427 921 4480 annis
958 4427 1315 4496 consignanda
1368 4429 1474 4482 sint
1505 4445 1518 4494 ;
1567 4430 1662 4484 sed
1704 4432 1816 4487 vult

233 4497 575 4552 solummodo
616 4497 805 4566 A‘Jgam
836 4513 931 4553 seu
960 4497 1220 4565 IEganem
1254 4499 1502 4565 palatium
1551 4504 1723 4567 primo
1762 4512 1818 4556 et

234 4568 474 4625 secundo
502 4584 642 4621 anno
668 4569 1015 4636 gubernasse,
1066 4584 1129 4622 ac
1163 4572 1317 4622 tertio
1365 4570 1671 4626 imminente
1717 4573 1812 4628 de-

236 4640 475 4693 functum
497 4680 513 4701 ,
545 4650 601 4692 ut
629 4638 757 4692 dicit
785 4640 941 4707 infra,
972 4654 1091 4707 cap.
1115 4639 1202 4692 85.
1252 4638 1532 4695 Consentit
1579 4641 1806 4697 Clironi-
1841 4644 1889 4702 D

236 4727 354 4765 cum
385 4710 554 4763 sancti
585 4709 824 4775 Benigni.

309 4791 335 4818 ι
356 4780 737 4835 Constantinus
759 4781 996 4836 Heraclio
1019 4783 1150 4849 patri
1174 4783 1429 4835 successit
1447 4798 1533 4836 an.
1558 4782 1683 4846 6M,
1706 4799 1811 4852 quo

238 4853 395 4917 paulo
420 4860 539 4921 post
572 4867 601 4903 a
633 4852 853 4905 Martina
885 4868 1130 4915 noverca,
1163 4868 1210 4904 ut
1244 4854 1427 4915 fertur,
1478 4856 1666 4907 veneni
1716 4872 1809 4921 po-

238 4928 382 4977 tione
404 4930 613 4983 necato,
635 4922 1008 4990 lleracleouas,
1027 4941 1090 4976 ex
1118 4926 1227 4991 ipsa
1248 4925 1382 4979 alter
1406 4925 1627 4979 lleraclii
1646 4922 1806 4989 ﬁlius,

235 5003 513 5048 successit.
545 4991 647 5046 Sed
679 4992 779 5059 ipsi
823 5003 943 5060 post
971 5010 1069 5048 sex
1116 5010 1328 5048 menses
1369 4995 1545 5049 edicto
1591 5005 1807 5049 senatus

236 5066 454 5118 naribus
479 5063 733 5132 praecisis,
759 5065 1002 5131 et‘lmgua
1027 5066 1179 5119 matri
1203 5064 1460 5130 abscissa,
1486 5066 1802 5120 substitutus

234 5146 315 5187 est
342 5131 637 5199 Constans,
668 5131 999 5189 Constantini
1030 5136 1188 5201 filius,
1216 5136 1675 5191 Moriathelitarum
1706 5138 1802 5190 de-

237 5208 438 5258 lensor.

303 5274 328 5313 δ
356 5275 527 5331 Hodie
567 5273 827 5329 Romanis
871 5275 1081 5331 dicitur.
1114 5292 1232 5343 qua:
1260 5276 1540 5329 Thraciam
1592 5277 1806 5344 proprie

230 5348 424 5399 dictata
454 5360 508 5402 et
535 5346 668 5415 alias
699 5345 897 5397 vicinas
939 5347 1182 5415 regiones
1211 5350 1637 5406 comprehendit.
1670 5349 1803 5403 Boli.

230 5427 281 5466 ιιι
313 5432 416 5472 vet.
438 5421 564 5485 Ed.,
587 5414 877 5468 Thraciana
895 5414 1150 5487 provincm
1172 5418 1389 5484 imperii,
1414 5419 1623 5472 ueteris
1644 5422 1805 5472 omis—

228 5488 321 5541 bis.

297 5567 321 5596 ο
341 5556 518 5622 Colb.,
548 5556 647 5608 alia
679 5571 857 5615 manu.
888 5574 1099 5612 annum.

301 5628 476 5688 “Alii.
531 5624 780 5698 δεηιειαἈ
811 5642 903 5680 seu
954 5630 1181 5683 Similia.
1215 5630 1388 5698 Vulgo
1436 5629 1628 5682 dicitur
1676 5630 1799 5682 Cia»

233 5700 379 5763 titila,
412 5709 504 5749 aut
553 5696 817 5767 διιίηψιιθ
868 5700 929 5761 ll,
962 5704 1043 5751 cui
1093 5696 1349 5753 bllf‘CCSali
1397 5702 1584 5763 Tult‘a,
1617 5718 1703 5767 qut
1748 5704 1798 5753 in

232 5771 355 5824 vdit.
391 5770 661 5839 plerisque
691 5766 874 5837 Tolga,
908 5772 958 5823 in
991 5772 1119 5825 buli.
1160 5771 1350 5839 Tha/gn
1391 5766 1722 5839 uppellaltxr;
1749 5781 1801 5826 et

1928 3286 2196 3353 tecliildzu,
2239 3301 2268 3341 a
2314 3288 2627 3357 parentibus
2655 3289 2853 3345 Ainulli
2886 3301 2939 3346 et
2985 3293 3180 3362 populo
3211 3294 3500 3362 plurimum

1928 3376 2069 3431 fitur.
2119 3378 2502 3433 Ermenfredus
2550 3380 2600 3432 in
2654 3382 2848 3435 Auster
2878 3380 3077 3436 Remus
3114 3376 3183 3434 ad
3227 3382 3504 3440 basilicam

1927 3469 2096 3524 sancti
2123 3469 2364 3525 Remedii
2402 3470 2530 3527 fecit
2555 3472 2881 3542 confugium,
2911 3474 3085 3544 ibique
3115 3474 3303 3530 diebus
3331 3476 3498 3545 pluri-

1926 3563 2028 3617 mis
2058 3562 2194 3618 hauc
2220 3563 2613 3620 infestationem
2643 3567 2935 3622 devitando
2958 3575 3013 3623 et
3039 3570 3187 3638 regio
3217 3571 3410 3625 timore
3430 3586 3505 3625 re.

1923 3652 2078 3709 sedit.

1990 3742 2275 3798 LXXXIV.
2334 3744 2455 3798 Post
2504 3745 2795 3801 discessum
2850 3747 3069 3816 illigans:
3118 3750 3502 3805 Erchinoaldus

1921 3833 2091 3902 major
2107 3834 2317 3898 domus,
2348 3838 2436 3903 qui
2460 3838 2884 3905 coiisanguineus
2908 3838 3077 3893 fuerat
3099 3842 3164 3893 de
3189 3843 3447 3910 genitrice
3480 3842 3492 3879 ί

1921 3924 2226 3993 Dagoberti,
2259 3926 2431 3993 major
2474 3926 2665 3981 domus
2708 3930 2890 3997 palatii
2921 3930 3210 3984 Chlotlovei
3251 3933 3499 3987 efﬁcitur.

1922 4016 2155 4084 Eratque
2198 4018 2357 4070 homo
2387 4018 2615 4083 patiens,
2658 4018 2894 4073 bonitate
2939 4020 3144 4089 plenus,
3195 4038 3315 4076 cum
3359 4036 3502 4079 esset

1923 4111 2129 4179 patiens
2157 4121 2210 4166 et
2237 4120 2448 4177 cautus,
2504 4114 2808 4168 humilitate
2851 4127 2904 4169 et
2953 4116 3177 4185 benigna
3228 4120 3501 4174 voluntate

1923 4202 2065 4256 circa
2113 4204 2441 4266 sacerdotes,
2490 4206 2845 4275 omnibusque
2872 4209 3135 4276 patienter
3174 4220 3226 4263 et
3277 4210 3501 4282 benigne

1921 4294 2271 4363 respondens,
2305 4295 2553 4363 nullaque
2585 4306 2794 4352 tumens
2837 4300 3109 4368 superbia,
3155 4316 3327 4371 neque
3349 4317 3499 4372 cupis

1919 4435 2017 4509 qui
2039 4448 2161 4509 eum
2188 4449 2275 4487 an.
2298 4433 2418 4509 L642
2439 4436 2742 4509 exturbavit
2764 4436 3238 4503 Chindaswindus,
3273 4441 3362 4509 qui
3405 4455 3496 4495 an.

1917 4504 2023 4561 649
2071 4504 2506 4560 Receswinthum
2557 4505 2723 4560 filium
2770 4522 2924 4561 suum
2969 4504 3317 4564 monarchatn
3370 4513 3500 4565 reli-

1954 4578 2050 4629 uit.

1916 4592 2166 4705 quihAlii,
2197 4645 2379 4709 hortus,
2411 4662 2504 4710 pro
2526 4646 2785 4710 honorem,
2812 4658 2869 4702 ut
2892 4658 2998 4702 vet.
3036 4648 3196 4704 Editi.

1996 4713 2182 4767 fIdem
2232 4712 2436 4789 fecerat
2478 4717 2835 4780 Leuvigildus.
2884 4718 3013 4773 Vide
3043 4720 3267 4789 Gregor.
3300 4721 3394 4777 lib.
3440 4740 3498 4779 ιιι

1920 4785 2055 4839 Hist.
2088 4800 2205 4848 cap.
2233 4784 2323 4851 50,
2354 4796 2409 4840 et
2439 4802 2591 4856 notas
2621 4793 2907 4854 Mteserrte
2936 4792 2987 4843 in
3020 4784 3177 4845 idem'
3196 4805 3376 4856 caput.

1988 4865 2018 4932 ﬁ
2045 4856 2446 4932 Clarqusetnel,
2497 4855 2863 4932 Chairtulfum;
2895 4862 3055 4932 alias,
3099 4855 3369 4930 Ainulfum
3396 4879 3495 4932 ap-

1916 4928 2096 5001 pellat.
2131 4926 2305 5001 Coll»,
2361 4930 2650 4996 Aniulfttm,
2698 4926 2793 4985 seu
2868 4930 3171 5001 Aginatium
3222 4926 3277 4985 in
3322 4926 3497 4989 indico

1913 4999 2075 5056 Boh.,
2108 4998 2353 5065 Agnulfo.

1984 5065 2012 5102 h
2041 5068 2231 5121 Mullus
2277 5069 2550 5139 dicebatur
2578 5081 2873 5125 conventus
2906 5073 3068 5125 totius
3097 5071 3348 5139 regionis,
3398 5089 3492 5130 seu

1914 5139 2163 5205 placitum
2198 5137 2388 5205 majus,
2425 5139 2475 5191 in
2518 5157 2621 5205 quo
2669 5158 2752 5196 res
2786 5144 3005 5205 majoris
3050 5137 3301 5195 momenti
3335 5158 3365 5196 a
3401 5162 3493 5199 ce-

1917 5209 2043 5279 ntite
2073 5208 2411 5261 finiebantur.
2442 5210 2576 5263 Vide
2602 5212 2926 5263 Glossarium
2958 5212 3165 5279 Cangii.

1994 5277 2007 5315 ί
2036 5279 2160 5343 Alii,
2191 5293 2417 5356 ge_nere_;_
2437 5282 2669 5356 plerique
2696 5283 2964 5349 genetrice,
2996 5277 3093 5335 seu
3120 5298 3300 5356 genere
3325 5284 3491 5356 θυμο-

1914 5350 2072 5423 berto.
2100 5349 2485 5423 Erchittoaltlm
2512 5352 2824 5423 iiatililildtilll
2852 5363 3030 5417 postea
3060 5349 3292 5418 reginam
3322 5376 3350 5407 υ
3369 5349 3493 5423 cap-

1917 5420 2121 5494 tivitate
2172 5419 2413 5483 redemit,
2455 5433 2712 5494 sanctum
2752 5421 3009 5475 Furseum
3056 5426 3289 5490 excepit,
3335 5419 3494 5494 eique

1914 5489 2240 5564 L‘atiniacum
2273 5503 2367 5564 pro
2394 5492 3105 5564 construendomonasterio
3136 5496 3377 5564 donavit,
3399 5489 3493 5554 ec-

1913 5562 2238 5625 elestamque
2284 5562 2382 5613 sub
2432 5563 2597 5623 ipsius
2629 5561 2844 5615 nomine
2872 5564 3009 5630 apud
3061 5564 3321 5620 Perouam
3363 5561 3492 5622 cou-

1912 5631 2640 5705 struxitLthitunauloante
2682 5644 2921 5705 Sﬂllttlttttl
2955 5636 3181 5704 litigium
3229 5640 3490 5705 exipsius

1912 5702 2274 5826 sanctiowifl’ligii
2307 5701 2435 5756 Vita:
2470 5703 2556 5756 lib.
2608 5721 2661 5767 ll,
2696 5722 2812 5772 etp.
2844 5702 2876 5755 ἒ
2902 5707 2933 5766 τ,
2982 5701 3161 5763 ἱιΓεει
3209 5701 3352 5763 circa
3395 5726 3513 5765 anu—

1912 5788 2034 5826 num
2102 5796 2129 5825 tt
2177 5814 2188 5825 ι

1912 5788 2034 5826 num
2065 5773 2188 5826 ϋῗὶἷ]Δ
