4020 6194
518 325 622 379 639

1672 313 2090 372 FREDEGABII
2132 312 2576 369 ςριιωωετιει

3658 302 3776 364 660

517 448 678 496 dum»
705 439 951 495 smviebat
981 455 996 494 ε
1031 447 1229 490 tantum
1275 437 1327 490 in
1356 452 1453 490 suo
1493 446 1730 502 tempore
1774 450 1955 503 pacem
1998 450 2084 487 se-
2118 432 2162 487 Α
2193 428 2557 483 Grimoaltlttm
2623 425 2867 494 superbia
2910 433 3140 483 tumens,
3196 430 3250 475 et
3297 421 3470 476 zelum
3516 418 3770 484 ducens,

520 549 669 587 ctans
696 534 812 597 luit,
843 542 900 584 ut
945 532 1054 586 Deo
1081 538 1225 585 esset
1255 529 1516 597 placibile.
1550 528 1680 581 Erat
1725 530 1959 596 sapiens,
1993 526 2085 580 sed

522 626 575 677 in
601 625 785 692 primis
813 625 1036 678 maxima
1067 637 1186 677 cum
1215 622 1572 689 simplicitate.
1605 619 1761 673 rebus
1806 632 2088 672 mensura-

524 722 616 772 tim
652 720 870 782 ditatus,
916 716 984 769 ab
1026 715 1271 769 omnibus
1306 721 1423 766 erat
1473 711 1716 765 dilectus.
1770 710 1931 776 Igitur
1972 698 2101 775 post

523 811 817 864 discessmn
867 807 1147 877 Dagoberli
1185 806 1347 877 655
1386 803 1543 871 regis,
1576 816 1680 871 quo
1721 801 1909 854 ordine
1939 800 2088 870 ejus-

526 900 646 952 dem
678 900 913 954 thesauri
945 899 1081 952 inter
1098 898 1230 951 ﬁlios
1257 898 1411 950 divisi
1444 896 1657 954 luerint.
1683 912 1786 947 non
1812 893 2087 945 omittam:

525 990 617 1043 sed
644 987 933 1042 dilucidato
956 988 1142 1042 ordine
1165 987 1285 1042 huic
1314 987 1568 1040 Volumi-ni
1595 986 1752 1038 inseri
1774 984 2090 1053 procurabo.

600 1080 860 1135 LXXXV.
891 1081 1023 1135 Cum
1054 1081 1305 1148 Pippinus
1335 1080 1503 1144 major
1531 1078 1741 1135 domus.
1780 1085 1898 1143 post
1929 1076 2095 1140 Dargo-

527 1167 662 1223 berti
694 1170 917 1233 obitum,
950 1181 1001 1226 et
1031 1170 1210 1224 caeteri
1242 1169 1404 1223 duces
1435 1168 1854 1227 Austrasinrum,
1898 1166 1988 1235 qui
2014 1182 2096 1220 ns-

529 1274 633 1328 que
663 1261 713 1313 in
746 1262 969 1315 transitu
1002 1260 1280 1328 Dagoberti
1309 1275 1420 1313 sua:
1444 1260 1648 1312 fuerant
1669 1257 1855 1311 αἰίίοηί
1880 1256 2092 1321 retenti,

529 1350 849 1420 Sigibertum
880 1351 1113 1404 unanimi
1152 1349 1549 1416 conspiratione
1577 1349 1949 1417 expetiissent,
1973 1347 2099 1416 Pip-

530 1439 685 1505 pinus
712 1456 831 1495 cum
862 1440 1206 1503 Chuuiberto,
1235 1441 1371 1494 sicut
1399 1449 1452 1494 et
1480 1440 1624 1506 prius
1653 1438 1904 1492 amicitiae
1949 1438 2095 1493 cultu

531 1530 583 1584 in
615 1532 840 1587 invicem
867 1532 1108 1586 collocati
1139 1530 1365 1593 fuerant,
1410 1540 1462 1585 et
1496 1546 1664 1599 nuper
1694 1529 1834 1583 sicut
1860 1539 1912 1583 et
1952 1531 2098 1597 prius

532 1623 759 1678 amicitia
809 1625 1152 1678 vehementer
1195 1637 1254 1677 se
1302 1623 1523 1676 lirmiter
1573 1632 1827 1689 perpetuo
1879 1637 2100 1676 conser-

532 1712 696 1766 vanda
728 1713 982 1782 obligant,
1019 1728 1309 1780 omnesque
1339 1713 1523 1767 leudes
1567 1715 1967 1767 Austrasiorum
2010 1728 2099 1767 se-

2191 535 2417 585 eumque
2448 518 2724 583 despicere
2760 522 3065 571 conaretur.
3099 512 3440 568 Grimoaldus
3460 525 3582 565 cum
3617 509 3780 565 Chu-

2193 613 2399 665 uiberto
2422 610 2672 676 pontilice
2712 622 2772 661 se
2804 610 2852 659 in
2895 605 3180 659 amicitiam
3226 604 3622 674 constringens,
3653 616 3778 656 co:-

2192 709 2342 771 perat
2364 702 2597 767 cogitare
2625 713 2731 768 quo
2760 698 2951 751 ordine
2979 698 3103 750 Otto
3127 695 3195 750 de
3237 694 3436 763 palatio
3458 694 3776 762 ejiceretur,

2199 803 2255 847 et
2283 793 2507 862 gradum
2542 791 2704 860 patris
2735 788 3072 843 Grimoaldus
3100 794 3414 840 assumeret.

2265 888 2363 938 AN.
2396 898 2628 937 ocxt..—
2660 879 2970 935 LXXXVII.
2998 876 3237 945 Cumque
3261 892 3401 930 anno
3429 875 3462 929 8
3487 872 3513 913 ά
3541 875 3785 944 Sigiber-

2194 990 2278 1033 tus
2308 988 2575 1046 regnaret,
2606 987 2658 1028 et
2686 972 2946 1027 Radullus
2971 972 3078 1024 dux
3100 970 3405 1040 Tboringize
3428 968 3785 1022 Vehementer

2196 1070 2468 1140 Sigiberto
2501 1067 2756 1121 rebellare
2780 1064 3164 1132 disposuisset,
3188 1061 3340 1130 jussu
3368 1060 3619 1124 εἰειὶὺυηὶ
3661 1077 3780 1115 om-

2199 1179 2293 1218 nes
2325 1162 2506 1216 leudes
2534 1158 2926 1214 Ausuasiorum
2946 1156 2998 1210 in
3026 1156 3262 1210 exercitu
3280 1154 3634 1225 gradiendnm
3661 1155 3784 1206 ban-

2200 1254 2293 1307 niti
2313 1261 2438 1306 sunt
2463 1259 2508 1303 0.
2526 1250 2821 1318 Sigibertus
2839 1248 3081 1301 Rhenum
3099 1261 3216 1300 cum
3231 1247 3469 1302 exercitu
3488 1246 3779 1309 transiens,

2199 1354 2383 1416 gentes
2433 1343 2667 1412 undique
2711 1341 2781 1395 de
2828 1339 3088 1393 universis
3123 1338 3272 1407 regni
3311 1338 3392 1391 sui
3448 1337 3597 1406 pagis
3640 1337 3782 1390 ultra

2202 1436 2441 1489 Rhenum
2468 1450 2586 1493 cum
2613 1434 2729 1500 ipso
2757 1430 2999 1485 adunaue
3023 1436 3165 1482 sunt.
3183 1427 3360 1481 Primo
3381 1426 3433 1481 in
3464 1427 3582 1480 loco
3611 1427 3782 1480 tilium

2201 1524 2548 1587 Chrodoaldi,
2577 1521 2790 1576 nomine
2817 1519 3009 1574 Farum
3039 1517 3057 1555 ί
3073 1557 3087 1580 ,
3131 1516 3221 1585 qui
3251 1531 3369 1570 cum
3404 1513 3631 1569 Radult‘n
3665 1512 3785 1567 uui-

2204 1629 2311 1671 tuui
2342 1616 2571 1669 habebat
2597 1612 2900 1673 consilium,
2924 1609 3199 1664 exercitus
3224 1606 3472 1674 Sigiberti
3507 1604 3785 1659 trucidans

2205 1709 2365 1775 rupit,
2398 1707 2675 1773 ipsumque
2704 1700 2972 1755 interfecit
3018 1715 3031 1751 :
3064 1712 3272 1751 omnem
3321 1696 3572 1763 populum
3625 1693 3785 1763 hujus

532 1818 651 1859 cum
683 1814 900 1873 uterque
930 1804 1236 1873 prudenter.
1269 1814 1321 1856 et
1358 1819 1476 1858 cum
1505 1804 1786 1858 dulcedine
1829 1803 2103 1857 attrahen-
2134 1812 2182 1870 Β
2211 1799 2331 1852 Fari
2350 1798 2439 1867 qui
2464 1794 2696 1865 gladium
2726 1792 2920 1851 evasit,
2941 1788 3237 1859 captivitati
3261 1784 3786 1854 deputant.0mnes-

534 1905 636 1961 tes,
669 1896 1016 1967 eos,benigne
1043 1895 1423 1967 gubernantes,
1448 1910 1631 1948 eorum
1663 1896 1950 1948 amicitiam
1974 1908 2103 1947 cono

533 1985 820 2052 stringunt,
852 1999 1167 2053 semperque
1207 1993 1444 2037 servant.
1481 1984 1640 2050 Igitur
1682 1984 2106 2038 discurrentibus

534 2075 744 2144 legatis,
776 2084 978 2144 partem
1011 2076 1273 2144 Sigiberto
1302 2074 1533 2128 debitam
1558 2074 1624 2128 de
1646 2074 1904 2128 thesauris
1938 2076 2105 2143 bago-

537 2164 675 2219 berti
708 2165 1070 2219 Nantechildze
1110 2166 1306 2234 regina:
1345 2173 1402 2218 et
1440 2163 1745 2218 Cblodoveo
1776 2164 1883 2226 regi
1911 2179 1941 2218 a
1967 2165 2105 2232 Sigi-

536 2256 687 2312 berto
714 2258 1018 2326 requiritur,
1049 2256 1112 2309 ad
1153 2256 1291 2324 quod
1322 2255 1646 2309 reddendum
1694 2255 1917 2322 placitus
1957 2257 2108 2309 insti-

538 2349 723 2402 tuitur.
751 2348 1103 2401 Chunibertus
1132 2347 1363 2414 pontifex
1394 2348 1540 2398 urbis
1568 2344 1820 2405 Colonias.
1853 2357 1907 2399 et
1933 2347 2105 2415 Pippi-

540 2452 640 2493 nus
669 2438 835 2505 major
855 2438 1045 2491 domus
1073 2452 1188 2491 cum
1221 2437 1485 2505 aliquibus
1513 2437 1823 2506 primatibus
1862 2444 2053 2492 Auster
2077 2454 2106 2492 a

539 2528 806 2598 Sigiberto
833 2528 1019 2582 directi
1049 2528 1225 2581 villam
1273 2528 1655 2596 Compenilium
1678 2537 1702 2565 η
1731 2543 1894 2594 usque
1923 2546 2109 2598 perve-

541 2620 713 2683 niunt,
759 2620 933 2688 ibique
979 2619 1257 2672 thesaurus
1302 2619 1603 2688 Dagoberti,
1648 2621 1865 2688 jubente
1914 2623 2111 2677 Nanteo

540 2710 718 2766 cbilde
747 2720 801 2765 et
828 2710 1159 2775 (Iblodoveo,
1190 2711 1440 2765 instantia
1490 2711 1713 2781 Eganis
1756 2714 1973 2782 majoris
2014 2716 2110 2770 do-

541 2817 657 2854 mus
688 2810 1060 2870 praesentatur,
1108 2812 1163 2857 et
1192 2817 1339 2869 aequa
1373 2802 1524 2858 lance
1568 2803 1864 2859 dividitur:
1899 2807 2108 2863 tertiam

541 2901 714 2946 tamen
747 2902 972 2960 partem,
997 2895 1064 2949 de
1090 2895 1228 2963 quod
1253 2895 1581 2964 Dagobertus
1601 2898 1943 2966 acquisierat,
1972 2899 2111 2955 Nan-

541 2985 785 3040 techildis
841 2987 1017 3054 regina
1064 2988 1316 3055 percepit.
1348 2987 1712 3043 Cbnnihertus
1756 2996 1811 3043 et
1860 2990 2112 3059 Pippinus

543 3077 681 3133 hunc
708 3080 1037 3142 thesaurum,
1065 3094 1182 3147 quae
1221 3094 1342 3146 pars
1372 3079 1473 3133 fuit
1499 3080 1774 3150 Sigiberti,
1805 3082 2007 3137 Mettim
2034 3084 2114 3137 la-

2202 1905 2305 1959 que
2335 1888 2541 1957 primati
2572 1896 2626 1940 et
2651 1886 2920 1940 exercitus
2947 1880 3166 1936 dextras
3203 1878 3429 1932 invicem
3461 1879 3683 1941 dantes,
3729 1885 3786 1931 ut

2206 1981 2380 2035 nullus
2412 1974 2634 2032 [taduth
2662 1975 2826 2029 vitam
2854 1972 3195 2033 concederet,
3227 1969 3319 2023 sed
3347 1968 3460 2022 haec
3491 1969 3782 2033 promissio

2204 2086 2308 2126 non
2336 2070 2554 2124 sortitur
2579 2065 2848 2122 eii‘ectuui.
2896 2062 3194 2131 Sigibertus
3220 2059 3415 2113 deinde
3450 2058 3785 2112 Buchoniam

2203 2177 2325 2217 cum
2355 2163 2591 2215 exercitu
2623 2158 2910 2220 transiens,
2943 2152 3290 2221 Thoringiam
3323 2165 3641 2219 properans.
3679 2147 3786 2202 Ra-

2205 2256 2378 2309 dullus
2412 2254 2522 2308 haec
2548 2267 2774 2307 cernens
2797 2260 3029 2303 castrum
3062 2246 3221 2316 lignis
3253 2251 3517 2297 munitum
3547 2246 3599 2296 in
3647 2257 3781 2312 quo-

2206 2348 2325 2400 dam
2350 2356 2526 2398 muute
2554 2357 2714 2410 super
2737 2340 3033 2395 UneStrude
3063 2337 3225 2390 ﬂuvio
3248 2337 3297 2387 in
3329 2333 3621 2402 Thoringia
3644 2347 3777 2387 con-

2210 2449 2441 2497 surueis,
2484 2433 2773 2487 exercitum
2820 2429 3075 2495 undique,
3124 2434 3381 2494 quantum
3427 2425 3541 2491 plus
3588 2434 3787 2491 potnit,

2208 2529 2481 2597 Colligens,
2527 2540 2647 2578 cum
2692 2537 2856 2576 uxore
2884 2528 2938 2575 et
2965 2508 3145 2571 liberis
3192 2516 3247 2570 in
3279 2516 3378 2570 hoc
3404 2526 3598 2579 castro,
3631 2514 3696 2565 ad
3723 2527 3785 2567 se

2209 2616 2589 2673 defensandum
2620 2612 2874 2667 stabilivit
2901 2628 2914 2664 :
2938 2611 3097 2682 657
3133 2608 3311 2676 ibique
3338 2606 3632 2675 Sigibertus
3654 2619 3785 2659 cum

2210 2711 2445 2768 exercitu
2474 2707 2617 2777 regni
2645 2706 2725 2759 sui
2759 2705 3001 2767 veniens,
3028 2712 3262 2755 castrum
3297 2699 3525 2766 undique
3555 2698 3792 2751 circum-

2212 2807 2302 2857 dat
2329 2803 2634 2866 exercitus;
2669 2794 2923 2852 Radulfus
2953 2810 3075 2849 veri.
3104 2793 3424 2846 intrinsecus
3453 2789 3519 2843 ad
3551 2791 3793 2857 praelium

2212 2898 2421 2953 fortiter
2454 2902 2778 2964 prazparatus
2826 2889 3063 2944 sedebit.
3097 2886 3201 2940 Sed
3258 2887 3359 2937 hoc
3390 2883 3632 2950 praelium
3677 2882 3797 2935 sine

2212 2988 2436 3046 consilio
2467 2987 2657 3041 initum
2689 2991 2795 3038 est.
2841 2982 2952 3035 lloc
2978 2976 3339 3032 adolescentia
3369 2973 3625 3040 Sigiberti
3655 2974 3798 3041 regis

2215 3083 2460 3152 patravit,
2512 3095 2631 3137 cum
2661 3079 2747 3131 alii
2796 3076 2981 3130 eodem
3032 3072 3120 3124 die
3151 3070 3355 3123 vellent
3388 3064 3684 3133 procedere
3728 3064 3798 3117 ad

543 3170 689 3224 ciunt
737 3171 1051 3239 perducere;
1085 3173 1346 3241 Sigiberto
1377 3183 1729 3242 prmsentatur
1755 3183 1809 3229 et
1848 3175 2103 3230 describi-
2132 3182 2178 3245 c
2211 3176 2439 3245 bellum,
2470 3183 2521 3225 ct
2546 3172 2631 3225 alii
2663 3172 2714 3223 in
2744 3167 2994 3228 crastino,
3027 3178 3124 3217 nec
3155 3161 3359 3214 unitum
3392 3158 3653 3211 habentes
3676 3171 3800 3210 con-

543 3269 650 3313 tur.
699 3260 827 3315 Post
872 3277 998 3316 vero
1036 3261 1063 3300 δ
1107 3263 1232 3316 anni
1273 3262 1526 3317 circulum
1570 3264 1824 3334 Pippinus
1862 3267 2113 3333 moritur,

545 3366 642 3405 nec
669 3361 885 3418 parvum
915 3352 1151 3406 dolorem
1180 3352 1416 3420 ejusdem
1449 3357 1705 3408 transitus
1729 3357 1934 3410 cunctis
1956 3373 2116 3423 gene-

546 3444 677 3494 ravit
703 3440 755 3494 in
785 3443 998 3505 Auster,
1028 3458 1093 3497 ex
1123 3458 1188 3497 eo
1217 3444 1356 3511 quod
1386 3444 1549 3514 656
1576 3448 1641 3496 ab
1673 3445 1802 3513 ipsis
1832 3463 1928 3514 pro
1952 3448 2116 3516 ⁸ῆιιιιιὶς-

548 3536 632 3587 tia:
673 3535 815 3589 cultu
843 3546 899 3590 et
945 3536 1180 3590 bonitate
1209 3536 1446 3604 ejusdem
1492 3538 1720 3593 dilectus
1749 3538 1955 3594 fuisset.
1999 3541 2113 3595 Gri-

549 3625 791 3680 moaldus
819 3626 953 3681 illius
976 3626 1106 3695 ejus,
1137 3642 1255 3680 cum
1285 3636 1426 3681 esset
1451 3636 1723 3694 strenuus,
1755 3630 1819 3682 ad
1843 3631 2007 3684 instar
2027 3649 2115 3699 pa-

551 3722 647 3775 tris
673 3719 905 3788 diligitur
928 3736 957 3774 a
990 3719 1251 3789 plurimis.

624 3811 902 3867 LXXXVI.
932 3812 1057 3865 Utta
1082 3811 1297 3882 quidam
1342 3810 1477 3864 lilius
1508 3810 1702 3866 Uronis
1744 3822 1765 3848 α
1806 3810 2115 3879 domestici,

552 3909 636 3977 qui
673 3906 883 3978 bajulns
909 3904 1157 3975 Sigiberti
1190 3907 1257 3960 ab
1285 3905 1645 3960 adolescentia
1700 3904 1891 3965 fuerat.
1933 3913 2119 3960 contra

628 4031 652 4059 ³
678 4022 863 4076 Nullus
907 4020 1128 4077 fortasse
1171 4022 1316 4075 locus
1353 4028 1536 4073 exstat
1587 4020 1636 4072 in
1684 4019 1928 4081 Francia,
1960 4034 2121 4086 quem

558 4094 731 4163 Reges
743 4092 1442 4163 frequentiusescoluerint.
1466 4089 1635 4159 Vulgo
1659 4090 1854 4163 dii-itur
1881 4088 2119 4163 Compié-

557 4160 669 4231 gae,
714 4163 847 4217 situs
889 4164 1046 4231 paulo
1073 4160 1204 4215 infra
1234 4163 1565 4215 conﬂuentes
1599 4160 1868 4231 Ακονιωίιι
1904 4160 2120 4231 Isarain.

559 4230 690 4289 Vide
736 4233 827 4287 lib.
876 4230 928 4286 tv
974 4235 1040 4287 de
1066 4233 1142 4287 Re
1190 4230 1551 4299 Diplomatica.
1602 4230 1870 4298 Hodieque
1914 4230 2127 4299 co-lebre

556 4315 638 4359 est
659 4304 930 4371 oppidum,
964 4304 1050 4357 ubi
1082 4298 1301 4369 inSIgnis
1327 4300 1534 4353 abbatia
1566 4298 2124 4371 ordinisbenedictini

557 4385 611 4499 ﬁt
626 4369 823 4499 l(fon'gr.
854 4374 1019 4429 sancti
1045 4374 1228 4435 Mauri,
1249 4387 1365 4442 quac
1389 4370 1593 4424 natales
1615 4384 1739 4423 suos
1755 4369 1945 4423 Carolo
1966 4371 2127 4423 Calvo

593 4461 624 4499 e
662 4455 733 4499 et.

593 4455 733 4500 ebet.

2218 3268 2415 3324 silium.
2446 3263 2782 3321 Grimoaldus
2828 3270 2882 3313 et
2928 3256 3292 3326 Adalegiselus
3321 3251 3631 3307 duceshaec
3678 3265 3803 3305 cer-

2220 3372 2430 3425 nentes,
2474 3358 2724 3428 Sigiberti
2771 3352 3058 3422 periculum
3105 3348 3513 3409 zelantes,eum
3560 3343 3804 3413 undique

2217 3456 2332 3507 sine
2362 3447 2760 3505 intermissione
2808 3442 3137 3496 custodiunt.
3195 3438 3473 3491 Boboalux
3526 3437 3805 3487 Arvernus

2216 3559 2336 3597 cum
2365 3553 2514 3609 parte
2544 3536 2805 3590 exercitus
2830 3528 3166 3599 Adalegiseli.
3199 3539 3253 3583 et
3292 3525 3625 3581 Enovalaus
3660 3533 3683 3569 ις
3709 3538 3805 3577 co-

2220 3648 2334 3688 mes
2394 3628 2763 3701 Sugionteusis
2814 3640 2931 3677 cum
2964 3621 3281 3689 pagensibus
3328 3618 3458 3680 suis,
3502 3625 3557 3669 et
3604 3626 3807 3667 caetera

2220 3722 2483 3779 exercitus
2515 3734 2702 3772 manus
2747 3716 2991 3785 plurima,
3026 3721 3212 3765 contra
3258 3708 3543 3762 Radull‘utn
3585 3706 3653 3758 ad
3685 3720 3807 3771 por-

2225 3827 2329 3866 tam
2356 3812 2514 3866 castri
2557 3808 2793 3878 protinus
2824 3802 3156 3871 pugnandum
3190 3808 3563 3868 perrexerunt.
3598 3796 3807 3849 Ratilll‘

2227 3906 2311 3958 lus
2338 3918 2457 3957 Clllll
2507 3902 2770 3971 aliquibus
2806 3896 3027 3950 ducibus
3073 3894 3340 3947 exercitus
3371 3890 3626 3959 Sigiberti
3674 3889 3811 3941 lidu-

2228 4028 2309 4070 tur
2337 4033 2367 4070 α
2396 4017 2533 4069 vobis
2563 4011 2853 4074 monitores,
2876 4025 3000 4075 quos
3024 4006 3218 4077 bajulos
3242 4004 3421 4072 vulgus
3448 4000 3684 4077 appellat
3705 4044 3718 4061 ,
3751 4020 3811 4056 ne

2229 4089 2445 4156 gloriam
2472 4096 2686 4156 vestram
2707 4071 2848 4156 inter
2871 4071 2924 4132 sc
2966 4071 3394 4156 ipsi’purtiuntur.
3446 4071 3583 4151 Hinc
3617 4086 3811 4135 magna

2232 4141 2547 4211 auctoritate
2565 4141 3002 4220 pollebant,quod
3029 4141 3387 4220 nt'pluriinunl
3412 4141 3811 4220 otnnia‘eorum
3884 4154 3888 4158 ‘

2233 4241 2360 4315 nutu
2396 4211 2601 4307 ﬁereni.
2636 4224 2709 4276 Dc
2740 4222 2819 4275 his
2848 4211 2963 4273 fuse
2992 4226 3046 4273 et
3072 4211 3280 4271 erudite
3324 4212 3541 4267 disserit
3569 4211 3811 4279 Caugius

2232 4300 2283 4352 in
2314 4300 2602 4351 Glossario.

2304 4366 2331 4406 ἀ
2359 4370 2507 4422 Colb.
2539 4384 2551 4418 :
2578 4364 2802 4434 Cumque
2826 4377 2960 4434 anno
2980 4357 3036 4434 9.
3056 4356 3145 4411 Sic
3171 4356 3295 4434 legi_t
3324 4352 3620 4424 Sigibertus
3643 4351 3813 4406 Gem—

2235 4440 2496 4495 blacensis
2525 4438 2577 4489 in
2604 4426 2867 4488 Chronico
2918 4429 3102 4491 Freh.,
3131 4443 3220 4479 an.
3251 4426 3303 4478 7.

637 4491 834 4568 ἵὸοιι).
870 4524 921 4566 et
947 4514 1107 4568 Freb.
1134 4530 1147 4565 :
1179 4512 1305 4566 Post
1340 4513 1501 4581 fertur
1525 4511 1647 4563 anni
1668 4511 1934 4563 circulum.
1967 4511 2122 4574 Bob.,
2154 4506 2207 4566 Ι)
2236 4491 2280 4495 Γ
2303 4491 2470 4562 etiam
2501 4507 2566 4581 de
2597 4506 2851 4581 bacnvoce
2882 4499 3076 4581 aliquid
3123 4491 3623 4581 observavimus
3657 4491 3815 4581 notis

560 4587 797 4639 circulus.
828 4583 1068 4638 Circulus
1114 4584 1202 4638 ille
1231 4586 1350 4636 anni
1392 4593 1512 4649 post
1541 4582 1774 4635 thesauri
1808 4581 2125 4635 divisionem

563 4654 990 4722 interpretandus
1033 4664 1134 4716 est,
1167 4669 1268 4705 non
1301 4667 1429 4704 vero
1468 4663 1585 4713 post
1615 4650 1834 4717 Eganis
1875 4662 2121 4715 mortem,

566 4737 791 4794 uterque
821 4726 963 4777 enim
994 4739 1133 4777 anno
1173 4724 1277 4777 640
1304 4722 1736 4794 obiit_._Pippiuus
1761 4722 2000 4794 sepultus
2046 4732 2129 4794 est

564 4792 760 4853 Laud—is
786 4795 849 4849 ad
880 4794 1065 4848 Getam
1096 4808 1301 4846 amnem
1351 4794 1401 4848 iu
1436 4792 1711 4845 llasbaniae
1751 4803 1805 4845 et
1832 4792 2126 4845 lii-abaritia:

562 4866 816 4931 eonﬁnio,
865 4880 1003 4919 nunc
1027 4863 1214 4933 exiguo
1242 4863 1458 4932 oppido,
1493 4862 1627 4915 haud
1672 4864 1849 4921 procul
1888 4879 1915 4914 a
1947 4877 2127 4933 mona-

565 4938 799 4994 naStBriO
841 4936 1011 4990 sancti
1046 4932 1327 4987 Trudonis.
1361 4934 1490 4988 Vide
1520 4933 1609 4987 lib.
1643 4947 1692 4985 tv
1732 4934 1799 4986 de
1832 4936 1907 4985 He
1959 4932 2126 4998 Diplo-

566 5014 781 5064 matica.
814 5008 895 5061 Ab
922 5020 988 5060 eo
1016 5007 1132 5059 loco
1162 5004 1417 5073 Pippinus
1458 5003 1793 5055 Landincnsis
1831 5019 2126 5072 ciignmnen

565 5082 791 5149 accepit.
823 5078 1035 5149 Corpus
1058 5076 1192 5145 ejus,
1214 5085 1422 5149 postea
1454 5075 2128 5149 Niviuellaiutrauslaturn,

564 5144 710 5218 juxta
735 5144 973 5205 sanctam
998 5144 1315 5203 Gertrudem
1349 5160 1498 5200 suam
1527 5147 1689 5218 ipsius
1713 5145 1869 5199 tiliam
1901 5144 2129 5210 deposi-

570 5216 681 5275 tum
711 5233 824 5285 est;
875 5218 1013 5288 quod
1046 5218 1422 5271 monasterium
1454 5218 1545 5269 lita
1565 5216 1846 5288 ejusnsor
1877 5229 2131 5288 cuuisam

564 5303 649 5345 cta
674 5284 936 5346 Gertrude
955 5298 1346 5345 construxerat.
1364 5288 1543 5342 Sancti
1564 5286 1762 5350 Pippiui
1789 5284 1947 5337 visam
1970 5284 2127 5335 (lbet--

569 5365 687 5416 nius
708 5373 851 5417 tomo
873 5363 915 5424 Ι,
938 5374 989 5414 et
1018 5360 1301 5415 Bollandus
1323 5358 1410 5413 die
1433 5361 1494 5411 si
1522 5357 1819 5415 Februarii,
1841 5372 1944 5422 quo
1967 5354 2131 5420 ipsius

568 5432 758 5487 festum
785 5435 993 5495 colitur,
1016 5431 1287 5485 exhibent.

644 5513 667 5541 ε
702 5503 885 5567 Ches.,
932 5494 1178 5563 Beronis;
1224 5502 1320 5563 al.,
1382 5498 1587 5559 Vronis,
1650 5498 1871 5567 Virom’s.
1926 5494 2129 5567 Eronis,

570 5572 774 5625 Amnis.
809 5565 965 5632 om...
1019 5569 1226 5624 Vrones.
1277 5570 1492 5635 llajulus
1538 5571 1676 5639 regis
1706 5566 1999 5639 dicebatur,
2042 5565 2129 5632 qui

570 5643 690 5713 ejus
735 5642 1064 5696 educationis
1091 5656 1273 5693 curam
1322 5636 1991 5713 liabebat;:unde_vulgus
2038 5649 2132 5713 eos

576 5705 845 5769 munitores
893 5712 1212 5777 appellabat,
1243 5718 1299 5761 ut
1328 5716 1473 5774 patet
1508 5724 1571 5762 ex
1605 5709 1734 5775 Lupi
1762 5705 2131 5777 Ferrariensis

570 5784 778 5840 abbatis
807 5774 940 5852 epist
952 5774 977 5833 .’
992 5779 1080 5846 64,
1109 5780 1173 5832 ad
1203 5778 1447 5832 tlarolum
1474 5792 1648 5848 regem
1677 5794 1690 5829 :
1724 5776 1771 5830 Ν
1782 5793 1841 5828 οη
1872 5774 2133 5825 admitten-

2234 4582 2298 4634 ad
2329 4578 2661 4649 Gregorium.
2700 4575 2935 4649 Bannum
2972 4564 3064 4649 'est
3090 4568 3320 4620 edictum
3346 4580 3439 4649 seu
3468 4564 3815 4616 denuntiatio

2235 4636 2466 4716 alicujus
2486 4650 2583 4702 rei.
2616 4643 2948 4712 Quandoque
2988 4641 3152 4716 etiam.
3189 4636 3496 4716 sumebatur
3525 4647 3625 4701 pro
3654 4647 3815 4716 pruna

2234 4723 2298 4776 iis
2316 4704 2414 4789 qui
2446 4735 2550 4772 non
2598 4704 3093 4789 obtemperaverant
3142 4707 3374 4789 inﬂicta;
3402 4704 3537 4757 sicut
3581 4714 3637 4756 et
3665 4704 3814 4789 heri:

2235 4772 2295 4845 ba
2304 4772 2461 4844 nimim
2483 4772 2876 4859 (l‘arrt’ére-lian)
2898 4782 3036 4835 mulc
3049 4793 3145 4859 am
3157 4778 3399 4859 signabat
3416 4788 3600 4859 eorum
3620 4788 3660 4859 ξι
3669 4774 3719 4825 ui
3745 4772 3814 4827 ad

2232 4842 2521 4915 tibicinii}.
2552 4860 2628 4912 ire
2656 4842 3016 4924 neglexerant.
3049 4848 3166 4924 Non
3194 4842 3348 4913 plane
3368 4844 3603 4899 exolevit
3620 4842 3814 4924 har‘um

2232 4912 2427 4986 vocum
2454 4912 2599 4983 usus.
2635 4912 2845 4980 Etenim
2884 4922 3039 4973 hodie
3067 4912 3293 4971 dicimus
3322 4930 3601 4984 conuoqucr
3617 4913 3683 4986 ‘lc
3711 4912 3815 4964 bon

2235 4982 2291 5054 1’;
2309 4982 2681 5057 l‘urriérc-ban,
2717 5004 2771 5048 et
2797 4997 2900 5047 étre
2921 4993 3014 5043 mis
3034 5006 3100 5041 au
3129 4995 3224 5040 ban
3245 4990 3306 5040 de
3328 4982 3573 5057 l’entpi'rc.
3604 4982 3746 5057 Quin
3762 4993 3815 5037 et

2236 5078 2531 5139 nuptiarum
2585 5054 3024 5137 proclamatioues
3071 5061 3122 5113 in
3174 5058 3417 5112 ecclesiis
3466 5056 3581 5109 ﬁeri
3625 5054 3817 5107 Solitas

2236 5145 2425 5195 bunum
2455 5139 2698 5193 dicimus.

2314 5194 2501 5264 riunt
2551 5208 2813 5276 plerique,
2870 5201 3063 5276 Fguin
3110 5200 3273 5276 ﬁlium
3310 5194 3564 5276 _Chro_gldi
3612 5194 3819 5276 πετριεηε

2236 5262 2377 5335 cum.
2551 5262 2675 5332 cum
2701 5262 2885 5335 'Freln,
2916 5262 3143 5333 Faram';
3173 5279 3225 5321 ct
3251 5270 3401 5329 inira,
3432 5262 3621 5337 Eunt;
3642 5263 3814 5337 Clam,

2243 5334 2570 5425 Γάταυὶίκςιιο
2600 5334 2950 5425 Chrodoaldo,
2974 5353 3092 5425 etc.
3116 5340 3267 5425 ilum.
3295 5348 3349 5388 et
3392 5334 3542 5425 lzlditi.
3561 5334 3807 5425 compl‘uo

2242 5440 2348 5485 res.
2375 5406 2646 5478 exercitum
2676 5416 2914 5485 Sigiberti
2966 5410 3246 5470 trucidatis,
3280 5408 3418 5474 quod
3465 5414 3552 5459 est
3600 5406 3796 5456 tuendo

2238 5511 2523 5625 sulti|lloli.,
2556 5556 2861 5631 Sagotirtsis.
2888 5552 3039 5606 Colb.
3063 5547 3277 5631 ‘et‘e-diti
3306 5546 3575 5631 plerique,
3604 5542 3811 5631 Errem-

2240 5634 2353 5687 laus
2371 5613 2686 5702 'Sigiézengi.
2715 5629 2783 5695 (le
2814 5622 3101 5702 .S'untgarui).
3132 5613 3329 5702 Chesn.
3357 5625 3413 5702 et
3444 5613 3629 5702 Ιίῖιηξζ)Ἰ
3661 5613 3819 5667 Ναι-

2239 5686 2417 5758 ista“;
2436 5686 2534 5767 ἴθι
2610 5686 3331 5757 Ιηηὸυαιαιιδξίεηουαιαειιε,
3360 5697 3413 5740 et
3443 5686 3523 5740 sic
3552 5686 3709 5739 intra.
