4020 6194
136 260 232 316 661

1562 262 1905 321 CIIRONICU
1915 262 1981 316 Μ.

3305 273 3405 329 ϐϐὶ

135 380 269 435 ciam
303 378 551 445 haberet,
583 379 724 451 quod
751 396 913 452 super
941 380 1113 451 ipsum
1142 397 1249 438 non
1278 384 1567 437 voluissent
1596 382 1722 437 viri-
1752 377 1800 437 Α
1831 378 2058 455 ideoque
2083 396 2187 436 non
2218 383 2821 454 mancipaviteﬂ'ectum.
2841 387 3076 458 Cumque
3099 388 3406 444 Erchinoal-

138 475 233 529 bus
257 474 495 540 irruere,
518 474 587 528 de
604 486 782 529 castro
818 490 914 543 per
936 486 1143 544 portam
1166 490 1538 545 prorumpens,
1559 490 1723 543 super

137 567 441 620 exercitum
486 565 735 637 Sigiberti
762 582 886 622 cum
914 567 1027 621 suis
1054 566 1297 633 irruens,
1332 576 1475 621 tanta
1519 576 1725 636 strages

140 672 168 710 a
213 657 455 711 Iladulfo
488 674 609 712 cum
648 659 760 713 suis
790 660 857 713 de
901 662 1139 715 exercitu
1185 660 1434 730 Sigiberti
1483 660 1624 724 litur,
1671 667 1727 713 ut

139 749 329 802 mirum
377 750 582 806 fuisset.
630 732 1008 820 Magancenses
1039 754 1089 806 in
1120 753 1222 808 hoc
1244 750 1428 822 praelio
1455 767 1560 805 non
1609 750 1725 805 fue-

141 853 256 895 runt
290 841 506 897 ﬁdeles.
552 842 849 913 Ferturque
879 844 949 899 ibi
984 845 1211 913 plurima
1256 842 1421 898 millia
1451 843 1724 896 hominum

138 931 298 988 fuisse
346 934 616 989 trucidata
646 935 839 1006 gladio.
888 937 1147 991 Radulfus
1176 944 1381 1006 patrata
1411 934 1630 989 victoria
1674 936 1725 988 in
1754 930 1760 937 ’

140 1034 376 1079 castrum
437 1025 751 1094 ingreditur.
805 1026 1101 1096 Sigibertus
1155 1040 1278 1079 cum
1321 1026 1433 1079 suis
1480 1024 1728 1078 ﬁdelibus

139 1116 285 1185 gravi
312 1116 697 1173 amaritudinis
741 1133 973 1172 maerore
1021 1128 1292 1186 arreptus,
1340 1130 1501 1183 super
1533 1129 1727 1184 equum

144 1210 353 1277 sedens,
383 1197 851 1280 lacrymas'oculis
880 1224 1256 1281 prorumpens,
1282 1208 1567 1278 plangebat
1593 1222 1729 1277 quos

145 1301 452 1367 perdiderat
478 1318 493 1357 :
526 1310 582 1356 et
611 1301 757 1357 Bobo
784 1301 916 1375 [ΑΛ.
945 1300 1117 1372 Bodo]
1146 1303 1274 1369 dux,
1299 1310 1353 1356 et
1381 1298 1732 1354 IEnovallaus

146 1406 343 1457 comes,
369 1401 429 1448 et
445 1394 628 1449 caeteri
656 1394 911 1449 nobilium
942 1392 1221 1448 fortissimi
1255 1401 1577 1463 pugnatores
1597 1433 1612 1457 ,
1634 1405 1731 1446 seu

146 1495 197 1538 et
236 1488 472 1555 plurima
506 1502 693 1541 manus
720 1488 989 1543 exercitus
1017 1486 1269 1555 Sigiberti
1298 1485 1457 1554 regis,
1490 1484 1577 1549 qui
1604 1497 1725 1537 cum

149 1578 271 1644 ipsis
300 1579 353 1632 in
380 1581 768 1648 congressione
794 1580 1104 1635 t-ertaminis
1128 1587 1311 1634 essent
1330 1577 1588 1647 aggressi,
1604 1591 1733 1631 con-

149 1670 403 1738 spiciente
434 1671 725 1741 Sigiberto,
755 1672 854 1726 hoc
882 1672 1064 1739 prmlio
1080 1671 1289 1725 fuerunt
1302 1670 1572 1725 trucidati.
1597 1668 1729 1723 Nam

1828 474 1927 528 dus
1946 487 1999 530 et
2017 475 2339 532 Flaochatus
2363 478 2594 549 majores
2615 480 2805 537 domus
2828 482 2965 536 inter
2985 498 3045 538 se
3065 483 3218 552 quasi
3244 500 3405 537 unum

1830 564 2075 621 iniissent
2104 569 2389 623 consilium
2408 612 2423 637 ,
2456 573 2850 627 consentientes
2880 574 2944 627 ad
2976 574 3240 639 invicem,
3268 576 3408 629 nunc

1830 659 2049 729 gradum
2070 660 2308 726 honoris,
2327 664 2638 718 alterutrum
2668 666 2914 720 solatium
2948 667 3267 734 prmbentes,
3289 666 3373 722 dis
3395 704 3405 709 ρ

1831 762 2034 818 ponunt
2083 752 2281 806 habere
2320 753 2567 809 feliciter.
2599 756 2920 811 Flaochatus
2948 758 3154 812 cunctis
3181 758 3407 812 ducibus

1830 841 1897 896 de
1939 856 2104 912 regno
2143 842 2307 914 659
2353 845 2690 914 Burgundiaz,
2720 863 2813 903 seu
2852 858 2906 903 et
2946 850 3281 919 pontificibus
3312 867 3409 918 per

1833 930 2155 997 epistolam,
2184 934 2344 987 etiam
2374 944 2428 989 et
2456 938 2806 993 sacramentis
2837 939 3099 1007 ﬁrmavit,
3128 942 3411 1011 unicuique

1832 1025 2057 1092 gradum
2093 1026 2311 1081 honoris
2341 1037 2395 1083 et
2422 1028 2871 1097 dignitatem,seu
2898 1042 2953 1087 et
2973 1033 3258 1087 amicitiam
3291 1047 3411 1101 per—

1839 1126 1999 1185 petuo
2027 1132 2367 1173 conservare.
2393 1119 2502 1174 Bac
2529 1121 2786 1191 dignitate
2811 1124 3126 1179 sublimatus
3156 1125 3409 1179 Flaocha-

1835 1219 1918 1262 tus
1950 1226 2171 1280 regnum
2202 1214 2515 1282 llurgundize
2540 1227 2878 1286 pervagatur,
2896 1218 3174 1272 consilium
3199 1218 3423 1276 assidue.

1834 1305 2029 1370 iniens,
2064 1308 2294 1373 priorem
2337 1308 2696 1374 inimicitiam,
2727 1325 2828 1380 qua
2868 1311 3045 1365 cordis
3082 1326 3278 1366 arcana
3316 1312 3425 1366 diui

1835 1398 2123 1463 celaverat,
2158 1414 2485 1466 memorans,
2507 1398 2868 1457 Willebadum
2903 1402 3181 1472 patricium
3211 1404 3411 1459 interﬁ-

1832 1502 1957 1544 cere
1980 1488 2317 1557 disponebat.

1910 1579 2021 1635 XC.
2049 1579 2382 1637 Willebadus
2429 1599 2550 1636 cuin
2597 1594 2745 1639 esset
2791 1585 2981 1654 opibus
3026 1586 3324 1651 abundans,
3357 1595 3412 1641 et

1837 1672 2188 1741 plurimorum
2238 1672 2516 1728 facultates
2561 1673 2787 1744 ingeniis
2830 1676 3059 1732 diversis
3101 1676 3408 1743 abstollens,

150 1771 200 1814 ct
248 1761 537 1817 Fredulfus
561 1772 585 1799 ι
637 1763 984 1826 domesticus,
1034 1762 1124 1831 qui
1168 1772 1223 1816 et
1269 1762 1475 1815 amicus
1524 1758 1730 1813 Radulﬂ
1764 1770 1811 1829 Β
1836 1764 2039 1819 ditatus
2070 1765 2271 1835 inclyte
2304 1765 2515 1829 fuisset,
2547 1777 2598 1821 et
2630 1766 2769 1821 inter
2799 1767 3107 1835 patriciatus
3151 1770 3409 1839 gradum,

151 1853 309 1910 fuisse
334 1857 638 1922 dicebatur,
675 1857 777 1912 hoc
809 1859 990 1926 pratlio
1009 1858 1283 1912 occubuit.
1320 1857 1619 1926 Sigibertus
1640 1870 1731 1908 ea-

151 1946 263 2002 dem
294 1957 453 2002 nocte
488 1963 586 2003 nec
615 1950 797 2018 procul
827 1950 895 2004 ab
925 1951 1043 2019 ipso
1062 1959 1239 2003 castro
1265 1949 1315 2002 in
1348 1948 1595 2002 tentoriis
1615 1962 1735 2001 cum

152 2052 242 2093 suo
287 2041 552 2095 remansit
583 2041 843 2096 exercitu.
878 2040 933 2094 In
980 2043 1273 2096 crastinum
1325 2039 1568 2093 videntes
1594 2037 1736 2106 quod

155 2130 368 2186 Radulfo
394 2132 531 2186 nihil
567 2134 990 2201 praevaluissent,
1022 2132 1202 2187 missis
1229 2130 1657 2186 discurrentibus
1682 2140 1741 2183 ut

156 2219 389 2276 Rhenum
437 2224 661 2292 pacilice
703 2224 870 2295 658
916 2225 1107 2279 iterum
1158 2230 1570 2287 transmearent,
1618 2236 1737 2276 cum

160 2311 353 2367 lladulli
381 2319 766 2369 convenientia
796 2316 1093 2387 Sigibertus
1120 2326 1176 2372 et
1201 2316 1440 2385 ejusdem
1468 2316 1742 2370 exercitus

160 2405 215 2457 ad
247 2408 489 2473 pr0prias
524 2408 682 2463 sedes
715 2417 974 2462 remeant.
1002 2408 1258 2463 Badullus
1283 2408 1532 2477 superbia
1564 2407 1739 2462 elatus

161 2496 216 2548 ad
247 2498 459 2552 modum
501 2504 641 2570 regis
669 2500 719 2553 in
751 2500 1039 2569 'I‘lioringia
1072 2514 1131 2554 se
1156 2514 1277 2554 esse
1308 2497 1583 2579 censebat,
1609 2498 1742 2551 ami-

164 2588 301 2643 citias
323 2606 441 2643 cum
468 2589 707 2644 Winidis
735 2590 976 2653 lirtoaus,
1007 2602 1335 2657 craterasque
1367 2598 1575 2657 gentes,
1608 2602 1742 2655 quas

167 2682 350 2735 riciuas
380 2682 647 2746 habebat,
677 2682 824 2736 cultu
867 2681 1119 2736 amicitia:
1144 2681 1433 2751 obligabat.
1464 2681 1518 2733 ln
1562 2679 1743 2734 verbis

171 2782 329 2828 tamen
358 2776 630 2843 Sigiberto
655 2774 893 2845 regimen
926 2790 1030 2828 non
1049 2775 1370 2846 denegabat,
1395 2773 1489 2829 sed
1514 2774 1565 2828 in
1590 2773 1745 2828 factis

171 2867 361 2923 tortiter
386 2870 634 2938 ejusdem
667 2870 947 2924 resistebat
971 2867 1345 2922 dominationi.

233 2960 326 3012 Aa.
358 2976 558 3017 uchtt.
583 2990 651 2999 —
676 2959 1006 3014 LXXXVIII.
1030 2960 1187 3013 Anno
1215 2958 1276 3011 10
1301 2957 1447 3026 regni
1470 2957 1743 3027 Sigiberti,

176 3050 303 3115 Otto,
329 3053 416 3121 qui
447 3053 716 3107 adversus
745 3051 1111 3107 Grimoaldum
1142 3050 1411 3104 inimicitia
1445 3064 1537 3118 per
1560 3064 1746 3118 super-

1835 1865 1892 1911 et
1939 1854 2223 1910 nimiarum
2270 1855 2580 1911 facultatum
2629 1859 2910 1913 elationem
2958 1860 3219 1927 superbia'.
3268 1872 3412 1917 esset

1837 1948 2081 2014 deditus,
2108 1947 2363 2003 adversus
2396 1948 2737 2004 Flaocbatum
2771 1951 3039 2016 tumebat,
3062 1966 3287 2020 eumque
3315 1952 3413 2007 de-

1839 2042 2050 2111 spicere
2077 2042 2391 2096 conabatur.
2415 2042 2733 2098 Flaocbatus
2762 2044 2999 2099 collectis
3027 2060 3207 2100 secum
3242 2047 3413 2114 ponti-

1842 2131 2029 2187 licibus
2072 2140 2128 2185 et
2171 2131 2394 2186 ducibus
2442 2133 2509 2187 de
2554 2150 2720 2203 regno
2766 2134 3104 2203 Burgundize,
3134 2134 3413 2191 Cabillono

1842 2236 1937 2289 pro
1958 2220 2187 2276 utilitate
2208 2222 2389 2291 patria:
2412 2226 2743 2277 tractandum
2766 2240 2949 2281 mense
2970 2225 3144 2281 Madio
3163 2226 3410 2295 placitum

1840 2312 2088 2369 instituit.
2122 2314 2303 2383 Ibique
2338 2325 2391 2369 et
2417 2313 2750 2371 Willi-badus
2793 2318 3184 2375 multitudinem
3230 2334 3415 2375 secum

1843 2406 2048 2461 habens
2087 2405 2321 2460 advenit.
2352 2405 2669 2461 Flaocbatus
2711 2409 2902 2463 ibidem
2929 2408 3288 2467 Willebadum
3329 2414 3413 2467 in-

1845 2496 2091 2553 terﬁcere
2114 2496 2400 2553 nitebatur.
2418 2498 2543 2552 Haec
2562 2513 2789 2554 cernens
2808 2500 3136 2556 Willebadus
3166 2504 3423 2562 palatium

1844 2589 2015 2644 noluit
2058 2590 2302 2645 introire.
2332 2588 2653 2646 Flaochatus
2683 2592 2813 2647 foris
2841 2604 3028 2648 contra
3053 2592 3412 2650 Willebadum

1847 2681 2200 2749 prmliandum
2231 2674 2561 2750 aggreditur.
2592 2684 2935 2740 Amalbertus
2974 2701 3102 2740 vero
3130 2702 3423 2758 germanus

1846 2772 2123 2827 Flaochati
2173 2772 2241 2826 ad
2290 2773 2585 2840 pacandum
2633 2777 3025 2844 intercurrens,
3070 2777 3158 2832 ubi
3204 2777 3313 2847 jam
3360 2779 3415 2834 in

1848 2867 2225 2936 congressione
2254 2866 2563 2920 certaminis
2590 2864 2876 2938 conﬂigere
2899 2866 3414 2933 debuerant,WiIle-

1848 2961 2019 3016 badus
2043 2960 2407 3015 Amalbertum
2436 2974 2614 3015 secum
2646 2962 2882 3015 retinens
2907 2961 2976 3016 de
3006 2963 3107 3016 hoc
3130 2964 3301 3018 evasit
3330 2979 3421 3030 ρε-

1852 3055 2044 3109 riculo.
2076 3053 2558 3109 lntercurrentibus
2587 3062 2642 3108 et
2666 3053 2874 3109 caeteris
2898 3054 3139 3125 personis
3169 3069 3421 3122 separan-

180 3140 303 3196 liiam
334 3147 595 3208 tumebat.
627 3146 859 3201 factione
888 3144 1205 3211 Grimoaldi,
1235 3159 1263 3198 a
1295 3143 1583 3198 Lenthario
1607 3144 1745 3198 duce
1771 3137 1818 3200 C
1852 3155 1936 3201 tur
1966 3146 2139 3201 illazsi.
2167 3145 2489 3201 Flaochatus
2518 3146 2771 3215 deinceps
2801 3146 3171 3203 vehementem
3197 3147 3363 3202 inibat
3391 3159 3425 3186 ου

183 3232 591 3292 Alamannorum
645 3238 984 3292 interficitur.
1015 3235 1219 3290 Gradus
1264 3238 1484 3291 honoris
1528 3236 1745 3305 majoris

184 3327 355 3383 domus
384 3333 435 3385 in
470 3332 671 3402 palatio
698 3330 971 3400 Sigiberti,
997 3343 1053 3385 et
1080 3333 1225 3385 omni
1253 3347 1417 3400 regno
1442 3332 1748 3386 Austrasio—

185 3432 285 3472 rum
304 3421 352 3473 in
374 3438 533 3477 manu
561 3421 853 3476 Gritnoaldi
876 3422 1219 3477 conﬁrmatus
1240 3420 1745 3476 estveltementerb.

250 3515 341 3568 An.
373 3532 555 3573 nexu.
589 3547 659 3555 —
691 3516 982 3570 LXXXIX.
1014 3518 1169 3571 Auno
1197 3516 1231 3569 Δ
1262 3516 1405 3585 regni
1435 3515 1747 3580 Chlodovei,

189 3618 392 3676 cumque
420 3609 793 3664 Nantecltildis
820 3608 999 3677 regina
1032 3624 1151 3663 cum
1188 3608 1293 3662 lilio
1318 3623 1413 3659 suo
1442 3606 1751 3661 Chlodoveo

193 3709 319 3762 rege,
346 3708 463 3766 post
492 3699 798 3753 discessum
830 3698 1078 3768 Aiganaa,
1104 3698 1403 3752 Aureliauis
1430 3697 1480 3749 iu
1513 3700 1753 3765 Burgun-

192 3785 280 3838 dire
309 3804 524 3858 regnum
557 3791 813 3858 venisset,
835 3789 1011 3857 ibique
1039 3803 1225 3843 omnes
1253 3789 1513 3853 seniores,
1539 3788 1752 3855 pontifi—

194 3891 293 3942 ces,
318 3881 477 3937 duces
517 3891 576 3936 et
616 3883 870 3950 primates
909 3882 978 3936 de
1020 3896 1187 3948 regno
1228 3878 1545 3941 Burgundue
1582 3879 1648 3933 ad
1697 3895 1755 3933 se

198 3971 360 4026 venire
387 3975 643 4043 praecepit
671 3992 683 4026 :
720 3974 901 4042 ibique
929 3985 1151 4028 cunctos
1178 3972 1546 4027 Nantecltildis
1574 3972 1757 4041 singil-

198 4058 323 4114 latim
351 4067 647 4129 attraltens,
673 4066 988 4122 Flaochatus
1014 4075 1059 4130 ι,
1080 4080 1273 4133 genere
1306 4064 1562 4129 Francus.
1590 4064 1758 4132 maio"

200 4148 371 4209 domus
394 4157 443 4210 in
471 4174 696 4227 regnum
724 4158 1063 4228 Burgundite,
1081 4157 1344 4213 elecﬁone
1374 4156 1679 4225 pontificum
1705 4166 1761 4211 et

200 4257 489 4304 cunctorum
543 4252 779 4313 ducum,
820 4268 848 4305 a
898 4250 1247 4305 Nantechilde
1292 4252 1469 4320 regina
1521 4252 1570 4303 in
1619 4249 1759 4302 hunc

203 4335 401 4396 gradum
427 4340 646 4395 honoris
669 4340 919 4396 nobiliter
940 4340 1226 4407 stabilitur,
1242 4350 1562 4410 neptemque
1582 4354 1757 4404 suam,

204 4428 400 4484 nomine
456 4433 850 4503 Ragnobertam
906 4429 933 4469 ἀ
996 4432 1287 4486 Flaochato
1344 4433 1684 4501 desponsavit
1742 4450 1758 4490 :

1847 3240 2132 3294 consilium
2162 3238 2231 3293 de
2262 3238 2478 3292 interitu
2513 3228 2816 3293 Willebadi.
2841 3238 2921 3291 Eo
2948 3252 3089 3291 anno
3117 3236 3423 3292 Nantecltil-

1847 3333 1932 3389 dis
1974 3336 2158 3404 regina
2208 3334 2432 3387 moritur
2464 3331 2509 3384 ί.
2543 3331 2661 3400 Ipso
2703 3344 2847 3385 anno
2887 3343 3076 3385 mense
3123 3329 3433 3398 Septembri

1850 3426 2168 3481 Flaocbatus
2217 3441 2338 3481 cum
2384 3422 2693 3480 Clilodoveo
2744 3439 2898 3496 rege,
2940 3434 2994 3479 et
3042 3423 3423 3487 Erchinoaldo,

1851 3520 2142 3590 itidemque
2189 3519 2390 3589 majore
2436 3518 2659 3582 domus,
2701 3526 2755 3573 et
2802 3517 3063 3587 aliquibus
3114 3516 3428 3586 primatibus

1852 3611 2173 3666 Neustrasiis
2190 3649 2206 3674 ,
2233 3611 2300 3664 de
2340 3609 2608 3664 Parisiaco
2635 3623 2955 3677 promovens
2986 3622 3079 3676 per
3104 3608 3346 3662 Senonas
3373 3614 3429 3661 et

1855 3700 2314 3761 Antissiodorum,
2339 3698 2777 3767 Augustudunum
2819 3707 3203 3757 accesserunt:
3250 3696 3428 3766 ibique

1854 3790 2193 3845 Chlodoveus
2252 3787 2609 3842 Willebadum
2670 3786 2951 3856 patricium
3011 3789 3077 3840 ad
3128 3803 3187 3842 se
3246 3788 3430 3841 venire

1857 3882 2132 3951 przecepit.
2179 3878 2514 3934 Willebadus
2566 3892 2798 3933 cernens
2850 3878 3090 3948 iniquum
3148 3878 3428 3932 consilium

1861 3975 2165 4040 Flaochati,
2192 3984 2246 4028 et
2284 3972 2523 4043 germani
2563 3973 2643 4025 sui
2686 3971 3010 4035 Amalberti,
3045 3970 3332 4041 Amalgarii
3377 3984 3432 4026 et

1859 4064 2231 4121 Chramneleni
2259 4073 2285 4111 ις
2316 4064 2531 4126 ducum,
2559 4062 2625 4115 de
2654 4075 2753 4116 suo
2780 4060 2996 4115 interitu
3025 4059 3190 4116 fuisse
3219 4060 3429 4127 initum,

1860 4160 2115 4229 colligens
2145 4171 2325 4211 secum
2358 4152 2637 4222 plurimam
2670 4153 3066 4208 multitudinem
3094 4153 3162 4208 de
3189 4153 3431 4219 patricia-

1863 4265 1946 4306 tus
1976 4251 2056 4304 sui
2087 4250 2317 4305 termino
2337 4289 2352 4313 ,
2384 4248 2543 4302 etiam
2570 4257 2625 4301 et
2655 4246 2933 4316 pontifices
2955 4288 2970 4311 ,
2992 4261 3087 4301 seu
3115 4246 3353 4311 nobiles,
3380 4259 3435 4301 et

1863 4345 2061 4405 fortes,
2113 4355 2249 4411 quos
2295 4353 2620 4408 congregare
2667 4346 2939 4407 potuerat,
2994 4336 3454 4405 Augustudunum.

1864 4434 2215 4505 gradientium
2257 4433 2359 4486 iter
2388 4429 2632 4497 arripuit.
2663 4429 2756 4484 Cui
2785 4429 2949 4500 σεο
2976 4428 3189 4483 obviam
3216 4444 3245 4481 a
3273 4428 3436 4482 Chlo-

204 4523 445 4581 ﬁDonsalia
479 4524 596 4578 haec
626 4526 805 4579 nescio
833 4539 933 4592 qua
967 4524 1190 4580 factione
1217 4525 1434 4579 fiuntur.
1462 4523 1590 4578 Nam
1619 4526 1759 4581 aliud
1787 4512 1842 4573 Ῑ)
1865 4522 2563 4594 doveorege,Erchinoaldo
2576 4520 2778 4590 majore
2803 4520 3015 4585 domus,
3040 4528 3096 4575 et
3125 4520 3433 4588 Flaochato,

207 4611 469 4667 consilium
508 4625 720 4671 secrete
753 4616 1067 4669 Flaocltntus
1096 4625 1147 4669 et
1176 4615 1538 4670 Nantecbildis
1581 4618 1762 4687 regina

208 4701 581 4770 machinantur,
605 4710 741 4775 quod
773 4709 1008 4762 creditur
1035 4708 1144 4762 Deo
1175 4723 1279 4763 non
1306 4709 1469 4764 fuisse
1495 4709 1761 4780 placibile,

273 4820 293 4889 _'
321 4814 475 4889 ﬁlios.
495 4832 549 4876 et
578 4822 763 4883 Frch.,
792 4820 1126 4889 Freudolfus.

271 4878 508 4967 bAPostea
538 4909 605 4948 eo
634 4878 1171 4967 iiifole_nti;e_devenit
1192 4903 1296 4967 ,_ut
1329 4892 1582 4967 defuncto
1620 4895 1765 4967 Sigi-

215 4946 370 5031 ἕλξω),
392 4946 619 5031 ejusque
656 4946 765 5017 tilio
792 4946 1091 5028 Dagoberto
1120 4946 1171 5016 in
1196 4946 1435 5018 Scotiant
1460 4946 1765 5030 amanda'io,

219 5018 597 5104 flbildebertu'm
634 5034 795 5104 lilium
828 5018 984 5087 suum
1020 5035 1311 5088 Austrasize
1342 5049 1517 5104 regem
1548 5018 1767 5091 salutari

219 5099 441 5174 jusserit.
472 5104 621 5165 Quod
651 5102 858 5174 facinus
892 5104 1041 5171 regni
1071 5105 1358 5170 optimates
1386 5099 1665 5172 detestati,
1691 5119 1770 5174 ty-

221 5173 371 5243 famjo
417 5175 732 5239 exturbato,
783 5173 1145 5227 Grimoaldum
1198 5174 1414 5227 Parisiis
1464 5176 1514 5228 in
1558 5173 1766 5232 vincula

221 5241 495 5315 Emiecere.
528 5245 615 5298 ubi
646 5246 929 5298 defunctus
955 5256 1055 5299 est.
1080 5246 1335 5312 Tuncque
1366 5245 1716 5315 Dagobertus,
1735 5265 1763 5299 a

223 5308 512 5385 Proceribus
540 5316 685 5385 regni
720 5327 1028 5378 revocatus,
1056 5308 1333 5380 paternum
1364 5308 1655 5370 Austrasize
1685 5308 1768 5370 rie-

225 5380 752 5451 guunLacCt-pithna
783 5386 850 5439 de
882 5401 938 5438 re
973 5387 1212 5440 Valesius
1243 5386 1334 5438 lib.
1358 5403 1425 5438 xx
1457 5396 1514 5441 et
1544 5402 1656 5440 χχιι
1684 5404 1770 5442 re-

227 5445 587 5526 ξξιξιιιιῇδιιοῖο.
610 5473 623 5517 ;
650 5445 1014 5509 Henschenius
1038 5456 1089 5509 in
1112 5456 1282 5509 Vitam
1306 5458 1473 5510 sancti
1496 5457 1768 5526 Sigiberti,

226 5505 348 5593 «Ilie‘t
388 5505 587 5587 retin?
604 5505 1052 5581 selinusira'
1072 5505 1773 5593 11άίἑίιίὸῆῖίιίὶιιῗζῖῗῦἱιὶιῖ

232 5570 266 5661 II
294 5581 460 5661 {\clor.
490 5570 794 5649 sanctorum
826 5597 945 5651 ord.
977 5596 1328 5651 Beuedictiui.
1357 5570 1653 5661 Sigibertus
1682 5614 1773 5651 se-

234 5649 396 5737 ntibus
434 5672 513 5714 est
558 5665 609 5718 in
647 5649 1172 5721 monasteriosancti
1204 5649 1775 5737 Martinirqito—d

1870 4619 2209 4676 Ermenricus
2234 4617 2556 4670 domesticus
2579 4613 2841 4683 dirigitur,
2862 4627 2929 4666 eo
2949 4610 3087 4680 quod
3108 4610 3453 4667 Willebadus.

1874 4713 2192 4783 trepidabat,
2222 4720 2395 4765 utrum
2427 4709 2721 4773 accederet,
2752 4722 2818 4760 an
2848 4721 3003 4760 suum
3032 4705 3316 4761 devitando
3346 4721 3440 4774 pe-

1869 4828 1986 4893 ejus
2009 4824 2245 4891 reliquia:
2270 4824 2333 4891 ad
2358 4839 2447 4877 an.
2474 4821 2608 4875 1552
2632 4828 2855 4893 servata:
2886 4820 3254 4893 fuerunt._Q_uo
3275 4834 3435 4881 anno,

1869 4890 2143 4953 destructa
2170 4893 2403 4948 funditus
2432 4895 2597 4947 sancti
2627 4891 2834 4946 Martini
2862 4890 3295 4954 abbatia,delat:e
3315 4899 3440 4942 sunt

1869 4968 2157 5023 Nanceium
2177 5007 2190 5027 ,
2221 4964 2307 5017 ubi
2338 4967 2389 5017 in
2418 4964 2646 5017 ecclesia
2678 4978 2837 5030 quant
2864 4962 3133 5029 appellant
3162 4959 3437 5021 primatia-

1869 5038 1998 5101 lem,
2028 5051 2091 5090 ex
2122 5034 2361 5102 ejusdem
2391 5033 2615 5087 abbatis:
2645 5033 2974 5098 aliorumque
2999 5044 3269 5102 sacrorum
3303 5030 3444 5081 locn-

1872 5097 1994 5183 rum
2036 5097 2222 5183 spoliis
2257 5114 2323 5183 _et
2361 5104 2625 5183 reditibus
2653 5104 2867 5183 dotata,
2895 5097 3200 5170 quiescunt.
3229 5097 3443 5154 Festum

1874 5179 1993 5248 ejus
2020 5176 2210 5229 colitur
2238 5173 2325 5227 die
2354 5175 2379 5227 I
2413 5173 2708 5229 Februarii.

1949 5260 1970 5287 ε
2004 5246 2127 5305 Alii,
2157 5243 2476 5306 Flancadus,
2500 5259 2592 5295 seu
2623 5240 2970 5302 Flaochndus,
2996 5249 3049 5295 et
3076 5240 3152 5294 sic
3182 5239 3312 5294 infra

1944 5320 1974 5356 ά
2002 5316 2154 5371 Colb.
2176 5325 2230 5368 et
2262 5315 2398 5368 Editi
2430 5313 2667 5377 quidam,
2690 5311 3091 5379 Regimbertam;
3118 5311 3210 5375 aL,
3239 5310 3446 5382 Ragim-

1878 5392 2101 5448 bertam;
2127 5387 2347 5449 Cbesn.,
2378 5385 2777 5451 Itagnobergam.

1952 5470 1975 5496 ε
2008 5458 2160 5513 ()olb.
2190 5466 2245 5509 et
2276 5455 2412 5508 Editi
2445 5456 2670 5521 aliquot,
2698 5453 3007 5503 vehementer
3033 5451 3253 5505 minabat
3283 5455 3447 5505 consi-

1881 5532 2027 5583 lium.
2055 5528 2209 5590 Bnb.,
2233 5528 2513 5584 em‘inehat;
2539 5523 2647 5585 alii,
2676 5523 2987 5575 eliminabat.

1962 5598 1978 5637 ί
2015 5599 2225 5663 Sepulta
2256 5605 2339 5649 est
2366 5599 2415 5647 in
2440 5594 2663 5646 basilica
2698 5594 2864 5645 sancti
2900 5592 3155 5660 Dionysii.

1954 5680 1976 5713 ε
2011 5662 2185 5730 Colb.,
2225 5666 2476 5720 Ramlem'.
2529 5663 2669 5717 Ρ]όὶἱὶ
2713 5668 2939 5728 aliquot,
2993 5664 3320 5716 ltorttneteni.‘
3356 5662 3427 5713 al.

236 5712 406 5781 Mettes
448 5714 815 5793 construxerat
856 5738 918 5792 ad
941 5712 1152 5805 Vrinam
1188 5712 1583 5802 Mosellarrubi.
1610 5712 1778 5794 sacrae
1881 5712 2193 5797 Chrainvngl'i‘.
2217 5738 2531 5793 Caramimi.
2557 5746 2610 5790 et
2637 5736 2717 5791 sic
2746 5712 2902 5789 inira.
