4020 6194
573 268 675 319 m5

1515 266 1933 323 FREDEGARII
1977 266 2417 324 SCHOLASTICI
2450 269 2871 325 CHRONICUM.

3716 267 3834 323 664

571 381 793 433 riculum
827 378 1125 447 reps'daret,
1159 387 1216 432 ut
1259 380 1327 434 ab
1369 378 1662 435 Ermenrici
1693 382 2131 450 promissionibus
2163 385 2209 440 Α
2236 384 2480 450 clypeum
2508 384 2790 451 elevasset,
2816 381 3112 437 Manaull’us
3141 397 3261 437 cum
3291 393 3453 439 conto
3482 383 3831 440 Bertnarium

526 510 529 511 ν
573 482 870 542 praeventus
900 487 1065 539 usque
1096 473 1539 543 Augustudunum
1566 476 1965 547 aggrederetur,
1984 491 2140 544 quem

575 567 662 618 ille
689 564 916 619 credens
943 565 1208 633 condigne
1236 564 1368 635 ML,
1400 564 1599 636 dignis]
1631 567 1940 621 muneribus
1968 567 2140 620 bono-

570 662 729 708 .‘avst.
761 656 886 709 Post
917 666 1121 727 tergum
1150 654 1264 723 ejus
1294 655 1734 726 Augustudunum
1763 659 2010 724 accessit,
2040 658 2137 713 ibi-

567 761 670 812 que
712 747 937 800 tentoria
981 762 1099 799 cum
1142 747 1253 801 suis
1290 761 1389 802 nec
1434 747 1617 815 procul
1657 748 1724 802 ab
1767 749 1898 804 urbe
1943 750 2136 818 posuit.

568 836 767 890 Eodem
801 836 892 891 die
926 852 1031 905 quo
1077 836 1272 890 ibidem
1317 845 1745 904 peraceesserat,
1777 837 2080 907 A’gilull‘um
2110 849 2137 878 ⁸

567 927 824 981 Valentiae
854 928 999 981 urbis
1030 928 1339 996 episcopum
1359 969 1372 992 ,
1402 936 1459 983 et
1484 927 1754 999 Gysonem
1785 929 2037 984 comitem
2066 930 2135 984 ad

566 1020 962 1090 prwvidendum
992 1035 1110 1089 qua:
1139 1021 1430 1091 agebantur
1457 1021 1897 1089 Augustudunum
1928 1021 2137 1077 direxe-

565 1120 670 1177 rat,
692 1114 779 1182 qui
809 1128 837 1165 a
873 1112 1158 1167 Flaochato
1189 1113 1242 1167 in
1274 1113 1407 1167 urbe
1431 1113 1622 1167 retenti
1653 1122 1794 1167 sunt.
1821 1114 1875 1167 In
1902 1116 2136 1169 crastino

564 1206 904 1272 Flaocbatus,
930 1205 1262 1275 Amalgarius
1289 1215 1339 1260 et
1370 1206 1810 1274 Cbramnelenus,
1837 1209 1923 1278 qui
1955 1209 2132 1263 consi-

564 1295 690 1350 lium
715 1297 781 1351 de
804 1295 1019 1352 interitu
1034 1297 1310 1351 Willebadi
1336 1299 1656 1352 unanimiter
1675 1301 2131 1370 conspiraverant,

565 1388 632 1442 de
661 1390 791 1444 urbe
815 1389 1199 1459 Augustuduno
1227 1388 1483 1442 maturius
1514 1401 1907 1457 promoventes,
1925 1394 2133 1446 caeteri.

562 1497 662 1546 que
689 1482 849 1535 duces
875 1483 940 1535 de
965 1496 1124 1549 regno
1152 1481 1469 1551 Burgundias
1496 1496 1616 1536 enm
1641 1486 1877 1538 exercitu
1906 1485 1984 1539 eis
2008 1486 2132 1540 sub-

562 1569 867 1637 iunguntur.
888 1571 1274 1625 Erchinoaldus
1293 1585 1412 1625 cum
1439 1571 1760 1628 Neustrasiis
1785 1589 1919 1641 quos
1946 1589 2127 1629 secum

561 1660 816 1723 habebat,
851 1661 1095 1731 idemque
1140 1677 1287 1715 arma
1332 1676 1548 1717 sumens
1578 1662 1642 1717 ad
1678 1664 1778 1718 hoc
1806 1664 2003 1720 bellum
2034 1682 2127 1736 ag-

2249 476 2299 526 in
2348 485 2561 540 pectore
2608 476 2932 543 percutiens.
2963 474 3144 528 caeteri
3170 472 3259 544 qui
3286 489 3407 529 cum
3439 489 3507 530 eo
3534 486 3831 541 venerant,

2246 564 2524 633 ipsumque
2560 565 2718 634 661
2750 564 3174 627 circumdantes,
3202 579 3268 619 eo
3314 564 3457 633 quod
3504 565 3831 620 Bertharius

2244 656 2466 709 nimium
2519 656 2743 723 reliquis
2790 657 3177 724 praecessisset,
3210 655 3517 711 vulneratur
3562 659 3825 725 graviter.

2241 747 2389 802 Tunc
2421 748 2639 802 Aubedo
2663 758 2710 815 ο,
2743 749 2879 803 tilius
2926 747 3207 815 Bertharii,
3236 763 3463 805 cernens
3507 763 3715 818 patrem
3764 753 3825 804 in

2247 839 2485 909 periculo
2516 841 2737 901 mortis,
2770 854 2929 893 cursu
2958 840 3297 895 velocissimo
3335 841 3469 910 patri
3514 841 3827 897 auxiliando

2240 939 2496 1003 perrexit.
2532 933 2793 987 Manaulfo
2821 943 2981 987 conto
3011 948 3263 1002 percusso
3303 934 3355 987 in
3398 943 3646 1003 pectore,
3676 944 3821 990 terra

2237 1024 2556 1090 prostravit;
2585 1032 2810 1076 caeteros
2834 1023 2920 1092 qui
2945 1032 3148 1090 patrem
3171 1033 3545 1092 percusserant
3569 1034 3824 1095 totosque

2238 1114 2524 1169 interfecit.
2554 1114 2648 1170 Sic
2681 1116 3017 1169 Bertharimn
3041 1131 3194 1169 suum
3218 1116 3619 1186 genitorem,ut
3646 1117 3823 1173 ﬁdelis

2237 1204 2397 1272 ﬁlius,
2434 1214 2725 1273 praestante
2755 1205 3001 1268 Domino,
3033 1206 3277 1260 liberavit
3302 1221 3331 1259 a
3361 1214 3553 1260 morte.
3585 1207 3652 1261 Hi
3685 1222 3821 1263 ven.)

2235 1294 2399 1350 duces
2443 1294 2532 1365 qui
2579 1310 2699 1349 cum
2742 1310 2928 1350 eorum
2973 1298 3209 1351 exercitu
3255 1311 3415 1363 super
3456 1297 3816 1353 Willebadum

2235 1384 2442 1439 irruere
2475 1384 2774 1449 noluerant,
2812 1385 3039 1439 tentoria
3077 1384 3383 1453 Willebadi,
3412 1388 3815 1455 episcoiiorum,

2233 1477 2315 1531 vel
2348 1485 2663 1529 caaterorum
2687 1517 2701 1541 ,
2732 1477 2821 1545 qui
2850 1492 2969 1530 cum
2996 1490 3065 1531 eo
3094 1486 3379 1543 venerant,
3407 1470 3774 1545 deprzedando
3794 1520 3814 1544 ,

2232 1567 2516 1636 plurimum
2546 1566 2672 1619 inibi
2702 1568 2814 1619 auri
2842 1574 2897 1620 et
2919 1567 3123 1635 argenti
3149 1571 3365 1635 capiunt
3390 1585 3402 1620 :
3434 1567 3762 1639 reliquisque
3785 1566 3817 1607 ἀ

2232 1660 2393 1713 rebus
2432 1670 2486 1714 et
2516 1660 2780 1729 equitibus
2822 1660 2953 1731 [Al.,
2985 1659 3158 1732 equis]
3201 1664 3268 1715 ab
3309 1664 3392 1717 his
3434 1665 3524 1734 qui
3566 1665 3818 1735 praeliare

560 1749 1158 1815 greditur.Willebadus
1179 1767 1210 1808 e
1233 1763 1417 1807 contra
1442 1753 1545 1807 tela
1573 1756 1739 1822 praelii
1761 1754 1788 1793 δ
1811 1767 2129 1813 construens
2160 1756 2208 1815 Β
2234 1755 2514 1810 noluerant
2559 1757 2791 1824 percepti
2838 1766 2983 1810 sunt.
3016 1757 3108 1810 His
3157 1759 3226 1811 ita
3274 1758 3460 1828 gestis,
3490 1759 3817 1816 Flaocbatus

559 1855 905 1911 quoscunque
953 1842 1122 1911 potuit
1169 1844 1428 1910 adunare,
1466 1846 1751 1916 phalanges
1799 1860 2035 1919 utrmque
2079 1853 2131 1906 in

559 1936 936 2000 congressione
974 1935 1285 1991 certaminis
1310 1936 1607 2006 junguntur
1631 1940 1697 1993 ad
1731 1942 1973 2010 praelium
2019 1961 2031 1995 :
2078 1944 2130 1998 in

560 2038 620 2073 ea
655 2039 823 2090 pugna
858 2026 1207 2093 Flaochatus,
1236 2029 1570 2099 Arnalgarius
1595 2042 1649 2085 et
1676 2029 2126 2104 Cbramnelenus,

559 2127 793 2184 nemque
824 2115 1235 2173 Waudelhertus
1272 2121 1436 2175 ἀυοοεθ
1475 2136 1594 2176 cuin
1640 2124 1752 2178 suis
1791 2125 1841 2179 in
1882 2141 2133 2197 congres-

558 2209 708 2258 siuue
767 2210 1079 2265 certaminis
1136 2222 1321 2265 contra
1369 2212 1728 2270 Willebadum
1794 2223 2129 2288 pugnandum

558 2302 867 2367 conﬂigunt.
892 2303 1022 2358 Nam
1056 2308 1235 2359 caueri
1266 2308 1449 2373 dui‘es,
1477 2311 1556 2364 vel
1583 2311 1891 2377 Nenstrasii,
1917 2318 2003 2386 qui
2034 2335 2132 2373 un-

558 2390 717 2460 dique
759 2393 975 2447 eosdem
1020 2396 1315 2451 debuerant
1354 2402 1706 2468 circumdare,
1737 2420 1795 2458 se
1837 2408 2129 2465 retinentes

555 2484 880 2551 aspiciebant
900 2527 918 2554 ,
945 2499 1314 2557 exspectantes
1342 2504 1590 2549 eventum
1610 2539 1624 2561 ,
1657 2498 1940 2553 noluerunt
1969 2515 2130 2567 super

556 2570 913 2629 Willebadum
945 2577 1182 2645 irruere;
1215 2581 1390 2650 ibique
1417 2583 1743 2642 Willebadus
1773 2589 2126 2648 interficitur:

556 2667 770 2732 plurimi
827 2684 945 2722 cum
996 2672 1111 2738 ipso
1157 2673 1225 2727 de
1270 2676 1382 2728 suis
1425 2676 1602 2745 gladio
1650 2680 1997 2737 trucidantur.
2050 2685 2129 2740 Eo

559 2759 849 2814 certamine
877 2766 1086 2817 caeteris
1128 2766 1327 2831 primus
1369 2766 1678 2823 Bertharius
1703 2784 1882 2827 eomes
1913 2774 2123 2843 palatii,

553 2849 790 2906 Francus
833 2854 899 2907 de
946 2869 1079 2925 pago
1131 2857 1522 2922 Ultra-Iuram),
1552 2872 1734 2917 contra
1766 2863 2124 2925 Willebadum

554 2944 805 3014 conﬂigit.
828 2947 1098 3003 Adversus
1119 2965 1275 3019 quem
1302 2953 1549 3008 frendens
1574 2957 1865 3013 Manaulfus
1887 2961 2130 3034 Burgun-

553 3034 671 3097 dio,
705 3038 888 3092 exiens
917 3040 983 3093 de
1016 3041 1155 3095 inter
1180 3047 1389 3098 caeteris
1415 3061 1534 3100 cum
1562 3048 1672 3103 suis
1702 3050 1957 3107 adversus
1992 3056 2128 3109 Ber-

2236 1849 2287 1903 in
2318 1850 2552 1904 crastino
2581 1850 2648 1904 de
2679 1851 3063 1919 Augustuduno
3093 1866 3443 1920 prominens,
3473 1853 3814 1910 Cabillonum

2237 1942 2489 2008 perrexit.
2522 1940 2793 2010 Ingressus
2823 1941 2873 1993 in
2908 1942 3115 2005 urbem,
3143 1942 3267 1995 urbs
3293 1944 3455 2015 662
3484 1944 3536 1998 in
3565 1949 3811 2002 crastino

2237 2033 2419 2084 nescio
2449 2047 2553 2100 quo
2586 2045 2711 2085 casu
2741 2031 2971 2084 maxime
3000 2040 3105 2084 tota
3137 2032 3385 2088 incendio
3411 2047 3808 2092 concrematur.

2233 2123 2549 2178 Flaoehaius
2590 2123 2789 2193 judicio
2820 2123 2913 2177 Dei
2961 2137 3280 2193 percussus,
3309 2136 3533 2182 vexatus
3561 2144 3595 2182 a
3627 2128 3812 2194 febre,

2232 2220 2524 2274 collocatur
2571 2218 2624 2272 in
2680 2218 2955 2286 scapham.
2987 2230 3175 2273 evectu
3229 2221 3401 2274 navali
3451 2236 3551 2290 per
3598 2225 3811 2280 Ararim

2232 2310 2472 2375 ﬂuvium,
2499 2310 2589 2379 qni
2619 2311 3027 2378 cognominatur
3047 2310 3324 2366 Saoconna
3357 2312 3488 2384 [Al.,
3513 2313 3812 2388 Sagonna],

2234 2403 2484 2455 Latonam
2532 2416 2846 2471 properans,
2879 2403 2929 2455 in
2976 2402 3191 2462 itinere.
3222 2403 3506 2459 undecimo
3544 2407 3637 2461 die
3687 2417 3811 2477 post

2233 2495 2512 2549 Willebadi
2538 2494 2832 2559 interitum,
2851 2495 3029 2549 emisit
3052 2498 3328 2565 spiritum;
3354 2500 3696 2569 sepultusque
3720 2510 3810 2559 est

2231 2589 2283 2641 in
2317 2589 2541 2642 ecclesia
2575 2588 2743 2641 sancti
2778 2587 2997 2657 Benigni
3044 2592 3094 2642 in
3140 2590 3443 2645 suburbano
3472 2591 3810 2649 Divionensi.

2227 2682 2478 2737 Creditur
2517 2696 2545 2733 a
2594 2681 2833 2749 plurimis
2864 2680 2919 2734 hi
2948 2680 3084 2744 duo,
3119 2682 3436 2737 Flaochatus
3462 2692 3516 2738 et
3542 2681 3813 2741 Willeba-

2228 2775 2364 2838 dus,
2399 2788 2463 2826 eo
2494 2772 2632 2841 quod
2666 2773 2829 2825 multa
2864 2771 2916 2826 in
2948 2773 3175 2827 invicem
3208 2789 3301 2841 per
3331 2772 3445 2829 loca
3488 2773 3813 2833 Sanctorum

2227 2865 2295 2919 de
2324 2862 2557 2917 amicitia
2588 2861 2872 2933 obliganda
2902 2872 3233 2917 sacramenta
3263 2864 3550 2932 dederant,
3579 2880 3634 2921 et
3656 2877 3814 2923 uter-

2227 2973 2331 3029 que
2352 2960 2573 3027 populos
2596 2957 2696 3011 sibi
2724 2957 2991 3028 subjectos
3012 2958 3316 3027 cupiditatis
3342 2959 3596 3015 instinctu
3628 2961 3815 3032 inique

2229 3058 2627 3120 oppresserant,
2657 3048 2813 3103 simul
2857 3058 2912 3103 et
2950 3064 2979 3101 a
3025 3049 3184 3104 rebus
3226 3048 3558 3105 nudaverant
3588 3060 3634 3117 ⁸,
3666 3055 3815 3121 quod

553 3126 779 3181 thariuin
829 3132 1209 3203 praeliaudum;
1253 3136 1562 3194 Bertharius
1590 3155 1655 3194 eo
1685 3145 1823 3211 quod
1857 3146 2003 3213 prius
2048 3148 2125 3203 illi
2155 3124 2200 3186 (ἶ
2229 3143 2430 3214 judicio
2463 3142 2555 3196 Dei
2587 3141 2654 3195 de
2680 3154 2870 3195 eorum
2901 3142 3245 3209 oppressione
3274 3141 3493 3198 plurima
3524 3145 3815 3220 multitudo

553 3214 751 3269 amicus
779 3220 983 3287 fuisset,
1004 3221 1190 3277 dicens
1214 3242 1226 3277 :
1256 3224 1385 3281 Veni
1415 3226 1515 3282 sub
1543 3231 1731 3300 clypeo
1760 3248 1900 3299 meo,
1927 3236 1995 3290 de
2025 3239 2124 3293 hoc

552 3308 791 3374 periculo
836 3322 888 3365 te
934 3312 1189 3371 liberabo.
1223 3317 1462 3390 Cumque
1505 3321 1572 3375 ad
1622 3339 1742 3377 eum
1794 3326 2123 3386 liberandum

2230 3237 2450 3290 liberata
2479 3234 2568 3295 sit,
2588 3242 2642 3287 et
2662 3247 2845 3286 eorum
2871 3233 3084 3300 perﬁdia
3110 3241 3165 3289 et
3186 3234 3458 3289 mendacia
3482 3251 3578 3292 eos
3604 3244 3813 3293 utrum.

2228 3343 2333 3398 que
2363 3327 2580 3380 interire
2608 3323 2858 3378 fecissent
2883 3320 2921 3381 τ,

1578 3476 1869 3521 EXPLICIT
1912 3483 2305 3532 FREDEGAB“
2340 3478 2735 3525 CHBUNICUM.

620 3648 647 3722 ς
679 3636 894 3722 ﬁlia-not
926 3636 1084 3706 Editi,
1110 3643 1398 3722 dilulfnm;
1430 3646 1613 3722 Freb.,
1644 3651 1931 3722 Aigulfum.

619 3706 648 3797 ξ
684 3706 1275 3797 Ξτθιιθτιιεηξυερξοεεξῄ·
1303 3706 1580 3797 legendum
1600 3706 1732 3777 esse
1754 3706 1906 3777 telam
1920 3706 2113 3797 iprcelii.

621 3790 644 3817 ε
684 3780 827 3835 Clar.
860 3794 913 3836 et
942 3780 1039 3835 Ch.
1073 3785 1165 3849 al.,
1192 3780 1482 3843 Chaub'edo.

618 3849 645 3934 εξ
768 3862 870 3917 est,
889 3854 1222 3934 reliquusque
1254 3868 1419 3934 res_et_
1431 3859 1644 3934 equites,
1675 3876 1769 3917 seu
1798 3880 1974 3934 equos.

623 3931 662 4003 ε.
686 3923 855 3985 Clar.,
889 3924 1042 3989 Boh.,
1074 3923 1227 4003 Coll).
1254 3938 1309 4003 et
1335 3923 1525 4003 Palat,
1562 3923 1847 4003 in'pOpulis'
1872 3923 1970 3992 sibi
1996 3941 2118 3993 sub-

547 3994 756 4071 iectis...
790 3998 1598 4063 Oppresserautsimulletarebus.
1639 3994 1822 4071 Freh.,
1855 4010 2118 4065 lateribus.

547 4064 938 4148 neutriusque
965 4078 1151 4148 morte
1176 4071 1297 4125 vide
1337 4073 1511 4148 sancti
1534 4071 1685 4141 Eligii
1722 4064 1911 4139 Vitam.
1961 4095 2116 4148 quam

550 4135 1009 4217 si'ripsitfanctus
1029 4140 1345 4217 .Audoenus,
1374 4154 1429 4196 et
1456 4135 1817 4200 Vitam'sancti
1850 4135 2115 4217 Sigiranni

546 4220 671 4259 saec.
705 4221 739 4258 ll
773 4204 1135 4263 Benedictino.

623 4274 643 4356 ζ
687 4275 782 4356 ῌίο
811 4278 1008 4356 desinit
1035 4279 1334 4356 Chronicon
1369 4283 1419 4336 in
1449 4285 1635 4339 codice
1666 4286 2115 4356 Claromonteusi,

544 4345 799 4423 quicirca
904 4361 1108 4418 tempus
1137 4353 1363 4419 scriptus
1391 4355 1619 4421 videtur,
1645 4367 1702 4411 ut
1728 4358 1779 4411 in
1810 4345 2117 4423 praefatione

542 4417 971 4493 disimusleem
1006 4417 1161 4493 taliet
1191 4417 1337 4493 vetus
1378 4426 1545 4479 codex
1574 4417 1661 4493 qui
1692 4417 1821 4480 olim
1858 4428 1955 4483 fuit
1984 4432 2115 4485 Mel-

543 4488 739 4557 ehioris
778 4472 1065 4557 Goldasii,
1099 4472 1166 4544 ah
1209 4492 1542 4549 Heuscbenio
1576 4472 1792 4551 1tomo-l
1841 4472 2111 4557 Februarii
2146 4472 2193 4532 υ

543 4555 874 4613 Bollandiani
922 4555 1164 4615 laudatus
1214 4564 1263 4615 in
1313 4571 1583 4619 observat.
1628 4568 1692 4620 ad
1724 4567 1894 4623 Vitam
1942 4555 2133 4627 sancti.

543 4626 815 4710 §igiberti.
849 4632 1013 4695 Quem
1046 4634 1282 4710 codicem
1306 4636 1633 4710 _ne_fortas.~e
1676 4638 1868 4708 aliquis
1916 4626 2115 4710 imper;

542 4698 734 4777 fectum
759 4699 919 4767 dicat,
952 4712 1092 4777 vetat
1120 4704 1349 4777 clausula
1371 4703 1615 4776 Explicii,
1646 4698 1843 4777 quae'in
1874 4712 1977 4765 ﬁne
1996 4698 2110 4768 Itam

542 4768 729 4824 indicis
773 4786 929 4840 quam
981 4772 1146 4843 ipsius
1180 4768 1721 4845 Cbronici'apposi'ta
1768 4790 1869 4835 est.
1924 4782 1970 4837 ls
2001 4783 2113 4852 ipse

2224 3656 2391 3711 codex
2436 3664 2539 3723 est,
2584 3655 2635 3707 ni
2686 3652 2863 3713 fallor,
2907 3668 3063 3720 quem
3104 3653 3342 3711 Valesius
3384 3658 3562 3712 laudat
3603 3658 3696 3714 lib.
3733 3678 3805 3718 xx

2226 3729 2421 3783 lterum
2455 3726 2696 3780 Francic.
2735 3741 2796 3777 ex
2830 3723 3148 3779 bibliotheca
3178 3727 3465 3783 Cliristinaa
3504 3730 3804 3791 Succorum

2226 3800 2443 3868 reginze.
2496 3797 2633 3868 Quin
2674 3808 2733 3868 et
2781 3796 2832 3847 in
2872 3794 2997 3848 cod.
3047 3795 3365 3863 Boberiano,
3397 3800 3449 3853 in
3481 3816 3586 3868 quo
3615 3802 3805 3858 subse-

2224 3866 2443 3937 quentia
2487 3866 2745 3941 Clironica
2808 3880 3103 3941 omnesque
3157 3868 3459 3923 additiones
3500 3866 3803 3941 habentur,

2223 3936 2451 4007 spatium
2509 3938 2596 3991 hic
2643 3936 2959 4009 relinquitur
3003 3951 3241 4005 vacuum,
3293 3950 3401 3993 tum
3435 3956 3530 4009 per
3567 3936 3802 3998 litteram

2226 4003 2570 4077 majusculam
2605 4009 2760 4060 habet
2792 4003 2981 4079 Igitur,
3008 4018 3136 4079 etc.,
3167 4003 3408 4064 etiindex
3436 4003 3798 4079 capitulorum

2224 4073 2371 4145 Operi
2408 4080 2652 4145 pra'lixus
2688 4076 2882 4130 desinit
2930 4078 2980 4129 iu
3011 4073 3100 4143 89,
3130 4081 3193 4132 de
3218 4073 3581 4135 Williba'diet
3610 4080 3799 4139 Flacc-

2223 4152 2334 4203 aldi
2361 4150 2588 4203 interitu.
2625 4147 2773 4202 Unde
2803 4156 2950 4214 patet
2977 4146 3089 4202 haec
3133 4153 3385 4217 opuscula
3414 4156 3635 4207 omnino
3678 4170 3799 4209 esse

2224 4221 2457 4273 diversa.
2501 4221 2665 4273 Porro
2695 4219 2820 4272 licet
2849 4217 3198 4285 Fredegarius
3225 4222 3551 4276 Chronieum
3600 4238 3745 4277 anno
3765 4225 3799 4278 4

2221 4290 2533 4363 ςξὴιοόρικεὶ,
2572 4290 2658 4357 qui
2700 4290 2929 4357 vulgaris
2957 4302 3077 4363 tera:
3107 4292 3201 4345 fuit
3224 4291 3347 4359 641,
3374 4304 3464 4347 aut
3495 4293 3625 4358 642,
3645 4295 3796 4363 juxta

2226 4360 2419 4414 Valesii
2459 4372 2762 4428 computum
2788 4399 2802 4424 ,
2852 4358 3209 4426 concluserit,
3257 4379 3377 4417 eum
3432 4374 3607 4419 tamen
3645 4358 3796 4422 tultra

2225 4431 2364 4484 hunc
2391 4445 2587 4483 annum
2636 4430 2795 4502 vitam
2829 4430 3140 4502 produxisSe
3166 4443 3307 4501 patet
3337 4450 3400 4487 ex
3432 4450 3551 4502 i-ap.
3584 4436 3678 4500 48,
3709 4436 3795 4490 ubi

2219 4505 2504 4555 Santonem
2531 4515 2620 4553 an.
2644 4500 2712 4553 40
2740 4500 2995 4553 Chlotarii
3032 4500 3190 4569 regis,
3217 4504 3415 4557 Christi
3441 4500 3568 4569 623,
3608 4507 3664 4559 in
3714 4522 3798 4561 re-

2220 4588 2339 4646 gem
2376 4587 2404 4623 a
2436 4571 2966 4646 W_i_n_idis__e_lectum_,
3007 4584 3059 4646 ei
3091 4575 3246 4646 annis
3274 4573 3344 4625 5ἲὶ
3373 4590 3539 4641 regno
3573 4577 3799 4646 potitum

2220 4641 2385 4696 fuisse
2411 4642 2594 4695 scribit
2611 4641 3034 4715 _;_Chindu.~vimli
3066 4644 3226 4698 etiam
3257 4646 3397 4714 regis
3423 4641 3798 4715 Hispaniarum

2220 4723 2444 4766 mortem
2482 4723 2537 4766 et
2575 4713 2674 4765 alia
2717 4723 2994 4778 memorat,
3024 4729 3141 4782 quae
3187 4726 3306 4784 post
3327 4713 3628 4774 Chlodovei
3658 4734 3797 4774 mor-

2220 4792 2326 4837 tem
2364 4785 2719 4852 contigerunt.
