4020 6194
165 262 3410 299 W

447 422 1683 570 FREDEGARII
1791 414 3115 567 SCHOLASTICI

368 685 1607 892 {‘Ihrnnirnm
1754 688 3174 890 continuatum.

1216 1046 2375 1099 ψ

1255 1203 1661 1310 PARS
1712 1202 2278 1361 PRIMA,

1197 1440 1658 1522 AUCTOBE
1788 1444 1917 1523 AN
1925 1443 2060 1524 ΟΝ
2068 1444 2318 1524 ΥΜΟ.

226 1791 384 1862 663
405 1790 539 1845 XCI.
569 1789 730 1860 Igitur
761 1798 786 1826 λ
817 1789 1152 1844 Chludoveus
1181 1788 1317 1843 filius
1351 1786 1635 1859 Dagoherti
1664 1801 1729 1843 ex
1757 1788 1809 1849 Α
1835 1789 2033 1842 Auster
2080 1802 2108 1841 a
2156 1786 2378 1843 Francis
2447 1790 2500 1845 in
2568 1808 2791 1863 regnum
2834 1792 3073 1850 elevatus
3114 1804 3227 1865 est,
3268 1795 3409 1869 apud

164 1898 350 1951 genere
411 1884 833 1953 alienigenarum
881 1884 1117 1953 reginam
1167 1880 1470 1951 accipiens,
1520 1882 1734 1936 nomine

166 1976 556 2030 Baldechildem
586 1974 637 2041 ι),
670 1975 982 2043 prudentem
1012 1984 1170 2045 atque
1195 1976 1490 2043 elegantem
1510 2018 1524 2041 ,
1552 1974 1735 2043 genuit

166 2081 223 2118 ex
279 2080 340 2119 ea
405 2066 546 2120 filios
609 2074 755 2129 tres,
813 2064 1206 2128 Chlutharium,
1270 2064 1623 2119 Childericutn
1680 2070 1736 2118 et

168 2156 590 2210 Throdoricum:
642 2154 974 2223 habebatque
1022 2156 1275 2224 majorem
1324 2154 1512 2209 domus
1555 2156 1731 2223 palatii

171 2250 322 2303 virum
368 2256 649 2301 strenuum
689 2256 849 2316 atque
894 2246 1212 2316 sapientem,
1246 2248 1459 2301 nomine
1499 2245 1735 2300 Erchan-

173 2341 387 2393 waldnm
419 2351 466 2393 ε.
496 2340 833 2394 Chlmloveus
861 2341 1039 2409 itaque
1066 2340 1118 2393 in
1149 2354 1314 2410 regno
1338 2354 1522 2408 pacem
1555 2340 1735 2397 habuit

172 2432 353 2499 alteque
401 2434 564 2485 bello.
618 2433 670 2485 In
718 2434 980 2487 extremis
1027 2445 1156 2486 vero
1195 2432 1316 2485 vita:
1360 2431 1513 2485 annis
1552 2445 1733 2487 amens

174 2523 373 2577 eITectus
422 2525 530 2577 vita
580 2525 790 2589 caruit,
843 2524 1190 2593 regnavitque
1237 2538 1406 2577 annos
1452 2521 1637 2578 decem
1680 2535 1735 2580 et

175 2624 278 2667 oclu
304 2612 349 2667 ἀ.

235 2707 372 2758 Anno
413 2722 594 2760 DCLV].
618 2736 687 2747 —
716 2704 870 2759 XCII.
912 2705 1100 2760 Franci
1132 2721 1343 2773 quoque
1369 2705 1731 2763 Cblotbarium

177 2794 321 2850 lilium
358 2799 473 2870 ejus
512 2799 769 2869 majorem
800 2799 850 2852 in
890 2813 1051 2869 regno
1082 2809 1337 2864 statuunt,
1366 2816 1484 2855 cum
1518 2803 1732 2870 prrefata

178 2888 339 2955 regina
366 2901 557 2945 matre.
584 2890 780 2943 Eodem
807 2889 970 2960 664
998 2907 1207 2959 quoque
1237 2902 1476 2959 tempore
1493 2902 1733 2949 mortuus

181 2987 246 3031 est
268 2979 677 3035 Erchanwaltlus
703 2983 873 3048 major
894 2982 1084 3035 domus
1115 2981 1313 3048 palatii.
1338 2983 1523 3038 Franci
1554 2994 1729 3041 autem

182 3068 221 3121 in
251 3070 441 3126 incerto
470 3074 810 3139 vacillantes,
840 3083 1057 3141 acoepto
1087 3075 1328 3140 consilio,
1359 3076 1649 3132 Ebruinum
1678 3079 1729 3132 in

183 3159 319 3227 hujus
344 3166 567 3219 honoris
597 3181 779 3218 curam
808 3180 870 3220 ac
895 3165 1205 3234 dignitatem
1240 3176 1499 3224 statuunt.

240 3258 330 3309 An.
371 3272 611 3312 ncu.——
636 3257 812 3313 XCIII.
855 3258 1010 3313 Hisce
1036 3259 1219 3314 diebus
1247 3260 1588 3318 Chlotharius
1618 3278 1732 3332 rex,

187 3346 385 3401 ualida
428 3350 580 3405 febre
621 3358 919 3419 correptus,
950 3348 1083 3403 obiit
1130 3351 1182 3404 in
1216 3350 1512 3422 juventute,
1548 3368 1735 3423 regna-

188 3437 339 3503 ritque
365 3456 529 3497 annos
560 3452 786 3511 quatuor
814 3451 860 3496 ο.

244 3529 332 3585 An.
371 3550 597 3591 ncuix.
622 3564 692 3576 —
730 3534 1091 3590 Theudoricus
1133 3550 1263 3590 vero
1309 3535 1474 3591 frater
1517 3538 1635 3605 ejus
1681 3537 1733 3591 in

190 3635 380 3687 regnum
422 3630 710 3693 successit;
752 3626 1084 3682 Childericus
1110 3628 1253 3683 enim
1282 3627 1448 3683 frater
1475 3628 1590 3697 ejus
1626 3626 1646 3666 ⁸
1679 3628 1732 3682 in

247 3795 268 3859 ξ
298 3788 452 3855 llnjus
496 3790 808 3859 appendicis
846 3798 1030 3843 auctor
1066 3788 1111 3843 is
1140 3790 1253 3857 ipse
1281 3796 1384 3852 est,
1415 3796 1473 3859 ut
1501 3786 1733 3859 videtur,

193 3857 262 3926 qui
290 3864 423 3913 varia
450 3857 716 3914 Chronica
748 3861 800 3913 in
832 3877 991 3914 unum
1022 3874 1214 3928 corpus
1242 3858 1478 3929 collegit.
1528 3858 1733 3910 Hialum

194 3943 421 3983 luiturum
470 3931 684 3985 circiter
713 3930 781 3985 59
812 3932 896 3998 qui
929 3930 1251 3985 efﬂuxerunt
1297 3944 1327 3981 a
1359 3932 1461 3983 line
1490 3928 1738 3998 Chroniei

194 3998 464 4067 l‘redegarii
510 4001 581 4054 ad
629 4016 717 4055 an.
750 3997 873 4066 680,
901 4017 1006 4071 quo
1047 4001 1227 4068 incipit
1253 4013 1479 4067 sequens
1508 3997 1739 4052 Chroni-

196 4083 315 4132 cum,
343 4073 491 4131 infra.
522 4087 645 4140 cap.
675 4074 764 4137 97,
795 4071 1059 4137 supplevit
1088 4071 1419 4138 potissimum
1442 4085 1506 4123 ex
1535 4083 1743 4140 anony-

198 4155 270 4213 uto
291 4182 303 4201 ,
333 4142 423 4213 qui
446 4139 602 4197 Gesta
629 4158 804 4213 regum
838 4140 1153 4213 Francorum
1181 4141 1394 4208 scripsit
1434 4140 1535 4213 sub
1559 4139 1737 4193 Theo-

200 4208 359 4280 tlurico
400 4212 639 4273 Calensi.
684 4208 737 4267 et
767 4213 1023 4266 Monacho
1068 4211 1411 4280 Dionysiano,
1458 4210 1737 4280 Gestorum

204 4277 453 4352 Dagoberti
504 4283 726 4352 ejusque
772 4283 862 4335 lilii
912 4277 1221 4335 Chlotlovei
1256 4282 1535 4348 scriptore.
1593 4279 1741 4352 Unde

204 4362 303 4401 cum
332 4351 413 4406 isti
442 4351 688 4409 auctores
715 4356 1017 4421 complures
1042 4352 1257 4405 fabellas
1284 4354 1393 4405 suis
1422 4351 1634 4419 scriptis
1664 4351 1741 4402 iu-

1835 1876 2192 1933 Wulfoaldutn
2224 1879 2436 1934 ducem.

1903 1968 2087 2025 XCIV.
2132 1970 2208 2024 Eo
2241 1982 2476 2039 tempore
2506 1970 2693 2028 Franci
2724 1973 2981 2029 adversus
3009 1975 3298 2032 Ehruinum
3326 1977 3408 2033 in-

1832 2061 1997 2117 sidias
2039 2073 2372 2132 prmparant;
2430 2072 2614 2120 contra
2663 2066 3052 2123 Theodorieum
3104 2069 3405 2143 insurgunt,

1833 2168 2062 2222 eumque
2084 2154 2245 2224 663
2270 2170 2298 2207 a
2331 2170 2494 2225 regno
2518 2156 2775 2225 dejiciunt
2806 2176 2819 2211 :
2852 2158 3027 2214 crines
3065 2160 3259 2228 capitis
3287 2160 3407 2232 ejus

1832 2243 2208 2299 abscindentes
2257 2246 3084 2319 totonderunt,_Ehruinumque
3129 2260 3182 2305 et
3229 2251 3403 2321 ipsum

1836 2334 2079 2399 tundunt,
2111 2343 2167 2388 et
2210 2335 2260 2388 in
2291 2335 2646 2405 Burgundiam
2678 2338 2970 2392 Luxovium
3020 2343 3402 2397 monasterium

1832 2424 2052 2478 invitum
2079 2424 2333 2495 dirigunt.
2366 2427 2590 2497 Propter
2622 2427 2978 2484 Childerienm
3012 2430 3063 2484 in
3089 2430 3285 2487 Auster
3324 2431 3407 2487 le-

1830 2522 2098 2585 gationem
2127 2523 2374 2588 mittunt;
2422 2539 2524 2578 una
2553 2538 2673 2579 cum
2718 2524 2985 2579 Wollaldo
3012 2525 3148 2580 duce
3184 2527 3405 2582 venien-

1835 2624 1964 2679 tem,
1996 2631 2225 2685 eumque
2250 2632 2414 2685 super
2441 2627 2691 2672 cunctum
2732 2633 2953 2687 regnum
2984 2619 3297 2689 suscipiunt.

1905 2704 2058 2759 XCV.
2108 2705 2234 2761 Erat
2263 2708 2406 2762 enim
2437 2709 2548 2777 ipse
2576 2706 2912 2762 Cltilderieus
2944 2724 3038 2762 rex
3085 2710 3215 2764 levis
3244 2720 3406 2776 atque
3462 2766 3467 2769 _

1831 2795 2022 2851 citatus
2054 2799 2232 2863 nimis,
2253 2810 2462 2869 gentem
2496 2799 2822 2853 Francorum
2855 2799 2906 2853 in
2938 2799 3253 2854 seditionem
3284 2802 3405 2857 mit-

1832 2899 1976 2956 tens,
1998 2900 2053 2945 et
2080 2891 2131 2944 in
2160 2890 2466 2945 scandalum
2511 2904 2573 2943 ac
2598 2889 2861 2955 derisum;
2891 2889 3063 2945 donec
3087 2890 3266 2945 odium
3299 2908 3404 2946 non

1832 2978 2094 3034 modicum
2127 2980 2266 3034 inter
2312 2980 2457 3049 ipsos
2494 2980 2660 3034 crevit
2706 2994 2872 3048 usque
2916 2980 2981 3035 ad
3012 2982 3321 3035 scandalum
3352 2994 3406 3038 et

1830 3075 2061 3130 ruinam.
2103 3074 2219 3142 Quo
2244 3074 2643 3141 ingravescente
2672 3089 2830 3127 unum
2862 3073 3120 3128 Francum
3148 3074 3404 3142 nobilem,

1760 3168 1806 3228 B
1834 3168 2049 3223 nomine
2076 3168 2409 3231 Bodilonem,
2437 3165 2503 3219 ad
2532 3166 2764 3233 stipitem
2806 3177 3013 3219 tensum
3044 3166 3252 3221 ctcdere
3280 3182 3407 3221 con-

1833 3269 1917 3317 tra
1967 3261 2137 3331 legem
2186 3262 2458 3330 praecepit.
2505 3256 2758 3314 Videntes
2807 3263 2922 3315 haec
2970 3258 3181 3326 Franci,
3233 3259 3285 3314 in
3332 3260 3407 3318 ira

1835 3368 2023 3422 magna
2046 3354 2319 3417 commoti.
2343 3353 2676 3423 Ingolbertus
2703 3352 2947 3410 videlicet
2973 3364 3027 3408 et
3048 3352 3406 3420 Amalbertus,

1834 3446 1919 3498 vel
1966 3445 2156 3514 reliqui
2213 3444 2442 3514 majores
2496 3452 2622 3498 natu
2667 3430 3034 3509 Francorum,
3087 3442 3406 3501 seditionem

1833 3544 2015 3591 contra
2049 3538 2219 3607 ipsum
2240 3536 2600 3592 Childericum
2628 3538 3049 3593 concitaverunt.

1906 3632 2005 3685 Aa.
2036 3644 2288 3685 ncuxm.
2309 3660 2381 3673 --
2403 3630 2723 3685 Memoratus
2748 3628 2933 3684 Bodilo
2954 3642 3115 3699 super
3138 3642 3260 3684 eum
3285 3640 3409 3685 cum

1839 3788 1967 3842 rint.
1993 3789 2254 3844 Caeterum
2285 3788 2521 3842 Cnintius
2552 3788 2774 3841 multum
2806 3787 3078 3842 invehitur
3118 3788 3173 3846 in
3200 3804 3294 3844 eos
3322 3790 3410 3859 qui

1840 3861 2230 3928 subsequentes
2258 3874 2411 3927 reges
2441 3861 2656 3928 ignavos
2681 3859 3101 3924 appellaverunt.

1913 3938 1937 3966 ο
1961 3930 2261 3995 Legendttm
2284 3929 2682 3995 quatumdecim.
2716 3930 2819 3983 Sed
2848 3938 2968 3995 post
2992 3942 3159 3982 annos
3186 3940 3411 3995 quatuor

1841 4003 1990 4069 regni
2037 3998 2313 4063 Chlotarii,
2339 3999 2674 4069 Chililericus
2698 3999 2887 4069 “ipsius
2930 3998 3093 4052 frater
3121 4002 3412 4055 Austrasim

1842 4067 1933 4124 rei
1968 4071 2135 4124 factus
2162 4080 2262 4135 est,
2296 4084 2434 4123 anno
2458 4068 2661 4123 scilicet
2688 4067 2810 4122 660.
2841 4070 2995 4122 Anno
3018 4084 3145 4121 vero
3169 4069 3293 4135 669,
3321 4070 3411 4126 de-

1846 4140 2027 4195 functo
2066 4141 2367 4203 Chlotario,
2396 4139 2760 4194 Theudoricus
2808 4139 2890 4203 lll,
2924 4140 3195 4207 utriusque
3224 4139 3413 4207 frater,

1846 4211 1898 4265 in
1950 4228 2164 4279 regnum
2210 4212 2466 4265 Neustriae
2510 4218 2564 4263 et
2589 4209 2902 4275 Burgundia:
2949 4210 3206 4274 elevatus,
3256 4213 3413 4279 paulo

1851 4293 1968 4347 post
1996 4298 2026 4336 e
2056 4282 2246 4336 throno
2274 4281 2541 4348 dejieitur,
2574 4280 2911 4347 Ebroinuque
2938 4280 3076 4345 apud
3123 4282 3413 4336 Luxnvium

1851 4354 2111 4421 relegata,
2156 4352 2489 4407 Childericus
2536 4350 2900 4403 monarchtam
2948 4351 3215 4415 obtinuit,
3269 4352 3413 4420 quod

205 4425 542 4491 terseruerint,
572 4439 678 4477 non
708 4410 892 4485 magna
932 4432 1015 4476 est
1044 4422 1181 4491 apud
1212 4423 1353 4478 viros
1381 4410 1619 4476 eruditos
1645 4421 1741 4473 ltu-
1766 4410 1812 4473 C
1843 4410 2027 4477 auctbr
2053 4410 2232 4477 uoster
2264 4424 2366 4476 hoc
2391 4436 2507 4489 cap.
2541 4431 2593 4491 et
2619 4435 2732 4489 seq.
2763 4423 2999 4491 exponit.
3029 4410 3414 4475 Czeterum'ali.

205 4484 275 4549 ius
293 4484 664 4548 eontinuatoris
693 4484 1001 4546 auctoritas.

263 4556 286 4594 δ
316 4560 579 4619 Balthildis
623 4581 686 4618 ex
728 4578 922 4629 genere
949 4564 1242 4617 Saxonum.
1270 4562 1356 4629 qui
1396 4562 1599 4616 scilicet
1622 4577 1739 4616 cum

209 4630 375 4702 Anglis
443 4646 496 4687 et
521 4636 659 4689 .lutis
705 4634 756 4686 in
803 4634 1120 4687 Britanniam
1168 4631 1419 4702 Majorem
1468 4635 1663 4686 saeculo
1712 4647 1741 4682 v

211 4700 519 4772 transierant,
547 4716 753 4767 exorta,
785 4721 849 4757 ex
882 4706 1084 4772 captiva
1136 4719 1184 4753 Ill
1220 4700 1419 4771 regium
1452 4704 1740 4756 thalamum

209 4770 350 4820 ascita
378 4786 478 4842 est.
504 4775 739 4842 Coniuge
774 4770 1024 4827 defuncto
1055 4770 1297 4842 regnum,
1319 4773 1741 4837 administravit;

210 4844 255 4883 et
287 4841 482 4896 tandem
532 4846 580 4898 in
620 4841 995 4899 monasterium
1040 4841 1181 4897 Calze
1209 4844 1349 4910 quod
1394 4845 1743 4895 aedificaverat

211 4910 425 4983 ξςρςεεὶι,
458 4916 631 4983 ibique
681 4916 923 4969 monialis
970 4915 1133 4972 facta.
1165 4914 1293 4965 obiit
1324 4930 1461 4965 anno
1492 4912 1612 4976 63:0,
1658 4914 1743 4963 die

211 4970 673 5055 §0nlauuariisquo
701 4988 888 5040 festum
921 4985 1037 5053 ejus
1082 4970 1350 5055 recolitur.
1372 5054 1385 5055 γ
1408 4984 1575 5036 Vitam
1600 4970 1611 4976 ’
1630 4983 1746 5049 ejus

214 5040 355 5101 habes
382 5040 571 5109 saeculo
589 5040 629 5110 ἰι
658 5040 1016 5119 Ιὶθιιεόίριὶιῖυ,
1047 5070 1163 5122 pag.
1190 5052 1312 5108 773.
1348 5054 1544 5106 Visitnr
1571 5040 1747 5107 etiam-

215 5122 427 5193 "Nugibi
451 5125 563 5191 ejus
593 5129 889 5193 sepulcrum
916 5125 970 5178 in
996 5134 1177 5188 crvpta
1210 5126 1575 5193 subterranea.

276 5192 295 5218 ‘
317 5186 398 5243 Sic
416 5186 559 5248 Cn'lh.
585 5209 635 5251 et
656 5186 766 5253 Pal.
797 5197 949 5260 Boh.,
976 5186 1304 5260 Baldigilden
1333 5192 1745 5246 Herchunoaldo.

215 5246 405 5372 Emam,
432 5246 828 5322 Benedic—ium.—
847 5246 1007 5320 est
1036 5246 1418 5318 Erchinoaldus
1446 5279 1607 5331 supra
1638 5265 1752 5316 lau-

247 5336 366 5377 atus.

269 5388 532 5477 adhltoher”
564 5424 721 5462 annos
756 5422 887 5461 xvtt.
920 5405 1169 5477 Sepultus
1194 5413 1276 5457 est
1306 5405 1355 5455 in
1388 5403 1606 5477 basilica
1627 5418 1751 5477 san-

221 5462 545 5547 f‘lipiunysii.
582 5478 655 5532 Eo
702 5485 954 5547 regnante
996 5462 1226 5547 'multum
1277 5476 1510 5547 crevisse
1557 5474 1750 5547 dicitur

221 5522 450 5614 M‘ajurun;
471 5522 653 5599 domn;
680 5522 929 5614 potentia,
961 5561 1077 5613 qua!
1104 5559 1165 5596 eo
1197 5546 1406 5595 demum
1436 5544 1666 5607 devenit,
1695 5555 1751 5598 ut

222 5593 303 5663 mi;
333 5593 496 5670 Pulsis
1035 5593 1063 5597 ﬂ
1074 5593 1171 5668 sibi
1207 5593 1430 5667 tandem
1445 5593 1462 5595 ν
1478 5593 1748 5681 hilﬁbé’uél

1845 4498 1932 4561 qui
1965 4496 2291 4548 recentiores
2319 4490 2645 4547 Chlntarium
2680 4491 2731 4543 in
2764 4490 2981 4561 basilica
3014 4494 3182 4545 Sancti
3214 4492 3415 4561 Diony-

1844 4559 1909 4617 sii
1934 4566 2197 4631 sepultum
2225 4564 2387 4617 fuisse
2415 4562 2678 4631 scribunt;
2704 4562 2794 4614 Sed
2824 4559 3161 4615 verisimilius
3186 4572 3268 4616 est
3292 4559 3415 4617 eum

1848 4636 1898 4687 iu
1950 4628 2273 4689 monasterio
2310 4632 2520 4687 Calensi
2568 4628 2731 4685 fuisse
2779 4631 3100 4699 depositum,
3136 4633 3225 4686 ubi
3253 4633 3417 4687 etiam

1847 4720 1986 4757 nunc
2026 4706 2141 4771 ejus
2185 4706 2485 4770 sepulcrum
2525 4717 2645 4755 eum
2686 4702 2850 4768 ipsius
2896 4704 3069 4766 effigie
3120 4702 3323 4771 lapidea
3350 4704 3418 4758 ah

1845 4776 1997 4827 annis
2023 4770 2234 4827 circiter
2256 4775 2358 4827 ’ῖου
2390 4774 2589 4838 sculpta
2618 4772 2932 4825 ostenditur.
2966 4772 3227 4827 Caeterum
3257 4770 3419 4827 Chlo-

1845 4844 1962 4897 tarii
2011 4860 2206 4897 annum
2254 4847 2466 4898 tertium
2518 4842 2567 4895 in
2600 4857 2794 4895 annum
2825 4842 2928 4896 659
2960 4844 3208 4897 incidisse
3251 4842 3418 4895 fusius

1849 4916 2038 4980 prohat
2074 4925 2256 4968 noster
2287 4916 2552 4967 Mabillun.
2584 4923 2727 4965 tomu
2767 4912 2827 4966 III
2881 4915 3119 4968 Analeet.
3150 4928 3215 4966 ex
3250 4913 3418 4965 veteri

1849 4985 2195 5049 insrriptione
2223 4985 2421 5038 codicis
2470 4999 2569 5037 ms.
2598 4984 2949 5049 Fossatensis,
2978 4999 3095 5051 qua:
3125 4985 3200 5036 sic
3229 4980 3418 5051 habet:

1849 5055 1993 5106 Anna
2020 5057 2286 5109 rentesimo
2315 5065 2423 5121 post
2446 5054 2781 5123 explicionem
2812 5049 3008 5105 muneri
3035 5054 3195 5106 sancti
3230 5049 3419 5123 Victori

1849 5126 2071 5194 epist-api
2098 5125 2281 5176 ciclum
2308 5118 2742 5192 recapitulantem,
2775 5140 2904 5174 anno
2934 5124 3081 5175 tertio
3110 5122 3281 5175 domm'
3303 5118 3421 5174 Clo-

1852 5196 2001 5247 tharii
2031 5197 2159 5263 regis
2184 5195 2390 5255 indolis,
2416 5210 2477 5246 ex
2492 5197 2639 5262 justo
2669 5194 2824 5263 ipsius
2847 5194 3122 5263 principes,
3163 5197 3238 5245 vet
3271 5207 3421 5259 gene-

1852 5270 1991 5317 frt'ra'
2017 5261 2121 5318 suis
2150 5264 2401 5333 pm’relsaz
2446 5261 2646 5333 acum
2667 5261 2941 5333 Ball/tilde:
2973 5263 3178 5333 regione,
3206 5270 3311 5317 etc.

1932 5334 1951 5372 ί
1982 5331 2185 5389 Omissa
2216 5351 2314 5387 una
2360 5335 2495 5387 linea
2541 5331 2667 5383 etliti
2700 5334 2775 5384 sic
2807 5331 3001 5383 habent
3032 5349 3045 5385 :
3081 5331 3422 5386 Theodericus

1855 5423 1970 5457 vero
1998 5411 2156 5473 frater
2182 5406 2231 5457 in
2260 5405 2487 5463 Austria,
2513 5401 2651 5467 quod
2676 5418 2710 5473 7a
2744 5415 2870 5453 vero
2896 5403 3133 5473 aberrat;
3165 5417 3284 5455 nam
3314 5403 3422 5470 jam

1857 5472 2337 5529 IUIICChlithrICUS
2377 5473 2628 5539 regnabat
2673 5472 2724 5524 in
2754 5473 2983 5524 Austria.
3019 5472 3264 5525 Meudum
3298 5475 3421 5535 hoc.

1855 5552 1993 5615 quod
2026 5546 2149 5599 viris
2174 5545 2395 5601 eruditis
2437 5542 2702 5613 negotium
2745 5542 3100 5609 Iacessiverat,
3142 5558 3244 5613 ope
3290 5558 3417 5601 mss.

1857 5632 2177 5671 δωωνιιιιυε.
