4020 6194
80 217 190 273 373
984 220 1378 277 CHRONICUM
1410 223 1921 281 CONTINUATUM.
1968 230 2140 286 PARS
2178 231 2514 290 SECUNDA.
3252 244 3356 297 67-}

77 332 199 386 acie
233 331 296 384 in
333 330 538 386 Coatia
560 331 579 354 ⁸
600 331 750 395 silva,
784 331 965 386 contra
994 333 1484 395 Theudoaldum.et
1508 337 1686 391 lendes
1717 341 1765 398 Α
1859 339 2009 393 CVII.
2048 341 2243 397 Deinde
2267 343 2539 400 Coloniam
2564 348 2745 402 urbem
2777 364 3041 415 reversus,
3071 355 3237 421 ipsam
3270 357 3353 409 οἱ·
3420 418 3425 421 ῆ

83 421 317 490 Pippini
348 422 656 491 quondam,
699 434 857 491 atque
879 422 1240 479 Grimoaldum
1272 426 1297 463 ιι
1329 428 1495 482 iniere
1523 439 1694 483 certa—
1796 429 2009 483 vitalem
2038 433 2178 499 cepit
2204 448 2491 488 reseratam
2523 453 2535 489 :
2586 437 2800 503 prmfata
2851 440 3178 495 Plechtrndis
3237 444 3356 497 the-

84 531 238 570 men.
301 515 646 585 Corruitque
686 515 759 573 ibi
815 516 1132 575 immodicus
1178 519 1463 574 exercitus.
1519 521 1693 575 Theu-
1794 530 1979 572 saures
2010 521 2172 587 patris
2210 522 2290 576 sui
2316 525 2365 579 ei
2396 524 2642 595 reddidit,
2687 537 2742 581 et
2766 538 2954 582 cuncta
2984 545 3080 583 suo
3120 532 3358 587 dominio

85 606 335 662 dualdus
390 605 576 675 itaque
628 619 660 660 a
704 606 976 660 sodalibus
1005 608 1117 662 suis
1166 624 1259 677 per
1298 609 1473 679 fugam
1516 612 1694 677 lapsus
1794 609 2044 663 restituit.

84 701 295 756 evasit.
356 702 558 768 Magna
617 707 673 755 et
718 699 887 754 valida
942 702 1267 768 perturbatio
1300 712 1355 756 et
1398 705 1694 771 persecutio

90 792 312 848 exstitit
344 792 502 863 apud
531 799 740 861 gentem
775 792 1124 849 Francorum.

164 880 289 935 CV.
321 878 545 935 Eodem
593 890 830 950 tempore
885 893 1009 937 tunc
1036 884 1310 953 elegerunt
1347 888 1398 940 in
1438 887 1692 946 honorem

91 970 329 1041 majoris
392 972 651 1026 domatus
696 972 975 1040 quemdam
1015 972 1293 1037 Francum,
1347 979 1558 1033 nomine
1590 983 1692 1033 Ba-

92 1062 423 1133 ganfridum
476 1072 543 1126 c;
593 1073 965 1133 commotoque
1018 1072 1252 1121 exercitu
1307 1068 1481 1124 hostili
1529 1086 1693 1139 usque

1868 722 1963 772 AN.
2010 735 2255 775 nccxvm.
2287 753 2355 763 —
2397 723 2591 794 Regem
2640 729 2740 782 sibi
2789 729 3087 799 constituit,
3133 734 3347 788 nomine

1794 808 2181 867 Chlotharium.
2231 813 2563 885 Chilpericus
2606 819 2783 890 itaque
2810 836 2865 877 et
2904 823 3251 893 Raganfridus
3283 828 3357 881 le-

1793 898 2057 965 gatienem
2098 903 2162 955 ad
2212 904 2484 960 Eudonem
2532 909 2719 964 ducem
2768 911 3021 983 dirigunt,
3055 914 3170 984 ejus
3207 918 3359 971 auxi-

1794 986 1923 1039 lium
1958 990 2285 1056 postulantes
2314 1006 2517 1063 rogant,
2552 1013 2769 1067 regnum
2800 1011 2824 1046 κ
2881 1014 2934 1057 et
2984 1020 3201 1060 munera
3247 1017 3358 1061 tra-

97 1157 308 1211 MOsam
374 1155 601 1209 ﬂuvium
650 1165 957 1226 properant,
1006 1169 1195 1213 cuncta
1225 1170 1509 1215 vastantes.
1559 1162 1691 1218 Cum

98 1244 370 1300 Radbodo
402 1243 545 1298 duce
572 1245 741 1301 ftedus
765 1245 1014 1301 inierunt.
1046 1248 1137 1301 His
1162 1250 1350 1304 diebus
1371 1250 1559 1305 Carlus
1582 1253 1691 1307 dux

96 1353 125 1391 a
156 1338 396 1406 praelata
452 1336 645 1391 femina
683 1336 999 1393 Plechtrude
1027 1339 1128 1395 sub
1158 1341 1395 1396 custodia
1426 1344 1691 1413 detentus,

100 1429 195 1486 Dei
216 1429 447 1483 auxilio
478 1429 731 1483 liberatus
757 1437 859 1484 est.

165 1524 272 1576 Au.
315 1536 528 1577 nccxv.
558 1549 631 1561 -
673 1520 806 1575 CVI.
857 1520 1058 1576 Eodem
1088 1531 1325 1593 tempore
1367 1525 1693 1595 Dagobertns

102 1630 192 1668 rex
222 1615 389 1678 obiit,
444 1614 792 1682 regnavitque
826 1618 996 1668 annos
1020 1615 1270 1684 quinque.
1322 1614 1511 1671 Franci
1559 1631 1689 1671 vero

1794 1075 1945 1130 dunt.
1978 1077 2067 1133 Ille
2094 1095 2304 1149 quoque
2350 1083 2503 1138 hoste
2538 1084 2627 1156 [Id
2646 1097 2736 1151 est,
2782 1091 3042 1164 exercitu]
3067 1093 3359 1149 Wascono-

1795 1180 1909 1219 rum
1943 1179 2209 1223 commoto
2264 1168 2287 1206 ι’
2336 1173 2401 1227 ad
2450 1190 2541 1228 eos
2572 1179 2807 1244 veniens,
2858 1185 3054 1249 pariter
3098 1185 3358 1241 adversus

1794 1254 2004 1309 Cat-lum
2037 1271 2405 1325 perrexerunt.
2437 1265 2504 1316 At
2532 1265 2620 1317 ille
2646 1278 2954 1324 constanter
2983 1282 3037 1325 et
3064 1273 3359 1343 intrepidus

1794 1342 1872 1397 eis
1892 1357 2173 1400 occurrere
2203 1357 2467 1417 properat.
2504 1352 2652 1405 Eudo
2685 1357 2898 1410 territus
2925 1360 3064 1426 quod
3110 1342 3357 1419 resistere

1796 1447 1899 1485 non
1953 1436 2174 1502 valeret,
2222 1438 2445 1507 aufugit.
2475 1441 2667 1496 Carlus
2721 1447 2993 1503 insecutus
3018 1465 3137 1504 eum
3194 1468 3358 1523 usque

1797 1521 2047 1591 Parisios,
2078 1525 2283 1596 Segona
2332 1530 2493 1584 ﬂuvio
2525 1542 2766 1600 transito,
2808 1553 2974 1607 usque
3010 1521 3356 1597 Aurelianen-

1794 1624 1905 1665 sem
1936 1614 2117 1668 urbem
2144 1620 2486 1686 peraccessit,
2516 1630 2572 1675 et
2599 1624 2686 1676 vix
2716 1627 2971 1695 evadens,
2998 1633 3253 1687 terminos
3276 1650 3356 1688 rc-

104 1706 434 1761 Danihelem
468 1704 735 1773 quondam
763 1704 1041 1771 clericum,
1099 1707 1320 1761 caesarie
1367 1708 1553 1776 capitis
1577 1723 1693 1762 cre-
1723 1702 1770 1762 B
1794 1705 1965 1774 gienis
1990 1721 2100 1761 sua:
2127 1711 2445 1775 penetravit.

102 1810 288 1852 sceute
311 1797 368 1849 iu
405 1812 633 1865 regnum
660 1797 953 1861 stabiliunt,
983 1804 1139 1865 atque
1165 1796 1519 1867 Chilpericum
1557 1814 1691 1853 nun-

99 1898 294 1955 cupant
321 1887 376 1941 ἀ.
406 1888 609 1941 Iterato
636 1888 847 1955 quidem
880 1896 1118 1954 tempore
1161 1898 1428 1942 commoto
1452 1889 1689 1945 exercitu

104 1991 290 2034 contra
333 1989 702 2035 memoratum
752 1980 962 2034 (larium
1011 1977 1266 2049 dirigunt.
1304 1982 1379 2034 Ex
1409 1982 1511 2037 alia
1544 1991 1689 2051 parte

103 2073 260 2126 iidem
291 2088 426 2127 cum
456 2072 612 2126 hoste
650 2070 740 2144 [Id
771 2082 864 2135 est.
910 2072 1171 2144 exercitu]
1224 2072 1526 2128 Frisionum
1558 2090 1687 2130 ven-

107 2172 224 2215 turo
251 2161 583 2215 Radbodum
615 2161 803 2216 ducem
850 2162 1091 2216 invitant.
1124 2161 1321 2217 Contra
1363 2180 1521 2232 quem
1554 2181 1688 2235 pra:-

104 2255 271 2307 dictus
297 2255 383 2306 vir
411 2254 609 2308 Carlus
637 2267 755 2307 cum
786 2252 1027 2309 exercitu
1056 2268 1154 2308 suo
1191 2269 1538 2335 consurgens,
1567 2274 1686 2313 cer-

104 2353 277 2399 tamen
323 2342 566 2399 invicem
601 2345 831 2399 inierunt
860 2361 875 2398 :
924 2345 1016 2400 sed
1048 2360 1154 2401 non
1196 2349 1460 2403 modicum
1492 2350 1686 2406 ibidem

106 2450 391 2505 perpessus
416 2449 508 2492 est
534 2441 786 2490 damnum
808 2436 876 2491 de
904 2438 1031 2492 viris
1058 2439 1286 2493 strenuis
1314 2451 1471 2506 atque
1495 2442 1687 2496 nobili-

106 2528 226 2595 bus;
256 2544 606 2598 cernensque
635 2530 815 2582 laesum
843 2530 1137 2584 exercitum
1159 2538 1307 2599 terga
1327 2531 1488 2602 673
1508 2538 1679 2587 vertit.

118 2617 457 2690 Chilpericus
486 2623 725 2690 posthaec
747 2629 796 2672 ct
828 2620 1199 2689 Haganfridus,
1247 2622 1476 2679 adunata
1508 2615 1684 2679 hostiTi

110 2708 272 2775 plebe,
308 2710 665 2767 Arduennam
693 2710 881 2764 silvam
932 2720 1227 2775 transeunt,
1276 2711 1346 2767 ab
1396 2713 1497 2767 alia
1538 2724 1685 2782 parte

110 2804 454 2869 prtestelaute
472 2804 731 2857 Radhodo
751 2802 904 2867 duce,
922 2818 1042 2858 cum
1057 2805 1293 2859 exercitu
1314 2819 1410 2859 suo
1432 2807 1684 2863 hactenus

112 2890 386 2949 Coloniam
425 2897 616 2948 urbem
673 2910 831 2963 super
881 2894 1123 2950 Rhenum
1173 2895 1388 2951 fluvium
1432 2914 1683 2966 pervene-

113 2995 247 3048 runt,
270 2986 529 3053 regiones
562 2985 678 3038 illas
722 2985 919 3052 pariter
945 2995 1230 3043 vastantes.
1263 2989 1477 3043 Munera
1515 2992 1679 3046 multa

1860 1819 1961 1873 Au.
2008 1834 2220 1874 nccxix.
2253 1850 2324 1862 -—
2369 1823 2728 1893 Cbilpericum
2781 1843 2961 1897 regem
3006 1845 3186 1886 secum
3240 1851 3355 1889 cum

1789 1908 2051 1963 thesauris
2082 1913 2346 1966 sublatum
2373 1915 2576 1969 evexit.
2627 1916 2964 1974 Chlotharius
2992 1920 3168 1991 itaque
3194 1924 3354 1995 674

1790 2015 1882 2055 rex
1909 2016 1972 2055 eo
2005 2017 2145 2055 anno
2173 2003 2305 2057 obiit
2338 2000 2383 2059 ί.

1860 2119 1958 2168 ΑΝ.
2009 2129 2198 2171 uccxx.
2236 2127 2316 2155 '—
2343 2128 2498 2172 Anno
2554 2120 2796 2175 iusecuto
2818 2122 3001 2179 Carlus
3048 2141 3141 2195 per
3169 2131 3352 2186 missos

1788 2216 1913 2256 suos
1944 2204 2198 2258 amicitias
2220 2220 2339 2260 cum
2372 2208 2588 2264 Eudene
2616 2211 2751 2266 duce
2778 2213 3000 2282 faciens,
3028 2218 3095 2271 ab
3120 2233 3185 2273 eo
3218 2236 3351 2288 prae-

1787 2298 1984 2352 dictum
2016 2298 2371 2367 Chilpericnni
2413 2319 2587 2372 regem
2636 2320 2756 2359 cum
2815 2312 2997 2364 multis
3048 2315 3352 2368 muneribus

1786 2391 2004 2457 recepit.
2059 2389 2391 2459 Veniensque
2441 2394 2622 2448 urbem
2672 2395 2936 2452 Noviomo
2993 2411 3058 2468 ι,
3100 2412 3213 2470 pes’
3245 2419 3350 2457 neu

1786 2477 2006 2529 multum
2036 2487 2241 2547 tempus
2281 2495 2491 2535 cursum
2525 2483 2647 2537 vitae
2678 2497 2731 2538 et
2780 2502 3002 2556 regnum
3051 2494 3251 2561 amisit,
3303 2507 3354 2549 et

1784 2578 2026 2624 mortuus
2050 2580 2150 2635 est,
2182 2574 2525 2643 regnavitque
2552 2591 2720 2631 annos
2747 2593 2859 2633 sex.

1854 2684 1953 2736 AN.
1987 2699 2195 2739 nccxxi.
2224 2716 2291 2725 —
2329 2687 2445 2754 Quo
2478 2698 2616 2743 mort
2638 2705 2706 2755 ιο,
2740 2692 3131 2752 Theodericum
3160 2715 3339 2770 regem

1784 2782 2079 2829 statuerunt
2110 2777 2160 2829 in
2185 2777 2364 2831 sedem
2393 2782 2560 2849 regni,
2591 2787 2676 2851 qui
2711 2783 2851 2838 hunc
2878 2786 3050 2842 locum
3097 2793 3217 2845 solii
3268 2809 3352 2849 re-

1783 2867 1916 2935 galis
1943 2868 2150 2923 obtinet
2175 2866 2221 2935 ιι,
2256 2871 2409 2925 annis
2443 2878 2562 2926 vitae
2585 2876 2739 2929 simul
2765 2880 3100 2945 praestolatis.

1854 2984 1952 3038 AN.
1997 2998 2241 3038 occxxiv.
2282 3013 2354 3024 --
2398 2986 2489 3041 His
2520 2988 2590 3040 ita
2618 2990 2832 3054 evulsis,
2867 2992 3053 3047 Carlus
3097 2996 3340 3066 princeps

110 3080 159 3125 et
186 3076 463 3129 thesauros
507 3089 537 3128 a
583 3076 795 3142 prmfata
847 3076 1163 3131 Plechtrude
1210 3079 1533 3146 accipientes
1587 3098 1675 3136 re-
1709 3072 1754 3136 C
1785 3074 2052 3130 insecutus
2091 3076 2227 3131 idem
2274 3078 2668 3148 Raganrriduln’
2725 3085 3024 3156 Andegivis
3078 3093 3349 3148 clvilatem

116 3162 247 3218 versi
266 3175 392 3218 sunt
418 3174 471 3221 θ.
502 3164 611 3221 Sed
638 3166 690 3219 in
716 3167 818 3229 via,
849 3167 898 3219 in
924 3167 1066 3233 loco,
1088 3171 1173 3237 qui
1193 3169 1386 3224 dicitur
1405 3172 1681 3239 Amblava,

114 3251 173 3306 ab
196 3258 432 3311 exercitu
454 3255 602 3312 Carli
630 3258 831 3323 grande
853 3264 1085 3325 perpessi
1108 3268 1232 3315 sunt
1250 3260 1522 3319 damnum.
1555 3264 1684 3319 Suc-

117 3344 310 3400 cedenti
342 3358 613 3415 tempore,
637 3348 846 3407 Carlus.
877 3363 1145 3404 eotnmoto
1188 3353 1449 3422 exercitu,
1497 3368 1682 3413 contra

124 3433 471 3505 Chilpericutu
503 3450 559 3493 et
592 3438 966 3507 Raganfridum
999 3441 1210 3495 direxit.

178 3525 272 3578 Aa.
312 3542 551 3582 nccxvtt.
594 3557 664 3568 —
700 3528 900 3582 Bellum
933 3530 1161 3583 inierunt
1189 3532 1274 3587 die
1319 3534 1584 3591 Deniinica
1621 3538 1675 3593 in

117 3608 537 3686 Quadragesima.
568 3617 883 3671 duodecimo
911 3618 1173 3673 Kalendis
1206 3622 1420 3691 Aprilis,
1468 3625 1517 3678 in
1564 3626 1681 3681 loco

120 3717 401 3777 nuncnpato
428 3710 688 3764 Vinciaco
723 3708 767 3772 τ.
814 3712 865 3763 iu
913 3726 1045 3782 pago
1094 3710 1486 3781 Cameracensi,
1522 3720 1680 3773 nimia

119 3797 246 3851 cede
285 3801 516 3855 invicem
565 3801 736 3854 collisi
762 3811 903 3855 sunt.
945 3802 1279 3858 Cbilericus
1309 3815 1363 3858 et
1405 3805 1681 3874 Raganfri-

121 3881 206 3937 dus
230 3884 440 3955 devicti,
470 3891 523 3943 in
551 3888 724 3958 fugam
748 3889 880 3957 lapsi
913 3901 1051 3959 terga
1082 3900 1350 3945 vertentes
1375 3908 1676 3961 evaserunt,

121 3993 239 4044 quos
257 3984 440 4041 Carlus
464 3996 799 4056 persecutus,
829 4001 996 4055 usque
1019 3987 1249 4043 Parisios
1270 3989 1532 4046 civitatem
1558 4007 1679 4062 pro-

125 4076 328 4137 vetavit.

198 4196 221 4226 ι
250 4188 465 4259 Chcsn.,
490 4178 669 4256 Critia;
700 4192 873 4257 Colb.,
904 4210 954 4248 in
978 4195 1167 4263 indice,
1193 4194 1361 4249 Gotia.
1396 4197 1487 4251 Est
1515 4198 1672 4255 Coeia

125 4254 239 4345 s’ilva
283 4276 399 4345 cum
437 4254 565 4345 vico
610 4254 923 4345 cognomine
963 4281 1125 4333 prope
1156 4254 1554 4334 'Compeudium
1599 4254 1675 4345 (le

128 4322 326 4405 {Oﬁélje
355 4332 552 4405 Cuise),
579 4349 641 4388 ex
672 4322 848 4389 Cestis
878 4322 1068 4389 Franc.‘

1785 3166 2013 3232 obsedit,
2041 3180 2240 3223 vastata
2268 3172 2452 3231 eadem
2481 3174 2715 3243 regione,
2747 3192 2866 3231 cum
2899 3181 3137 3247 plurimis
3168 3188 3352 3253 spoliis

1785 3260 2071 3317 remeavit.

1854 3373 2027 3430 CVlll.
2074 3374 2177 3431 Per
2203 3376 2341 3433 idem
2378 3384 2585 3448 tempus
2617 3380 2994 3437 rebellantibus
3023 3385 3342 3452 Saxonibus,

1783 3465 1973 3519 Carlus
2002 3469 2249 3537 princeps
2271 3471 2489 3524 veniens
2518 3485 2611 3526 eos
2644 3477 3035 3541 prmoccupavit
3074 3492 3137 3532 ac
3167 3480 3352 3536 debel-

1785 3558 1929 3620 lavit,
1960 3559 2231 3628 victorque
2272 3563 2575 3615 revertitur.

1856 3678 2206 3729 An.nccxxv.
2251 3705 2321 3717 --
2369 3676 2646 3732 Succiduis
2701 3680 2907 3743 diebus,
2963 3688 3178 3738 evelute
3225 3700 3349 3740 anui

1784 3770 2009 3830 circulo,
2060 3768 2357 3821 coadunata
2403 3770 2670 3837 agminum
2715 3773 3069 3839 multitudine,
3111 3774 3350 3831 Rhenum

1783 3858 2003 3913 ﬂuvium
2037 3858 2259 3922 transiit,
2298 3858 2725 3925 Alamannesiue
2780 3873 2835 3916 et
2886 3864 3091 3921 Suaves
3134 3867 3349 3935 lustrat,

1783 3967 1950 4019 usque
1983 3949 2272 4004 Danubium
2302 3953 2644 4019 peraccessit,
2672 3954 2867 4021 illeque
2910 3965 3256 4024 transmeato,
3288 3961 3342 4014 fi.

1785 4058 1877 4098 nes
1908 4039 2302 4097 Baioarenses1
2355 4044 2651 4111 occupavit.
2701 4044 2929 4100 Subncta
2974 4050 3188 4118 regione
3232 4052 3346 4117 illa,

1780 4211 1959 4257 censet
1988 4210 2043 4254 ut
2064 4213 2269 4252 summo
2294 4208 2345 4253 et
2373 4196 2658 4269 regiojure
2687 4200 2739 4253 in
2769 4202 3046 4269 Aquitania
3086 4219 3342 4263 uteretur.

1781 4274 2020 4327 Cointins
2057 4286 2184 4323 vero
2215 4268 2341 4322 nihil
2390 4268 2536 4322 aliud
2565 4284 2629 4322 ex
2662 4272 2761 4325 hoc
2809 4268 2923 4347 leco
2967 4275 3147 4329 inferri
3194 4294 3346 4347 posse

1781 4341 2074 4407 ροηιεηάίι,
2108 4356 2263 4410 quam
2295 4354 2568 4413 coronam,
2616 4356 2733 4413 quae
2780 4344 2973 4409 passim
3017 4349 3152 4413 apud
3185 4341 3344 4405 medii

188 4394 323 4491 b'Sic
370 4394 573 4460 habent
616 4407 962 4470 exemplaria,
1003 4406 1281 4474 legendum
1331 4417 1503 4461 tamen
1553 4408 1674 4465 Gri-
1706 4424 1754 4482 ι)
1780 4394 2150 4467 m'viaucto'res
2178 4394 2647 4491 regnumndicitur,‘
2678 4394 2897 4466 ben'eris
2924 4394 3080 4469 causa
3122 4420 3187 4471 ad
3233 4421 3344 4475 Eu-

188 4471 427 4491 _,J._,,
529 4475 613 4491 η.
1122 4476 1422 4491 .
1796 4483 1806 4491 .
2208 4482 2216 4491 .

128 4469 330 4548 ρρηιᾴὴ
376 4490 497 4548 nam
527 4469 865 4548 Grinioaldus
895 4469 1226 4538 tunc."sicut
1275 4486 1328 4530 et
1375 4477 1490 4546 ejus
1522 4494 1671 4548 pater

133 4530 382 4605 Pippinus,
407 4546 641 4598 defuncti
667 4554 839 4599 erant.

195 4615 214 4682 ξ
244 4609 367 4682 ςρά.
402 4615 584 4679 (3011),,
620 4614 997 4681 Raginfridum,
1028 4625 1079 4665 et
1111 4617 1187 4669 sic
1209 4630 1420 4682 semper
1443 4617 1595 4671 infra.

192 4670 214 4708 ει
242 4678 324 4730 Sir:
352 4683 549 4739 Cliesn.
572 4670 841 4738 'Ain'izdin
873 4670 996 4738 cuiu,
1018 4684 1147 4739 Bob.
1175 4697 1226 4738 «ιι
1251 4670 1400 4741 cuin
1430 4670 1665 4743 {Frdhci

133 4754 232 4795 vero
258 4748 594 4819 Chilpericum
638 4757 902 4823 quemdam
945 4772 1112 4825 regem
1143 4759 1531 4814 constituerunt.
1563 4759 1670 4815 lte-

134 4824 246 4865 l'ﬂlO.

199 4889 219 4914 ⁸
256 4883 420 4953 Colb.,
449 4890 744 4947 Blictrudw.
774 4892 915 4947 Idem
941 4905 993 4947 et
1022 4895 1175 4958 Boh.,
1208 4907 1413 4964 accepta
1442 4914 1669 4953 reversus

301 4964 488 5022 grande
517 4966 709 5033 accepit
748 4965 1011 5017 damnum.
1047 4965 1208 5017 Porro
1241 4959 1373 5021 inter
1408 4969 1556 5020 villas
1585 4985 1667 5023 re-

137 5026 231 5104 ξιεικ
258 5025 532 5086 Austrasize
561 5025 851 5102 Sigibertus
869 5034 1047 5102 junior
1072 5035 1371 5087 Amblavam
1402 5050 1664 5104 recenset,

140 5079 277 5176 (1³ης)
297 5079 595 5176 ξομιδῇἦῶ
619 5079 948 5169 ῗιῐῖροείιδῖη.
982 5104 1231 5176 ᾼιιιὺιίινα
1262 5106 1473 5167 fluvius,
1503 5080 1660 5176 vulgo

140 5155 332 5228 Amble],
362 5155 494 5223 haud
527 5155 722 5236 proculr
744 5155 790 5225 jar
837 5155 1148 5227 Statiulvusi
1186 5155 1239 5226 et
1263 5155 1664 5231 ‘Maiiii'dunaﬁo

141 5236 441 5311 ξξξιιξμδιεήίς
460 5240 602 5311 lluit,
645 5242 974 5311 proindeqne
1001 5259 1140 5296 circa
1172 5246 1303 5297 lines
1332 5247 1664 5303 Celoniensis

138 5301 182 5338 et
207 5291 502 5362 Leuilieusis

204 5358 401 5450 flanti"
458 5358 1058 5450 Viiicecea‘Viuciacum
1102 5377 1261 5450 hodie
1312 5382 1521 5436 vicu'us
1577 5392 1679 5450 est,

140 5438 488 5519 {illlnleslanle
541 5451 756 5513 Mirmo,
800 5448 1097 5519 appellatur
1128 5448 1179 5501 la
1205 5449 1363 5503 Cense
1409 5453 1471 5505 de
1512 5438 1679 5519 Vinci,

143 5495 265 5588 [tituli
303 5495 482 5588 procul
507 5495 1470 5588 art-iie‘pvai'die
1481 5495 1680 5582 D'eub‘a't;

141 5578 293 5657 [mining
319 5577 503 5657 Paulus
535 5577 684 5642 Diae:
711 5590 801 5641 lib.
825 5606 873 5643 Vl
904 5577 1039 5642 Hist.
1073 5577 1232 5647 liam.
1259 5606 1375 5657 cap.
1407 5577 1495 5647 32.

205 5648 226 5684 ε
261 5643 483 5710 Valesius
536 5659 616 5714 his
667 5661 840 5714 verbis
897 5644 1212 5728 permissum
1267 5643 1676 5722 Eudoui'fuisse

1776 4483 1969 4537 donem
2003 4482 2365 4534 transmissam
2394 4481 2578 4535 fuisse.

1846 4552 1874 4590 ¹ι
1905 4552 2033 4606 ΒοΙι.
2069 4568 2081 4602 :
2116 4549 2204 4603 Illi
2231 4552 2389 4619 (forte
2420 4564 2511 4617 pro
2534 4547 2653 4619 Ille)
2682 4567 2880 4620 quoque
2900 4553 3091 4608 [testem
3121 4575 3345 4615 commn-

1772 4634 1879 4678 ιαηι
1903 4627 2019 4691 (prii
2060 4623 2395 4693 committens)
2422 4625 2489 4674 ad
2530 4624 2866 4688 eosveniens,
2908 4630 3118 4693 pariter.
3154 4631 3337 4687 Editi:

1772 4692 1862 4746 Illi
1891 4708 2151 4762 quoque...
2188 4691 2459 4762 venientes.

1846 4762 1864 4800 i
1903 4759 2235 4837 'Sicphesn.
2282 4761 2468 4837 Caeteri
2515 4775 2635 4813 cum
2686 4759 2838 4837 colli.
2870 4781 2881 4816 :
2919 4764 3027 4822 Rex
3069 4769 3340 4837 defunctus

1769 4833 1995 4885 decessit.
2017 4829 2232 4885 Carolus
2255 4846 2341 4894 per
2355 4832 2531 4884 missos
2551 4848 2668 4883 suos
2694 4832 2756 4883 ab
2784 4831 2993 4891 Eudone
3020 4829 3147 4894 duce
3178 4843 3341 4895 idem-

1770 4919 1865 4971 que
1895 4904 2189 4971 praedictum
2217 4898 2553 4969 Chilpericum
2581 4918 2745 4971 regem
2773 4907 2971 4969 recipit.

1847 4973 1860 5022 i
1924 4972 2057 5025 Urbs
2095 4970 2421 5049 episcopalis
2452 4972 2748 5049 notissima,
2781 4977 2936 5046 vulgo
2985 4977 3193 5049 Noyon,
3240 4981 3340 5035 sub

1776 5041 2107 5095 Rhemorum
2143 5041 2443 5107 metrepoli.
2478 5043 2580 5095 Alii
2625 5041 3027 5100 scribuut'cuiu
3071 5041 3338 5105 ’Διιὶηίθοί

1770 5112 1991 5166 obiisse.

1840 5181 1863 5218 κ
1905 5182 1992 5235 Sic
2021 5181 2175 5243 Βοὴ..
2198 5178 2285 5231 alii
2316 5193 2461 5243 vero,
2487 5197 2688 5235 nunc...
2713 5185 2944 5237 obtinuit.
2969 5185 3155 5240 Nostra
3182 5188 3339 5242 lectio

1770 5253 1959 5305 melior
1988 5261 2088 5303 est.
2142 5250 2412 5322 Regnavite
2455 5252 2595 5304 enim
2637 5254 2969 5307 Theoderico
3012 5272 3082 5322 iv,
3129 5258 3335 5314 Caleusi

1765 5321 1925 5384 dicto,
1964 5321 2116 5386 hujus
2143 5320 2602 5393 Chronici‘auctor
2643 5324 2872 5393 vivebat,
2923 5335 2979 5379 ut
3021 5320 3132 5389 ipse
3171 5338 3335 5392 testa-

1766 5400 1869 5453 tur,
1906 5391 2060 5453 infra,
2093 5404 2207 5454 cap.
2242 5391 2293 5441 9.
2327 5387 2489 5450 Infra,
2518 5407 2611 5457 pro
2632 5387 2965 5461 prwstolutis,
2991 5387 3232 5452 Labbeus
3256 5387 3336 5455 Ile-

1765 5461 2149 5530 gitrprotelatt's.

1849 5527 1874 5566 ι’
1892 5532 1980 5583 Sic
2008 5530 2140 5581 Beli.
2168 5527 2499 5601 Culb._vern,
2531 5528 2904 5601 Baguqrertsgs,
2959 5535 3116 5588 habet
3162 5547 3333 5595 ωηιξη

1769 5600 1823 5654 in
1856 5601 2026 5654 indice
2053 5615 2205 5666 enop.
2238 5597 2589 5661 Bajourcnses.
2610 5597 2775 5665 Editi,
2808 5600 3131 5671 Bajerenscs.
