4020 6194
552 232 655 285 δτο

1712 230 2124 285 FBEDEGARII
2148 229 2607 283 .SCIIOIASTICI

3688 214 3805 270 (irit!

548 346 732 396 mutuo
767 340 1172 410 conﬂigentibus
1194 383 1211 407 ,
1238 329 1519 398 Sarraceni
1562 341 1753 395 devicti
1800 351 1957 409 atque
1984 357 2108 408 pro-
2136 344 2180 399 A
2214 343 2463 392 restituit.
2484 339 2686 405 Fugato
2716 338 2851 391 duce
2881 338 3153 390 Mauronto
3176 328 3688 401 iinpeuetrabilibus,
3708 339 3801 381 tu-

548 435 723 498 strati,
755 445 1032 489 cernentes
1056 450 1231 505 regem
1254 450 1438 489 eorum
1471 434 1830 496 interiectum,
1870 436 1921 487 in
1941 434 2115 503 fugam

550 523 680 589 lapsi
713 533 857 587 terga
889 534 1180 577 verterunt.
1206 523 1305 589 Qui
1335 532 1615 575 evaserant
1641 523 1917 590 cupientes
1948 522 2115 575 navali

549 614 825 669 cvectione
848 615 1097 679 evadere,
1129 615 1180 667 in
1238 623 1427 683 stagno
1468 615 1631 667 maris
1681 622 1944 675 natantes,
1971 629 2119 668 nam-

549 719 653 771 que
680 704 894 758 sibimet
921 715 1101 758 mutuo
1122 714 1311 758 conatu
1341 704 1599 758 insiliunt.
1635 705 1750 758 Mox
1784 704 1970 760 Franci
1997 721 2116 759 cum

551 796 776 849 navibus
797 804 849 849 et
878 796 1061 859 iaculis
1086 796 1389 848 armatoriis
1410 810 1571 862 super
1600 810 1691 847 eos
1723 794 1979 859 insiliunt,
2013 794 2119 847 suf-

551 883 893 953 l'ocantesque
916 889 966 939 in
988 886 1140 954 aquis
1163 886 1491 939 interimunt.
1516 886 1709 952 Sicque
1732 886 1921 940 Franci
1937 887 2120 939 trium-

553 978 777 1045 phantes
808 978 875 1032 de
903 979 1143 1033 hostibus
1184 979 1412 1045 praedam
1459 994 1701 1049 magnam
1751 989 1803 1032 et
1832 980 1996 1048 spolia
2024 993 2115 1032 ca-

554 1069 735 1137 piunt;
767 1080 917 1137 capta
953 1069 1291 1124 multitudine
1318 1069 1674 1135 captivorum,
1697 1085 1816 1121 cum
1846 1072 1982 1124 dure
2012 1071 2117 1123 vic—

554 1170 670 1216 tore
723 1162 990 1231 regionem
1042 1160 1342 1216 Goubicam
1397 1159 1835 1228 depopttlaliltll“
1895 1179 1907 1212 :
1961 1162 2119 1214 urbes

554 1249 937 1306 famosissimas
951 1252 1113 1322 680
1134 1251 1474 1313 Nemausum,
1503 1254 1743 1316 Agatem,
1772 1267 1833 1304 ac
1855 1252 2071 1306 Biterris
2091 1252 2117 1292 ι’

554 1343 790 1398 lunditus
835 1358 1015 1397 muros
1063 1353 1117 1399 et
1166 1344 1357 1397 muenia
1408 1344 1625 1397 Carolus
1673 1343 1973 1409 destruens,
2001 1346 2119 1413 igne

553 1444 850 1503 supposito,
894 1436 1284 1499 concremavit;
1348 1435 1649 1491 suburbana
1680 1445 1736 1489 et
1763 1447 1934 1489 castra
1979 1436 2119 1490 illius

552 1525 787 1594 regionis
838 1525 1082 1578 vastavit.
1129 1524 1345 1578 Devicto
1399 1524 1826 1578 adversariorum
1885 1525 2117 1594 agmine,

551 1613 766 1670 Cbristo
803 1614 858 1669 in
893 1615 1140 1669 omnibus
1182 1616 1425 1683 praesule,
1458 1622 1510 1667 et
1535 1616 1709 1683 capite
1746 1615 1929 1669 salutis
1950 1628 2119 1671 Victo-

2224 431 2443 483 tissitnis
2484 430 2725 497 rupibus,
2759 430 3040 481 maritimis
3086 425 3494 486 munitionibus,
3545 422 3803 490 pralatus

2220 519 2469 586 princeps
2490 518 2713 572 Carolus
2742 528 2933 571 cuncta
2962 515 3175 569 sibimet
3212 513 3467 583 acquisita
3493 525 3655 579 regna
3681 510 3801 564 vic-

2222 621 2305 662 tor
2336 626 2613 675 regressus
2643 620 2747 675 est,
2776 611 2922 663 nullo
2948 617 3132 662 contra
3177 623 3299 662 eum
3348 604 3677 667 rebellante;
3709 618 3800 657 re-

2222 716 2515 771 ver~nsque
2544 702 2594 753 itt
2643 703 2911 769 regionem
2963 698 3310 760 Francorum,
3342 703 3609 766 a-grotare
3637 693 3799 760 coepit

2220 791 2271 843 in
2306 791 2427 842 villa
2459 790 2763 843 Verimbrea
2799 786 2825 825 ά
2860 804 3019 857 super
3051 789 3217 841 lssara
3242 786 3423 840 ﬂuvio.

2292 885 2391 936 Att.
2423 897 2630 936 nccxu.
2661 912 2730 921 —
2753 882 2867 935 CX.
2902 882 2978 935 Eo
3006 884 3203 935 etenim
3233 893 3495 947 tempore,
3525 878 3609 932 bis
3634 892 3663 929 a
3692 879 3795 932 llo-

2221 986 2305 1026 ma
2327 974 2453 1025 sede
2475 971 2640 1025 sancti
2667 971 2807 1024 Petri
2834 971 3070 1039 Apostoli
3092 972 3276 1024 beatus
3300 984 3430 1036 papa
3454 966 3742 1035 Gregorius
3762 976 3791 1003 ν

2218 1063 2396 1117 claves
2426 1065 2713 1118 venerandi
2749 1064 3001 1130 sepulcri,
3024 1076 3142 1114 cum
3183 1060 3407 1113 vinculis
3457 1059 3632 1111 sancti
3657 1056 3787 1110 Petri

2220 1166 2270 1208 et
2308 1155 2616 1209 muneribus
2656 1156 2860 1223 magnis
2906 1164 2959 1209 et
3006 1153 3249 1215 infinitis,
3281 1152 3627 1218 legationem,
3657 1149 3787 1218 quod

2218 1256 2373 1300 antea
2399 1246 2557 1298 nullis
2583 1244 2778 1299 auditis
2809 1255 2899 1298 aut
2926 1245 3055 1298 visis
3080 1243 3409 1311 temporibus
3440 1240 3560 1300 fuit.
3596 1256 3788 1293 memo-

2222 1348 2339 1391 rato
2371 1337 2597 1405 principi
2636 1336 2943 1389 destinavit.
2982 1337 3056 1388 Eo
3088 1344 3243 1402 pacto
3275 1342 3508 1402 patrato,
3537 1343 3601 1386 ut
3621 1346 3650 1385 a
3682 1347 3712 1400 p
3744 1347 3790 1383 r-

2222 1428 2363 1481 tibus
2393 1425 2413 1465 ί
2460 1427 2796 1495 imperatoris
2852 1426 3147 1490 recederet,
3179 1434 3232 1478 et
3282 1424 3586 1478 Romanum
3637 1423 3787 1493 681

2221 1518 2554 1573 consulatum
2585 1528 2611 1566 ι
2644 1520 2863 1587 praelato
2904 1518 3126 1586 principi
3156 1516 3349 1570 Carolo
3399 1516 3656 1570 sanciret.
3684 1516 3792 1580 Ipse

2223 1610 2399 1679 itaque
2430 1611 2675 1679 princeps
2724 1609 2950 1662 mirillco
2980 1622 3041 1662 ac
3090 1606 3371 1676 magniﬁco
3393 1605 3601 1659 honore
3630 1605 3789 1673 ipsam

552 1706 671 1773 riae,
701 1705 986 1760 salubriter
1036 1706 1289 1761 reme-ivit
1320 1706 1372 1761 in
1412 1706 1680 1775 regionem
1724 1721 1898 1775 suam,
1929 1709 1981 1762 in
2005 1720 2114 1764 ter-
2149 1703 2195 1763 Β
2224 1705 2540 1769 legationem
2571 1705 2797 1771 recepit,
2827 1718 3045 1757 munera
3089 1704 3318 1769 pretiosa
3364 1703 3617 1766 contulit,
3641 1712 3793 1767 atque

551 1810 663 1850 ram
687 1796 1006 1853 Francorum
1036 1798 1101 1853 ad
1129 1798 1319 1853 solium
1350 1800 1676 1867 principatus
1699 1801 1804 1855 sui.

620 1891 722 1944 ΑΝ.
750 1891 1289 1945 occsutx.--Denuo
1310 1892 1580 1949 curriculo
1605 1894 1731 1946 anni
1763 1894 1907 1949 illius
1935 1908 2119 1949 mense

549 1979 783 2033 secundo
811 1988 858 2044 ο,
884 1980 1188 2047 praedictum
1219 1996 1527 2049 germanum
1549 1995 1700 2035 suum
1728 1999 1847 2036 cum
1882 1983 2119 2052 pluribus

548 2072 772 2125 ducibus
801 2082 959 2141 atque
983 2074 1292 2140 comitibus,
1322 2085 1590 2130 commoto
1612 2076 1872 2141 exercitu,
1905 2077 1969 2130 ad
2001 2093 2119 2145 par-

550 2173 630 2217 tes
655 2163 947 2218 Provinciae
969 2165 1178 2235 dirigit;
1236 2168 1566 2221 Avenionem
1598 2170 1783 2223 urbem
1818 2169 2116 2236 venientes,

548 2254 767 2310 Carolus
811 2271 1217 2325 przeproperans
1268 2259 1616 2327 peraccessit,
1649 2270 2004 2330 cunctamque
2032 2278 2120 2317 re-

546 2348 757 2414 gionem
789 2361 957 2415 usque
986 2347 1132 2400 littus
1181 2346 1344 2403 maris
1373 2350 1547 2415 magni
1605 2363 1715 2402 sua;
1770 2349 2116 2405 dominationi

551 2522 657 2591 psit
688 2519 871 2574 Petrus
901 2521 1164 2591 episwpus
1192 2520 1255 2575 de
1289 2518 1509 2585 Palatio,
1541 2537 1695 2591 quem
1727 2525 1960 2578 nonnulli
1983 2526 2117 2581 aulai

552 2590 742 2645 Alarii-i
783 2592 1084 2658 epi~c0pum
1139 2592 1317 2654 fuisse,
1360 2590 1459 2659 'pru
1504 2595 1711 2649 illorum
1766 2596 2107 2651 barbarorum

552 2677 701 2716 inore
746 2671 947 2728 putant.
998 2664 1064 2714 At
1106 2661 1287 2714 Petrus
1332 2658 1623 2717 catholicus
1652 2675 1785 2718 erat.
1813 2664 1928 2718 Non
1958 2667 2116 2721 etiam

552 2733 629 2787 sic
656 2733 827 2786 dictus
855 2742 936 2784 est
977 2748 1003 2783 a
1047 2732 1169 2783 l‘alo
1206 2733 1336 2785 urbe
1375 2730 1507 2785 Pan.
1530 2734 1657 2787 Nam
1688 2732 2010 2789 Galactorius
2056 2737 2119 2791 de

553 2802 787 2857 Benarno
806 2811 856 2857 et
888 2800 1072 2856 Gratus
1093 2806 1156 2857 de
1199 2804 1396 2858 ciuitate
1438 2803 1661 2858 Olorone
1696 2804 1867 2859 eidem
1891 2809 2118 2863 concilio

552 2873 931 2941 subscripsere.
959 2872 1070 2926 Non
1112 2872 1338 2943 denique
1368 2876 1642 2942 cpisc0pus
1686 2875 2075 2935 Letnovicensis
2099 2918 2115 2943 ,

550 2959 710 3011 quem
759 2943 837 2996 sic
884 2953 1236 3014 nuncupatum
1287 2942 1447 2997 fuisse
1497 2948 1796 3014 suspicatur
1835 2942 2115 3011 Valesius,

550 3014 691 3080 quod
725 3017 774 3067 in
806 3013 948 3067 urbis
988 3027 1098 3066 sua:
1149 3014 1343 3079 palatio
1374 3013 1708 3078 habitaverit,
1742 3024 1832 3070 aut
1860 3028 2007 3072 certe
2051 3020 2117 3073 ab

552 3084 729 3153 aliquo
749 3098 856 3137 suae
884 3082 1131 3153 dicet-esis
1161 3083 1369 3150 palatio.

624 3152 650 3227 ξι
688 3153 846 3227 Clies.
879 3152 1284 3227 et_Freli.,Acum
1312 3154 1465 3227 dare,
1497 3155 1719 3209 victor...
1752 3157 2117 3227 depopulatur.

622 3222 649 3261 δ
693 3222 858 3293 Vulgo
885 3222 1062 3277 Nimrs
1085 3263 1101 3286 ,
1131 3223 1270 3291 Agde
1288 3265 1302 3286 ,
1348 3223 1550 3279 Béziers
1572 3267 1587 3287 ,
1641 3229 1796 3279 nrbes
1817 3222 2122 3284 'Occitanitn

552 3294 1239 3365 episcopalesnotissimaf.
1276 3294 1375 3347 Pro
1418 3312 1478 3349 ac
1520 3294 1751 3357 Biterris,
1782 3299 1979 3365 aliquot
2022 3298 2119 3356 lid.

559 3366 752 3419 habent
790 3364 869 3416 his
894 3364 945 3416 in
969 3366 1115 3417 tem’s
1140 3381 1154 3430 ;
1181 3364 1359 3429 Colb.,
1388 3366 1485 3419 hac
1511 3366 1563 3418 in
1590 3368 1758 3420 terris.
1779 3369 1877 3420 Cb.
1906 3369 2001 3431 a|.,
2027 3369 2121 3423 Be-

553 3436 708 3491 teriis.
733 3434 864 3488 Bob.
884 3476 898 3498 ,
932 3435 1086 3500 inira,
1114 3445 1499 3492 concremant...
1532 3448 1790 3490 uastant...
1814 3449 2118 3499 remearunt.

624 3514 647 3542 ο
689 3504 927 3559 (:uintius
950 3504 1089 3558 hunc
1118 3506 1286 3557 locum
1318 3506 1395 3559 sic
1424 3507 1803 3561 restituendum
1843 3524 1963 3564 esse
1990 3525 2119 3564 cen-

542 3584 629 3628 set
660 3591 674 3626 :
706 3574 885 3628 Denuo
910 3574 1311 3646 curriculoanni
1336 3582 1553 3629 secundo
1577 3580 1894 3646 praedictum,
1928 3582 1975 3632 iil
2017 3592 2117 3645 est,

552 3660 694 3699 anno
723 3657 841 3711 post
869 3644 1269 3718 secundo.Nam
1300 3647 1554 3700 aliasbwc
1578 3644 1807 3703 Set-unda
1834 3644 2118 3718 expeditio,

544 3718 740 3770 eodem
770 3715 1055 3789 anno_757,
1088 3732 1194 3789 quo
1234 3721 1395 3782 prior,
1426 3729 1479 3771 et
1504 3724 1738 3789 secundo
1763 3715 1972 3787 quidem
2008 3715 2125 3789 post

552 3802 756 3849 mense,
785 3786 1140 3855 consignanda
1171 3785 1332 3849 foret;
1366 3789 1503 3853 quod
1536 3785 1803 3842 Chronico
1830 3785 2119 3845 Fontanel-

552 3856 685 3911 lensi
715 3867 768 3911 et
798 3857 915 3911 aliis
956 3855 1316 3911 monumentis
1346 3870 1619 3927 repugnat,
1649 3876 1711 3913 ex
1742 3861 1933 3927 quibus
1959 3862 2121 3915 disci-

554 3941 673 3982 mus
714 3928 943 3999 prjorem
974 3941 1113 3999 anno
1156 3928 1277 3999 757,
1313 3929 1535 3983 alteram
1567 3945 1652 3983 an.
1689 3931 1790 3983 739
1823 3944 2121 3999 susceptam

552 3999 737 4053 luisse.
768 3996 961 4069 Paulus
984 3997 1273 4069 Diacmlib.
1304 4014 1351 4052 vi
1383 3999 1515 4052 Hist.
1544 4001 1730 4069 Lang.,
1761 3996 1992 4056 Isidorus
2028 4003 2123 4055 Pa-

553 4072 760 4132 censis;
804 4067 1092 4129 llodericns
1139 4067 1463 4133 Toletanus;
1513 4067 1857 4136 Anasiasius,
1908 4076 1958 4126 in
2008 4072 2123 4126 Vita

553 4137 795 4205 Gregorii
821 4139 882 4192 lll
934 4150 986 4191 et
1037 4140 1123 4191 alii
1151 4154 1340 4211 passim
1362 4152 1605 4196 auctores
1627 4141 1800 4197 Caroli
1823 4144 2123 4211 expeditio-

550 4224 647 4265 nes
677 4211 728 4264 in
759 4212 1082 4262 Sarracenos
1110 4209 1340 4262 laudant.

621 4280 647 4319 α
683 4280 832 4353 Coll).
868 4290 921 4333 et
944 4288 1055 4353 vet.
1081 4280 1177 4331 Ed.
1210 4278 1498 4353 Yermbrea.
1524 4281 1681 4335 Freh.
1713 4282 1805 4344 al.,
1842 4280 2122 4353 Vermeria,

552 4351 713 4406 Ches.
741 4351 813 4405 al.
854 4352 1001 4423 addit
1024 4352 1411 4423 superi/luvium
1452 4351 1667 4423 lscram.
1703 4353 1969 4405 Vermeria
1999 4351 2124 4423 pro;

552 4427 723 4491 prium
751 4432 832 4476 est
856 4421 1011 4492 hujus
1039 4420 1216 4490 Oppidi
1242 4436 1456 4492 nomen,
1488 4422 1627 4476 inter
1650 4420 2038 4490 Compendiuin
2072 4440 2124 4479 et

552 4490 905 4548 Silvanectum
930 4490 1031 4545 siti
1059 4534 1071 4557 ,
1106 4491 1261 4560 vulgo
1306 4490 1558 4547 Verberie.
1598 4492 1728 4548 Vide
1761 4493 1949 4548 Valesii
1988 4500 2126 4550 noti-

552 4564 677 4617 tiam
707 4572 761 4616 et
789 4562 889 4631 lib.
913 4578 960 4614 tv
986 4563 1051 4617 dc
1082 4563 1157 4618 Re
1182 4563 1539 4631 diplomatica.

631 4641 655 4671 ο
696 4632 743 4686 Is
762 4643 845 4686 est
866 4630 1151 4699 Gregorius
1180 4630 1350 4702 lllqui
1380 4634 1629 4701 epistolas
1658 4634 1790 4689 duas
1818 4634 2005 4691 eadem
2036 4653 2127 4692 oc-

508 4702 521 4758 l
552 4704 770 4775 casionﬁe
798 4704 985 4775 Carolo
1015 4706 1262 4771 scripsit,
1292 4720 1411 4773 qua:
1440 4705 1504 4757 ad
1548 4721 1644 4763 nos
1674 4722 1840 4775 usque
1870 4723 2125 4774 pervenc-

552 4783 698 4830 rnnt.
732 4774 786 4826 In
809 4774 873 4826 iis
899 4775 1069 4826 varias
1095 4775 1442 4837 calamitates,
1468 4790 1598 4842 quas
1627 4774 1858 4831 Ecclesia
1892 4778 2125 4832 Ronana

552 4861 585 4900 a
618 4843 979 4912 Langobardis
1012 4845 1327 4920 patiebatur,
1360 4845 1572 4920 Carolo,
1604 4863 1758 4920 quem
1804 4849 2127 4920 subregulum

554 4926 848 4987 nuncupat,
888 4915 1142 4987 exponit;
1180 4928 1440 4983 opemque
1463 4916 1577 4985 ejus
1606 4917 1859 4971 adversus
1886 4915 2005 4973 illos
2030 4924 2127 4971 iiii-

554 4985 750 5058 plorat,
775 4988 991 5042 mittens
1018 4988 1066 5040 ei
1096 4985 1259 5039 claues
1279 4988 1605 5058 confessionis
1644 4991 1774 5041 beati
1798 4987 1960 5043 Petri.
1991 4994 2124 5055 Qni-

557 5057 655 5113 bus
684 5058 862 5114 verbis
882 5058 1121 5112 Cointius
1148 5066 1203 5110 et
1227 5058 1313 5109 alii
1354 5057 1572 5126 intelligi
1606 5062 1787 5113 volunt
1812 5062 1989 5114 claves
2034 5078 2127 5114 au-

554 5145 680 5198 rea,
717 5133 768 5183 in
797 5129 990 5198 quibus
1013 5127 1300 5198 aliquidde
1327 5126 1565 5198 limatum
1607 5142 1807 5183 calente
1834 5132 2000 5184 sancti
2032 5133 2129 5185 l’e—

555 5203 621 5255 tri
651 5197 905 5255 inclusum
951 5209 1087 5263 erat,
1116 5197 1301 5266 quales
1338 5197 1625 5268 Gregorius
1665 5201 1884 5269 Magnus
1911 5201 2129 5255 Cbilde-

553 5270 705 5327 berto
741 5270 867 5326 olim
899 5272 1296 5333 transmiserat,
1329 5269 1419 5322 lib.
1452 5285 1481 5321 v
1511 5271 1667 5335 epist.
1702 5271 1756 5333 6,
1785 5284 1839 5324 ut
1860 5274 1991 5324 collo
2019 5289 2133 5325 sns-

554 5356 720 5407 pensat
744 5354 864 5393 eum
891 5358 922 5393 a
957 5342 1109 5393 malis
1144 5341 1373 5393 omnibus
1400 5351 1677 5406 tuerentur,
1702 5356 1805 5395 etc.
1842 5344 1987 5397 Unde
2013 5346 2125 5396 haec

554 5411 738 5483 verba,
767 5412 902 5483 quod
938 5422 1092 5483 antea
1138 5412 1293 5463 nullis
1329 5412 1521 5463 auditis
1546 5424 1634 5462 aut
1676 5414 1794 5483 visis
1821 5416 2127 5483 temporibus

555 5481 673 5551 fuit,
698 5480 766 5551 de
791 5481 902 5547 ipsa
936 5482 1198 5550 legatione
1228 5482 1291 5532 ad
1321 5495 1475 5548 opem
1499 5482 1881 5549 implorandam
1923 5480 2127 5537 intelli-

553 5548 711 5621 guilt.
736 5548 875 5618 Lege
906 5548 1082 5604 noti-im
1108 5561 1441 5617 sequentem.

627 5621 647 5658 ί
678 5620 816 5673 Editi
847 5634 1033 5672 omnes
1061 5659 1075 5682 ,
1106 5630 1158 5671 ut
1194 5622 1259 5669 ad
1304 5631 1472 5686 partes
1495 5622 1809 5685 imperatoris
1852 5627 2123 5675 recederet.

554 5690 800 5745 lntricata
829 5699 911 5743 est
935 5688 1164 5743 Aitnoini
1208 5690 1364 5743 lectio
1405 5708 1416 5740 ;
1466 5689 1743 5742 Ecclesium
1772 5708 1801 5742 α
1834 5691 2125 5760 Langobar-

2221 1810 2341 1849 cum
2377 1794 2584 1864 magnis
2609 1792 2842 1863 praemiis
2866 1809 2985 1847 cum
3014 1795 3125 1846 suis
3149 1792 3421 1845 sodalibus
3471 1791 3657 1845 missis
3681 1790 3795 1844 Gri-

2220 1907 2452 1958 monem,
2509 1891 2755 1946 abbatem
2805 1891 3111 1944 Corbiensis
3139 1887 3164 1926 δ
3197 1888 3528 1952 monasterii,
3564 1897 3622 1942 et
3662 1886 3794 1951 Sigi-

2221 1985 2450 2048 bertum,
2484 1983 2753 2037 reclusum
2788 1981 3018 2034 basilica:
3048 1981 3217 2034 sancti
3254 1978 3488 2048 Dionysii
3521 1977 3789 2045 martyris,

2221 2074 2445 2128 Romam
2472 2073 2536 2127 ad
2578 2073 2758 2126 limina
2789 2072 2957 2124 sancti
3010 2070 3153 2123 Petri
3182 2078 3237 2123 et
3289 2068 3460 2121 sanrti
3498 2067 3647 2120 Pauli
3675 2068 3795 2119 des-

2220 2164 2429 2219 tinavit.
2463 2163 2627 2233 Igitur
2655 2178 2981 2218 memoratus
3006 2165 3276 2231 princeps,
3307 2162 3534 2215 consilio
3562 2164 3795 2226 optima-

2219 2268 2329 2315 tum
2358 2270 2575 2310 snorum
2604 2257 2860 2325 expetito,
2906 2257 3027 2310 liliis
3066 2258 3176 2309 suis
3210 2270 3369 2323 regna
3402 2253 3415 2291 ί
3446 2255 3657 2307 dividit.
3692 2253 3796 2307 lia-

2218 2365 2322 2418 que
2362 2350 2716 2422 primogenita
2755 2364 2872 2415 suo,
2907 2347 3264 2404 Carlomanno
3292 2348 3537 2402 nomine.
3572 2350 3797 2411 Auster,

2218 2525 2400 2578 dorum
2424 2526 2693 2594 tyrannide
2712 2525 3010 2579 liberaret...
3042 2535 3087 2578 et
3114 2543 3146 2579 a
3169 2526 3397 2585 partibus
3428 2523 3804 2591 Langobardoo

2218 2613 2333 2649 rum
2361 2597 2632 2659 recederet,
2657 2612 2717 2649 ac
2758 2596 3042 2650 Romanum
3063 2597 3349 2649 consultum
3378 2598 3611 2662 pra’fatus
3644 2597 3805 2655 prin-

2219 2682 2334 2735 ceps
2363 2666 2577 2720 Carolus
2602 2667 2838 2721 sanciret.
2867 2666 3014 2722 Unde
3038 2665 3279 2719 Cointins
3306 2666 3379 2719 sic
3408 2665 3802 2735 restituendum

2218 2731 2403 2791 censet
2432 2738 2667 2791 auctoris
2697 2741 2862 2791 nostri
2895 2746 3093 2791 textum
3130 2754 3142 2788 :
3178 2735 3243 2790 Ut
3282 2738 3350 2787 ad
3377 2747 3539 2803 partes
3565 2731 3807 2799 Impera-

2220 2808 2346 2861 toris
2372 2810 2649 2868 accederet,
2689 2818 2736 2859 et
2768 2808 3054 2860 Romanum
3084 2808 3391 2867 consultum,
3422 2815 3551 2861 etc..
3573 2815 3807 2857 conten-

2218 2878 2353 2933 dens
2399 2878 2528 2931 nihil
2554 2878 2696 2932 aliud
2722 2876 3033 2945 Gregoriu‘m
3066 2880 3316 2942 voluisse,
3348 2892 3503 2946 quam
3534 2888 3591 2927 ut
3629 2876 3806 2928 Caro-

2221 2948 2323 3011 lus,
2360 2958 2508 3018 rUpta
2538 2963 2656 3002 cum
2690 2949 3045 3018 Langobardis
3072 2963 3221 3017 pace,
3256 2946 3590 3016 imperatoris
3620 2960 3806 3013 partes

2228 3018 2540 3088 susciperet.
2574 3024 2660 3085 At,
2686 3022 2738 3073 ni
2770 3020 2941 3083 fallor,
2966 3019 3152 3072 melior
3172 3028 3252 3072 est
3272 3030 3446 3071 nosm
3472 3018 3651 3079 lectio,
3675 3030 3805 3084 qme

2151 3077 2199 3139 C
2229 3097 2312 3142 est
2340 3077 2495 3153 mss.,
2525 3105 2625 3156 qua
2648 3077 2842 3144 auctor
2879 3077 3049 3143 innuit
3088 3089 3397 3157 Gregorium
3423 3088 3615 3140 Carolo
3641 3077 3806 3153 polli-

2225 3159 2388 3213 citum
2418 3162 2598 3225 luisse,
2626 3170 2683 3214 ut
2707 3161 2748 3214 si
2780 3161 3045 3214 Romanos
3074 3176 3100 3213 a
3130 3160 3594 3229 Langobardorum
3618 3166 3806 3229 tyran-

2224 3228 2351 3283 nide
2402 3230 2672 3292 liberaret,
2732 3232 3027 3299 posthabita
3082 3228 3453 3296 imperatoris,
3501 3231 3589 3292 qui
3639 3228 3807 3281 Italiae

2224 3314 2380 3367 opem
2410 3315 2514 3355 non
2547 3301 2766 3364 ferebat,
2795 3302 3172 3366 dominatione,
3198 3316 3254 3354 se
3278 3299 3469 3353 Carolo
3495 3299 3799 3351 llomanuni

2222 3372 2554 3424 consulatum
2587 3374 2923 3425 collaturum.
2961 3372 3108 3439 Quod
3138 3372 3351 3439 quidem
3378 3371 3503 3435 etsi,
3544 3371 3804 3439 defuncto

2227 3443 2385 3508 paulo
2413 3452 2530 3507 post
2558 3442 2749 3495 Carolo
2770 3485 2784 3505 ,
2816 3446 2921 3496 imo
2954 3438 3007 3497 et
3043 3438 3165 3510 ipso
3198 3440 3475 3510 Gregorio,
3506 3452 3640 3496 tunc
3674 3438 3809 3493 infe

2223 3519 2366 3563 ctum
2411 3514 2586 3575 fuerit,
2621 3524 2800 3580 postea
2833 3525 3007 3566 tamen
3049 3513 3245 3576 evenit,
3280 3524 3337 3565 ut
3365 3526 3554 3565 omnes
3585 3521 3807 3565 norunt.

2228 3580 2377 3651 Unde
2402 3582 2629 3649 conjicio
2649 3584 2826 3638 claves
2853 3599 2984 3651 quas
3010 3582 3295 3651 Gregorius
3322 3580 3516 3636 Carolo
3547 3583 3808 3635 transmi-

2224 3650 2314 3719 sit,
2348 3668 2502 3705 veras
2534 3655 2695 3707 tuisse
2768 3650 3139 3708 confessionis
3177 3654 3343 3707 sancti
3396 3653 3535 3706 Petri
3583 3655 3767 3707 claves
3790 3696 3807 3715 ,

2225 3736 2357 3789 quas
2384 3723 2435 3775 in
2472 3724 2659 3791 pignus
2701 3724 3073 3778 dominaiiouis
3110 3726 3156 3777 ei
3204 3724 3544 3778 conferenda:
3585 3723 3810 3776 traditas

2225 3794 2457 3864 volebat,
2492 3794 2650 3863 idque
2678 3796 2855 3847 innuu~
2884 3807 2901 3847 t
2929 3796 3041 3849 haec
3073 3796 3225 3847 verba
3255 3795 3496 3864 epistola:
3539 3794 3811 3860 pontificis

2225 3864 2289 3915 ad
2317 3863 2596 3917 Carolum:
2628 3864 2852 3936 Conjuro
2873 3877 2983 3920 te...
3020 3883 3107 3933 per
3135 3867 3270 3933 ipsas
3293 3863 3677 3917 Vsat‘ratissimas
3699 3867 3813 3916 cla-

2224 3948 2304 3985 tes
2325 3937 2657 4005 confessionis
2684 3938 2846 3989 sancti
2886 3938 3045 3999 Petri,
3076 3953 3199 4004 quas
3230 3936 3363 3987 ινα-[ἠδ
3391 3939 3455 3987 ad
3486 3951 3701 4005 regnum
3727 3936 3813 4005 di-

2226 4004 2473 4056 misimus.
2506 4005 2661 4059 Certe
2691 4018 2923 4060 nostram
2945 4008 3222 4060 lectionem
3255 4006 3466 4058 disertis
3491 4008 3674 4058 verbis
3718 4004 3811 4058 lir-

2228 4087 2371 4125 mant
2400 4074 2631 4129 Annales
2676 4078 2987 4141 Mettenses,
3019 4079 3071 4130 iii
3108 4079 3297 4144 quibus
3335 4078 3522 4142 legitur
3553 4093 3566 4127 :
3604 4074 3813 4145 Episto-

2226 4144 2328 4196 lam
2358 4161 2555 4213 quaque
2579 4149 2775 4217 decreto
2810 4147 3150 4201 Romanorum
3177 4148 3461 4217 principum
3492 4148 3588 4198 sibi
3616 4148 3811 4215 prirdi-

2227 4224 2337 4287 ctus
2392 4216 2579 4280 prwsul
2629 4215 2902 4287 Gregorius
2948 4215 3189 4279 misrat,
3240 4219 3376 4285 quod
3425 4233 3534 4269 sese
3589 4219 3812 4284 papulas

2233 4282 2513 4356 Romanus.
2566 4282 2751 4340 relicla'
2795 4291 3117 4356 imperatoris
3153 4282 3518 4349 dominatione,
3568 4282 3636 4338 ad
3665 4305 3811 4340 suam

2230 4354 2572 4423 defensionem
2597 4371 2642 4409 et
2684 4354 2920 4411 invictam
2944 4360 3255 4413 clementiam
3284 4359 3594 4410 committere
3621 4361 3812 4409 roluis-

2154 4456 2206 4515 D
2230 4437 2323 4478 set.
2366 4426 2470 4515 [ξεο
2505 4430 2705 4515 minori
2731 4430 2994 4515 inpcentivo
3035 4428 3496 4515 cgebatﬁuolus,
3528 4439 3580 4479 ut
3622 4430 3812 4515 .l'neilns

2230 4512 2348 4549 cum
2381 4498 2737 4567 Langobardis
2768 4498 3051 4569 frangeret,
3080 4498 3115 4551 'a
3146 4498 3336 4565 quibus
3379 4500 3430 4549 iit
3460 4498 3811 4569 expeditione

2232 4569 2570 4639 Sarracenica
2598 4570 2809 4639 egregie
2848 4568 3017 4624 fuerat
3045 4572 3273 4636 adjutus.
3310 4569 3439 4622 Vide
3469 4568 3622 4621 Paul.
3657 4571 3805 4623 Uiac.

2230 4638 2326 4691 lib.
2358 4654 2388 4687 v
2423 4639 2553 4692 llist.
2589 4638 2820 4702 Langob.
2851 4656 3002 4709 capp.
3037 4639 3104 4691 53
3126 4652 3179 4693 et
3206 4639 3295 4693 54.

2303 4716 2327 4754 ε
2358 4709 2516 4773 Βοὴ..
2542 4719 2587 4762 et
2618 4709 2848 4764 Romano
2874 4713 3125 4764 consulto.

2303 4776 2329 4815 δ
2363 4778 2546 4844 Freli.,
2578 4780 2842 4835 Corvensis
2864 4799 2878 4847 ;
2904 4782 3022 4847 alii,
3047 4782 3338 4834 Corbensis.
3363 4780 3588 4834 Celebre
3623 4796 3807 4833 mona-

2231 4848 2737 4920 steriumCorbeitn.
2767 4853 2922 4920 vulgo
2950 4851 3159 4917 Corbie,
3194 4853 3271 4904 sic
3299 4852 3497 4903 dietum
3531 4865 3558 4901 a
3586 4852 3807 4903 iluviolo

2233 4918 2568 4988 cognomine,
2597 4926 2681 4990 qui
2715 4923 2784 4975 ibi
2816 4918 3178 4977 in’Sumenam
3208 4922 3400 4985 inlluit,
3428 4936 3457 4972 a
3480 4936 3661 4972 saucia
3690 4922 3807 4973 Bal-

2234 4993 2400 5044 tbilde
2419 4994 2640 5058 ejusque
2664 4995 2769 5047 lilio
2797 4992 3067 5047 Cblotario
3100 5008 3224 5061 rege
3251 4995 3522 5047 conditum
3554 5004 3658 5045 est.
3685 4992 3807 5044 Gri-

2237 5074 2448 5114 nionem
2490 5077 2617 5116 vero
2648 5064 2731 5116 hic
2762 5065 3029 5116 laudatum
3077 5072 3255 5129 postea
3300 5063 3363 5115 ad
3408 5061 3602 5114 inlulas
3642 5062 3807 5115 Roto-

2238 5136 2505 5199 magensis
2536 5134 2791 5186 Ecclesia:
2814 5144 3059 5187 evectum
3092 5133 3255 5187 fuisse
3286 5142 3435 5200 putat
3476 5131 3806 5200 Pomerayus

2238 5203 2291 5254 in
2324 5201 2552 5255 llistoria
2598 5205 2845 5270 Archiep.
2886 5205 3165 5271 Rotoinag.
3202 5213 3266 5255 At
3311 5204 3609 5271 refragatur
3639 5202 3803 5255 Cuiu-

2241 5272 2363 5339 tius,
2394 5275 2480 5337 qui
2507 5271 2811 5327 Gritnonetn
2843 5277 3010 5328 multo
3041 5291 3162 5327 ante
3192 5289 3388 5325 annum
3415 5271 3507 5323 741
3549 5275 3805 5325 ltotoma-

2234 5344 2383 5411 gcnsi
2414 5343 2667 5396 Ecclesia:
2696 5344 2968 5411 przel‘uiase
2997 5344 3288 5398 contendit.
3324 5342 3627 5413 Sigibertus
3652 5359 3801 5401 vero,

2233 5429 2360 5475 seu,
2395 5425 2447 5464 ut
2478 5413 2669 5466 habent
2706 5415 2843 5465 ιζ(Ιίιί
2886 5426 2937 5468 et
2980 5416 3135 5477 Boln,
3179 5414 3495 5481 Sigobcrtits,
3531 5414 3665 5465 alius
3698 5430 3799 5465 ttutl

2234 5484 2347 5539 fuit,
2377 5498 2431 5535 ut
2461 5500 2635 5537 censet
2672 5485 2946 5552 Dubletus,
2981 5500 3011 5537 a
3038 5484 3372 5553 Singiberto,
3403 5486 3493 5553 qui
3526 5484 3801 5552 Dionysia-

2234 5570 2332 5605 nns
2360 5554 2525 5606 abbas
2553 5566 2731 5621 postea
2763 5557 2873 5609 I'uit.

2311 5623 2324 5659 ί
2361 5624 2700 5695 Ed.,_prmter
2726 5624 2909 5690 Clies.,
2936 5622 3415 5695 regiium._Francia
3440 5624 3489 5676 in
3517 5625 3615 5675 tria
3641 5637 3799 5688 regna

2242 5693 2333 5744 luit
2378 5692 2501 5746 olim
2539 5696 2738 5761 divisa,
2769 5692 3095 5749 Adsti'asiam
3118 5738 3131 5761 ,
3158 5692 3514 5747 Ncustiasiatn
3536 5735 3549 5757 ,
3582 5712 3630 5746 ei
3673 5696 3788 5745 lion
