4020 6194
154 261 250 314 631

1058 242 1455 300 CIIRONICUM
1493 232 2003 296 CONTINUATUM.
2047 231 2224 287 PARS
2261 231 2529 288 TERTIA.

3327 232 3426 287 682

153 382 213 427 ει
263 368 537 425 Sum-iam,
587 376 705 432 qua:
743 373 881 412 nunc
937 356 1251 411 Alamannia
1302 352 1532 417 dicitur,
1587 358 1743 416 atque
1772 347 1815 402 Α
1848 346 2085 413 captivos
2115 344 2406 399 duxerunt.
2438 344 2564 399 Inde
2593 344 2790 399 reversi
2820 345 2960 401 circa
2985 354 3191 415 tempus
3217 355 3428 407 autum,-

153 456 508 525 Thoringiam
572 451 789 507 tradidit
818 461 869 502 κ.
902 448 1143 502 Alterum
1182 460 1311 499 vero
1364 442 1656 497 secundum
1690 440 1749 490 ti-

156 554 319 619 .‘ium,
341 547 627 618 Pippinum
664 542 905 605 nomine,
930 537 1270 608 Burgundia‘,
1296 535 1522 590 Neuster
1549 541 1602 586 et
1627 531 1749 584 Pro—

164 642 360 699 vinciar
383 636 643 708 pra-iecit.

232 737 313 789 Eo
349 746 492 786 anno
523 728 775 796 Pippinus
817 724 922 778 dux
948 761 965 788 ,
1004 730 1274 776 commoto
1309 717 1549 774 exercitu
1573 756 1587 778 ,
1628 729 1749 769 cum

159 823 429 881 avunculo
460 834 558 879 suo
584 814 980 875 Chlidebrando
1006 814 1141 867 duce
1171 821 1225 865 et
1266 808 1604 864 multitudine
1635 805 1750 876 pri-

162 929 368 971 matum
401 922 456 966 et
483 912 752 982 agminum
783 906 1070 960 satellitum
1112 903 1465 973 plurimorum
1513 899 1578 952 ad
1622 898 1754 951 Bur-

162 1008 416 1075 gnniliam
460 1005 695 1075 dirigunt
717 1040 733 1062 ,
766 1000 900 1053 ﬁnes
926 997 1206 1063 regionum
1251 998 1643 1064 prmoccupant.
1673 990 1755 1043 ln-

164 1100 362 1163 terim,
415 1095 556 1165 quod
611 1091 719 1147 dici
759 1091 912 1144 dolor
964 1098 1018 1143 et
1071 1103 1292 1155 mteror,
1346 1084 1597 1139 sollicitat
1645 1081 1751 1153 [AL

164 1190 411 1261 suscitat]
442 1190 671 1244 ruinam.
701 1186 756 1240 In
788 1185 901 1239 sole
929 1192 982 1237 et
1010 1182 1134 1235 luna
1166 1190 1220 1237 et
1246 1180 1415 1233 stellis
1437 1193 1574 1233 nova
1603 1178 1767 1255 signa,

165 1290 549 1354 apparuerunt,
572 1294 663 1334 seu
679 1287 733 1332 et
750 1275 1015 1345 paschalis
1037 1273 1169 1328 ordo
1186 1271 1576 1326 sacratissimus
1590 1271 1754 1340 682

162 1381 416 1435 turbatus
442 1376 555 1431 fuit.
581 1374 805 1430 Carolus
834 1370 1009 1443 [γαίη
1038 1367 1250 1439 Karlus]
1281 1382 1472 1435 nempe
1507 1366 1758 1436 princeps

165 1472 410 1528 Parisius
441 1467 714 1523 basilicam
759 1465 927 1519 sancti
977 1461 1214 1533 Dyani~ii
1264 1459 1515 1529 martyris
1566 1456 1749 1513 multis

166 1564 485 1619 muneribus
528 1560 743 1624 ditavit;
782 1558 1109 1626 veniensque
1153 1554 1483 1609 Carisiacum
1514 1550 1541 1589 δ
1576 1550 1753 1605 villam

168 1656 357 1724 palatii
388 1670 551 1721 super
572 1654 797 1707 lssaram
828 1651 1048 1705 ﬂuvium
1070 1690 1083 1711 ,
1110 1647 1284 1700 valida
1312 1646 1457 1701 febre
1478 1653 1759 1712 correptus

1854 438 1935 503 ni,
1969 440 2159 493 eodem
2185 454 2327 491 anno
2357 439 2546 492 iterum
2574 438 2867 494 exercitum
2909 440 3258 494 admoverunt
3289 440 3429 496 ultra

1856 531 2098 585 Iihenum
2130 538 2315 583 contra
2341 531 2685 584 Alamannos.
2711 530 3083 600 Sederunique
3109 541 3285 586 castra
3317 548 3427 587 uie-

1854 625 1948 679 tati
1972 639 2131 693 super
2161 624 2384 678 ﬂuvium
2418 624 2667 690 Danuvii,
2702 624 2755 677 in
2786 625 2904 679 loco
2931 638 3236 695 nuncupato
3257 625 3287 667 ι
3319 626 3430 681 Us-

1848 731 2085 785 quequo.
2127 715 2464 770 Habitatores
2504 715 2783 770 Alamanni
2832 732 2892 771 se
2933 718 3102 771 victos
3150 718 3425 786 videntes,

1854 806 2067 861 obsides
2095 806 2312 869 donant,
2338 807 2458 874 jura
2487 809 2822 875 promittunt,
2854 824 3075 864 munera
3100 809 3355 878 offerunt,
3379 819 3434 865 et

1856 912 2038 968 pacem
2071 906 2312 967 petentes
2338 913 2522 953 eorum
2554 915 2611 953 se
2637 899 2826 954 ditioni
2853 902 3194 955 submittunt.

1926 994 2028 1046 AN.
2060 1005 2306 1047 DCCXLI".
2331 1021 2400 1031 -—
2424 990 2581 1045 CXII.
2609 992 2739 1047 inde
2773 994 2977 1047 reversi
3016 1008 3157 1048 anno
3197 993 3431 1048 secundo

1858 1085 2006 1153 regni
2054 1099 2238 1138 eorum
2259 1128 2273 1153 ,
2304 1096 2562 1154 cognatus
2593 1099 2779 1139 eorum
2816 1086 2972 1141 Odilo
3006 1086 3111 1141 dux
3147 1087 3437 1156 Bagoario-

1857 1194 1974 1232 rum
2002 1185 2189 1231 contra
2226 1180 2370 1247 ipsos
2401 1177 2747 1233 rebellionem
2777 1180 3009 1233 excitat:
3034 1180 3291 1249 compulsi
3315 1191 3439 1234 sunt

1855 1271 2158 1340 generalem
2187 1285 2307 1325 cum
2333 1271 2566 1325 Francis.
2587 1273 2637 1326 in
2669 1273 2926 1344 Bagoaria
2961 1273 3248 1330 admovere
3277 1291 3435 1331 exer-

1858 1364 2043 1419 citum.
2060 1362 2457 1433 Venientesque
2477 1379 2639 1431 super
2655 1364 2873 1419 ﬂuvium
2895 1366 2983 1433 qui
3008 1367 3202 1421 dicitur
3230 1366 3370 1421 Lech
3387 1364 3405 1404 ἱ
3422 1409 3437 1433 ,

1856 1455 2111 1511 sederunt
2162 1471 2323 1525 super
2368 1457 2540 1523 ripam
2587 1457 2824 1512 ﬂuminis
2868 1468 3095 1528 uterque
3137 1463 3440 1528 exercitus,

1860 1546 2120 1601 hincinde
2145 1561 2205 1601 se
2227 1555 2411 1601 mutuo
2434 1547 2676 1602 videntes
2707 1564 2873 1615 usque
2890 1549 2955 1602 ad
2980 1550 3093 1604 dies
3109 1551 3436 1620 quindecim,

1859 1642 1950 1711 qui
1992 1641 2325 1696 tantumdem
2356 1642 2630 1708 provocati
2676 1641 3014 1695 irrisionibus
3043 1644 3218 1711 gentis
3257 1644 3397 1697 illius
3419 1685 3435 1708 ,

168 1751 308 1803 obiit
354 1750 407 1803 in
460 1763 610 1818 pace,
656 1745 864 1800 cunctis
909 1745 961 1797 in
1011 1756 1141 1812 gyro
1188 1741 1367 1806 regnis
1412 1738 1686 1809 acquisitis
1712 1748 1758 1789 ο.
1792 1731 1841 1792 Β
1869 1732 2236 1801 indignatione
2264 1734 2520 1787 commOti
2556 1732 2792 1800 periculo
2821 1749 2877 1785 se
2919 1733 3182 1788 dederunt
3210 1749 3307 1801 per
3331 1735 3444 1788 loca

168 1840 530 1896 llexitautem
556 1848 777 1906 utraque
797 1850 955 1905 regna
981 1848 1149 1888 annos
1171 1833 1406 1903 quinque
1426 1841 1473 1884 et
1503 1830 1686 1900 viginti
1709 1827 1758 1891 ει,

168 1931 392 1989 transiit
414 1933 589 2000 itaque
612 1928 894 1983 undecimo
918 1924 1032 1979 Kal.
1054 1922 1394 1987 Novembris,
1413 1923 1762 1990 sepultusque

176 2034 263 2078 est
302 2022 541 2076 Parisios
568 2020 621 2073 in
651 2017 867 2073 basilica
890 2016 1061 2071 sancti
1089 2011 1327 2082 Dionysii
1359 2013 1611 2082 martyris
1644 2021 1690 2063 θ.

254 2114 350 2165 Au.
382 2125 610 2165 occuli.
632 2138 702 2149 —
729 2106 860 2161 CXI.
892 2104 1188 2161 Cbiltrudis
1212 2102 1235 2141 ί
1261 2118 1468 2174 quoque
1494 2104 1596 2155 tilia
1624 2102 1761 2169 ejus,

177 2203 416 2261 faciente
447 2199 676 2253 consilio
708 2196 914 2252 nefario
946 2208 1188 2253 noverca
1223 2208 1368 2257 suae,
1400 2190 1766 2247 [raudulenter

179 2311 276 2365 per
306 2309 499 2348 manus
527 2292 786 2347 sodalium
815 2303 1032 2344 suorum
1057 2287 1305 2343 Rhenum
1336 2286 1580 2347 transiit,
1614 2295 1671 2339 et
1692 2286 1764 2351 ad

180 2388 467 2445 0dilonem
504 2394 528 2432 ε
551 2384 739 2438 ducem
769 2380 1045 2450 Ragnar-iac
1074 2378 1353 2447 pervenit:
1383 2377 1472 2432 ille
1494 2392 1623 2431 vero
1648 2393 1764 2431 eam

180 2478 248 2532 ad
280 2476 591 2546 conjugium
623 2474 892 2543 copulavit
915 2480 1103 2527 contra
1128 2471 1452 2525 voluntatem
1476 2469 1560 2523 vel
1587 2471 1769 2524 consi-

182 2569 315 2623 lium
343 2568 564 2620 fratrum
593 2579 831 2619 suorum.
861 2562 1066 2617 Interea
1088 2559 1472 2616 rebellantibus
1490 2559 1771 2615 Wasconi—

183 2661 285 2715 bus
328 2660 380 2712 in
421 2657 635 2725 regione
680 2653 1015 2723 Aquitaniae,
1056 2667 1176 2707 cum
1207 2648 1572 2706 Chunoaldol
1599 2651 1770 2717 duce,

183 2751 301 2805 tilio
330 2748 550 2802 Eudone
578 2746 878 2815 quondam,
907 2743 1300 2801 Carlomannus
1326 2751 1488 2813 atque
1519 2743 1773 2812 Pippinus

185 2840 464 2910 principes
493 2837 753 2907 germani,
785 2846 1109 2905 congregato
1138 2837 1378 2891 exercitu
1412 2877 1427 2900 ,
1460 2835 1668 2904 Ligeris
1697 2835 1774 2889 al-

187 2949 348 2987 veum
385 2928 674 2982 Aurilianis
697 2928 826 2981 urbe
852 2934 1149 2990 transeunt,
1169 2926 1439 2981 Romanos
1471 2933 1772 2994 proterunt,

187 3040 365 3093 usque
399 3020 671 3089 Beturigas
702 3022 889 3074 urbem
927 3020 1218 3085 accedunt,
1265 3020 1571 3075 suburbana
1606 3018 1777 3090 ipsius

1867 1825 2079 1882 deserta
2109 1837 2163 1881 et
2192 1826 2469 1895 palustria,
2489 1826 2574 1879 ubi
2601 1840 2716 1879 mos
2742 1827 3049 1880 transeundi
3073 1836 3112 1863 πι
3144 1828 3447 1881 nullatenus

1866 1919 2089 1973 aderat:
2121 1927 2382 1987 nocteque
2412 1917 2712 1982 irruentes,
2746 1917 2930 1972 divisis
2962 1920 3317 1985 exercitibus,
3351 1935 3447 1973 eos

1867 2010 2187 2079 improvisos
2209 2019 2627 2080 occupaverunt.
2648 2009 3059 2080 Commissaque
3082 2012 3290 2080 praelia,
3315 2026 3448 2079 pra:-

1865 2103 2042 2159 dictus
2066 2104 2168 2155 dux
2200 2101 2377 2171 0dilo,
2408 2118 2550 2157 caeso
2577 2102 2818 2157 exercitu
2850 2117 2969 2171 suo,
3000 2105 3086 2157 vix
3118 2120 3237 2158 cum
3270 2105 3448 2172 paucis

1868 2194 2096 2263 turpiter
2127 2194 2269 2247 ultra
2320 2193 2445 2267 Igne
2478 2202 2505 2230 η
2555 2194 2771 2247 ﬂuvium
2823 2193 3073 2263 fugiendo
3118 2196 3307 2250 evasit.
3361 2197 3453 2251 liis

1869 2289 2150 2356 triumphis
2177 2288 2403 2357 peractis
2437 2304 2539 2342 non
2566 2289 2682 2342 sine
2708 2288 2988 2357 dispendio
3021 2290 3335 2357 multorum,
3358 2284 3452 2344 ta-

1869 2396 1992 2435 men
2021 2380 2246 2435 feliciter
2276 2381 2508 2434 victores
2534 2380 2599 2432 ad
2629 2381 2843 2448 propria
2873 2392 3269 2435 remeaverunt.

1941 2474 2047 2527 AN.
2088 2485 2332 2526 nccxuv.
2364 2500 2433 2511 —
2461 2469 2645 2524 CXIII.
2697 2470 2922 2525 Evoluto
2966 2472 3198 2527 triennio
3254 2472 3448 2529 iterum

1871 2562 2262 2617 Carlomannus
2289 2562 2580 2616 confinium
2608 2562 2977 2628 Saxonorum,
3011 2565 3142 2631 ipsis
3181 2565 3453 2619 rebellan-

1873 2656 2035 2717 tibus,
2064 2669 2184 2708 cum
2217 2654 2453 2709 exercitu
2479 2654 2710 2721 irrupit;
2757 2655 2936 2723 ibique
2975 2658 3146 2723 captis
3179 2658 3447 2711 habitato-

1874 2746 2045 2813 ribus,
2072 2746 2161 2815 qui
2192 2760 2289 2799 suo
2313 2759 2477 2815 regno
2506 2744 2695 2799 affines
2731 2759 2855 2799 esse
2890 2746 3225 2813 videbantur,
3255 2750 3456 2818 absque

1872 2836 1999 2891 belli
2021 2836 2332 2891 discrimine
2356 2835 2582 2890 feliciter
2602 2835 2907 2905 acquisivit,
2927 2846 2981 2891 et
3003 2838 3215 2907 plurimi
3239 2857 3450 2900 eorum,

1874 2930 2090 2986 Christo
2118 2929 2285 2998 duce,
2324 2928 2573 2996 baptismi
2623 2938 2960 2983 sacramento
3002 2933 3298 2986 consecrati
3348 2937 3459 2988 fue-

1880 3031 2023 3077 runt.
2054 3020 2155 3076 Per
2178 3020 2318 3077 idem
2349 3028 2559 3083 tempus
2590 3018 2888 3105 rebellante
2924 3022 3094 3093 685.
3119 3023 3457 3080 Theudebal-

186 3115 317 3185 igne
355 3112 697 3168 comburunt.
744 3110 1115 3165 Chunoaldum
1161 3110 1347 3165 ducem
1393 3124 1778 3184 persequentes
1806 3099 1852 3163 C
1882 3113 1951 3167 do
1980 3122 2040 3172 υ,
2086 3111 2196 3165 ﬂlio
2244 3109 2494 3165 Gudfredi
2525 3099 2715 3178 ducis,
2775 3112 3033 3181 Pippinus
3081 3130 3201 3169 cum
3257 3117 3460 3172 virtute

190 3210 405 3279 fugant,
430 3215 623 3261 cuncta
654 3216 947 3259 vastantes.
973 3204 1136 3275 683
1168 3203 1338 3258 Lucca
1371 3204 1387 3241 ί
1422 3215 1662 3260 castrum
1693 3207 1777 3262 di-

191 3310 398 3364 ruunt,
449 3306 609 3366 atque
656 3296 893 3349 funditus
941 3296 1296 3362 subvertant,
1347 3299 1595 3354 custodes
1635 3300 1778 3355 illius

194 3389 361 3443 castri
394 3389 643 3454 capiunt,
688 3396 742 3441 et
769 3384 902 3441 inibi
942 3387 1175 3441 victores
1219 3387 1502 3442 exsisumt.
1540 3389 1775 3445 Prmdam

195 3482 303 3537 sibi
354 3482 694 3548 dividentes,
736 3480 1065 3536 habitatores
1113 3481 1351 3550 ejusdem
1404 3484 1544 3536 Iocil
1597 3500 1777 3540 secuui

196 3619 492 3685 gundiam,
533 3625 589 3670 et
632 3616 1045 3685 unumquodque
1093 3630 1246 3669 suum
1295 3614 1549 3682 majorem
1597 3618 1777 3682 palatii

200 3690 469 3752 habebat,
498 3688 706 3743 etiamsi
733 3689 841 3739 duo
867 3697 957 3740 aut
995 3687 1091 3739 tria
1131 3685 1218 3737 illa
1261 3701 1422 3756 regna
1460 3689 1779 3756 quandoque

201 3761 425 3816 unicum
456 3759 653 3824 Regem
685 3758 963 3811 haberent.
994 3757 1127 3809 Tum
1162 3755 1625 3824 Burgumiionibus
1653 3759 1781 3811 Neu-

202 3830 417 3885 strasiae
447 3830 624 3883 unitis.
654 3828 761 3881 duo
789 3826 1124 3881 solummodo
1151 3827 1297 3879 fuere
1323 3840 1512 3893 regna;
1541 3837 1593 3880 et
1617 3829 1781 3880 Caro-

204 3904 326 3961 lus,
356 3902 567 3954 devicto
610 3899 955 3968 llaginfredo,
991 3898 1178 3949 unicus
1220 3894 1320 3948 fuit
1356 3896 1408 3948 in
1440 3907 1665 3968 utroque
1692 3900 1780 3951 illo

204 3986 375 4040 regno
417 3970 587 4039 tuajor
636 3967 834 4040 palatii.
889 3969 1013 4021 Hmc
1058 3976 1233 4040 autem
1286 3981 1478 4033 regna,
1521 3967 1634 4022 sive
1673 3979 1778 4021 tota

206 4039 469 4101 Francia,
520 4049 642 4110 octo
691 4039 937 4110 regiones
987 4039 1219 4110 majores
1273 4039 1785 4110 complectebantur,

206 4111 477 4166 Austriam
500 4152 513 4168 ,
543 4107 791 4164 Sueviatii
814 4150 828 4173 ,
856 4108 1202 4175 Thuringiam
1221 4146 1236 4169 ,
1278 4107 1574 4174 liajoariam
1602 4150 1617 4172 ,
1651 4108 1789 4163 Neu-

207 4183 420 4245 striaui,
446 4179 823 4250 Burgundiam,
850 4179 1203 4250 Provinciam,
1228 4177 1562 4250 Aquitaniam
1571 4194 1593 4250 ε
1616 4179 1789 4246 Septi-

210 4252 388 4305 mania
411 4248 607 4314 autem,
634 4265 751 4317 qua:
778 4249 1136 4318 intraiGallias
1157 4259 1292 4310 erat,
1318 4248 1536 4316 parebat
1557 4248 1791 4318 Gouhis,

209 4325 325 4375 sive
356 4321 625 4389 Hispaniae
656 4320 889 4388 regibus.
913 4317 970 4371 In
997 4318 1260 4371 divisione
1286 4330 1460 4371 autem
1492 4320 1626 4373 facta
1654 4317 1791 4375 inter

210 4392 389 4446 Caroli
423 4391 560 4443 filios
592 4391 735 4442 nulla
767 4390 965 4444 mentio
990 4391 1225 4443 occurrit
1262 4389 1514 4457 Bajoaria’
1539 4402 1593 4444 et
1621 4394 1789 4459 Aqui-

214 4463 398 4524 lanize,
427 4462 569 4530 quod
604 4462 876 4514 Hnnoldus
902 4460 1196 4528 Aquitaniae
1226 4459 1327 4511 dux
1363 4475 1452 4513 seu
1489 4461 1788 4526 prmfecms,

214 4543 271 4587 et
293 4532 454 4583 Oddo
483 4532 766 4599 liajoarize.
810 4534 1181 4583 auctoritatem
1213 4530 1427 4583 nimiam
1447 4572 1461 4593 ,
1491 4548 1650 4599 quam
1692 4534 1791 4586 sibi

216 4604 317 4656 sub
343 4599 558 4671 Majoris
589 4602 780 4654 domus
811 4601 964 4654 titulo
995 4601 1218 4655 Carolus
1258 4603 1573 4670 arrogabat,
1605 4606 1787 4669 exosi,

216 4688 338 4727 sese
368 4672 467 4740 ipsi
489 4672 716 4726 subdere
746 4671 1045 4725 noluerant.

294 4754 319 4787 ί·
351 4743 484 4796 Bob.
514 4751 568 4797 et
596 4744 773 4813 Colb.,
798 4744 851 4795 in
880 4742 1211 4813 Thoringiunt
1238 4742 1544 4796 sublimauit.
1575 4744 1793 4798 Etinl'ra

218 4813 319 4866 Ch.
348 4822 405 4866 et
445 4814 601 4880 lioh.,
643 4812 1000 4881 Burgundiam
1034 4811 1088 4865 et
1122 4811 1343 4866 Neuster
1382 4822 1429 4864 et
1471 4813 1795 4869 Provinciam

222 4884 469 4937 nermisit.

296 4953 322 4991 δ
357 4954 511 5015 Dom,
530 4952 740 5006 Cariam
760 4952 899 5007 villa.
925 4950 1164 5006 Celebris
1190 4953 1285 5006 fuit
1307 4955 1418 5007 hmc
1441 4955 1582 5021 regia
1606 4956 1796 5011 domus

223 5026 323 5077 sub
350 5023 582 5095 secunda
611 5038 795 5095 regum
826 5026 1010 5091 Stirpe,
1045 5024 1201 5090 vulgo
1227 5023 1417 5095 Kiersi,
1447 5039 1501 5078 ut
1527 5026 1640 5080 fuse
1675 5043 1798 5095 pro-

224 5096 379 5148 batur
405 5094 493 5146 lib.
524 5109 574 5146 IV
600 5092 667 5145 de
698 5094 774 5147 Re
795 5095 1069 5162 diplomat.
1101 5110 1247 5147 num.
1280 5094 1366 5148 δυ.

300 5176 322 5202 ο
359 5164 503 5226 Vat.,
536 5173 718 5216 cuncta
746 5164 800 5215 in
828 5179 956 5234 gyro
976 5165 1224 5234 acquisita
1244 5181 1431 5235 regna,
1456 5167 1693 5221 additutn
1723 5168 1796 5221 al.

224 5248 406 5296 manu,
435 5236 745 5301 relinquens.

298 5304 323 5340 ά
356 5304 411 5355 Id
448 5313 531 5357 est
574 5319 603 5356 a
650 5317 819 5372 pugna
854 5303 1181 5358 Vinciacensi
1205 5344 1220 5365 ,
1250 5305 1301 5357 in
1340 5321 1439 5370 qua
1480 5306 1689 5369 fugatus
1720 5318 1802 5362 est

226 5372 599 5438 Raginfridus;
642 5390 760 5425 natu
805 5373 937 5427 alias
974 5389 1117 5427 anno
1145 5377 1223 5426 sui
1265 5374 1489 5429 ducatus
1518 5376 1589 5429 26
1614 5389 1705 5431 aut
1731 5378 1800 5430 Q7

227 5446 512 5499 defunctus
539 5456 640 5504 est,
674 5455 729 5496 ut
754 5443 1055 5497 babentalii
1084 5447 1612 5501 auctores.Nonnulli
1640 5448 1798 5501 etiam

225 5519 476 5570 eumdem
508 5516 638 5568 Idib.
656 5512 901 5567 Octobris
928 5515 1257 5577 defunctum,
1278 5532 1339 5568 ac
1367 5532 1415 5568 κι
1444 5516 1561 5571 Kal.
1588 5519 1805 5571 Decem-

228 5586 339 5640 bris
360 5588 628 5658 sepuituru
653 5586 839 5658 volunt
865 5584 917 5637 in
942 5584 1157 5658 basilica
1179 5587 1343 5638 sancti
1362 5586 1403 5639 D
1427 5587 1620 5658 ooysii,
1646 5603 1802 5652 quam

233 5659 315 5709 hic
350 5650 585 5709 I’arisius
613 5655 891 5709 exsiitisse
939 5650 1012 5708 :lit
1057 5665 1264 5718 auctor,
1311 5650 1552 5724 quamvis
1599 5650 1803 5711 duabus

232 5724 398 5782 leucis
427 5731 496 5780 ab
528 5727 658 5779 urbe
688 5726 949 5788 distaret,
982 5734 1039 5779 ut
1067 5726 1419 5788 observarunt
1451 5730 1547 5784 viri
1589 5729 1803 5785 eruditi.

501 5822 772 5880 I‘ATROL.
820 5817 1022 5877 ιΧΧι

1883 3206 2149 3259 exercitus
2177 3203 2260 3257 sui
2291 3202 2359 3257 ab
2387 3202 2664 3258 obsidione
2696 3205 2907 3273 Alpium
2941 3216 2969 3255 Ρ
2994 3207 3226 3275 turpiter
3255 3208 3462 3277 expulit

1882 3297 2201 3365 fugientem;
2253 3304 2610 3363 revocatoque
2658 3293 2762 3349 sibi
2807 3298 3049 3365 ejusdem
3090 3298 3193 3353 loci
3231 3299 3458 3369 ducatu,

1884 3388 2054 3441 victor
2080 3385 2144 3439 ad
2180 3385 2393 3453 prepria
2427 3386 2706 3441 remeavit.

1957 3485 2057 3533 Au.
2091 3493 2309 3532 nccva.
2334 3477 2606 3534 -—CXIV.
2639 3477 2767 3533 lude
2809 3482 3011 3536 reversi
3052 3482 3295 3552 praedicti
3332 3500 3459 3556 ger-

1886 3617 2011 3676 Ch.,
2039 3613 2110 3666 al.
2135 3612 2239 3664 duo
2260 3619 2307 3664 et
2332 3611 2528 3678 viginti.

1968 3695 1992 3723 ο
2027 3683 2124 3737 Hic
2144 3682 2395 3736 desinunt
2423 3682 2634 3735 codices
2662 3680 2846 3749 scripti
2871 3680 3022 3738 Colb.
3059 3682 3254 3742 Vatie..
3285 3698 3339 3741 et
3363 3689 3467 3744 Na-

1887 3758 2132 3810 zarianus
2161 3768 2224 3805 ex
2247 3751 2582 3824 Bibliotheca
2611 3752 2989 3824 archipalatina
3035 3755 3171 3820 apud
3208 3754 3460 3824 Freher.,

1889 3830 2028 3880 sicut
2053 3831 2108 3877 et
2134 3821 2263 3875 editi
2290 3820 2431 3884 Coi.,
2466 3822 2640 3892 Bign.,
2676 3823 2822 3885 Bar.,
2860 3823 3002 3892 Illyr.
3035 3833 3088 3879 et
3112 3825 3279 3879 Boch.
3313 3820 3465 3884 Unde

1890 3913 2009 3964 qua:
2036 3902 2331 3964 sequuntur
2365 3893 2471 3964 alio
2513 3891 2760 3964 tituloab
2792 3896 2893 3964 h_ac_
2918 3891 3065 3959 parte
3107 3900 3469 3964 separavisse~

1891 3959 2032 4029 mus,
2065 3959 2163 4017 nisi
2190 3960 2492 4017 obstitisset
2514 3959 2790 4027 inscriptio
2814 3962 3036 4017 inferius
3060 3959 3357 4021 referenda.

1974 4036 1992 4074 τ
2027 4034 2151 4098 Alii,
2182 4032 2738 4106 Uiltrudis._Nurneros
2767 4031 3016 4106 deinceps
3044 4033 3306 4101 capitibus
3333 4054 3469 4106 prm-

1895 4107 2110 4162 ﬁximus
2148 4109 2216 4157 ob
2242 4102 2512 4156 citationis
2541 4102 2899 4167 commodum,
2931 4104 3058 4158 licet
3079 4106 3211 4159 nulli
3233 4102 3387 4164 antea
3416 4112 3468 4164 in

1896 4177 2053 4233 editis
2080 4183 2172 4228 aut
2196 4172 2410 4231 scriptis
2438 4173 2781 4226 haberentur.

1969 4258 1995 4295 ε
2031 4248 2166 4300 Bob.
2185 4254 2239 4299 et
2264 4243 2354 4297 alii
2384 4242 2659 4307 mendose,
2684 4242 3008 4309 Dodilonem,
3032 4258 3085 4300 et
3110 4246 3244 4301 infra
3272 4248 3471 4305 Hodiio

1901 4319 2116 4373 dicitur.
2143 4316 2190 4369 ls
2219 4323 2303 4370 est
2328 4313 2483 4368 0dilo
2509 4315 2625 4385 sub
2650 4316 2803 4379 cujus
2850 4315 3107 4385 regimine
3139 4320 3270 4372 lides
3310 4321 3468 4376 (λιι-ί..

1900 4394 2069 4446 Stiaua
2094 4387 2316 4441 multum
2346 4386 2514 4438 crevit
2538 4383 2589 4438 in
2617 4384 2852 4440 Bavaria.

1970 4458 1997 4496 ιι
2029 4458 2157 4521 Alii,
2192 4456 2517 4518 Hunatdum,
2545 4471 2639 4511 seu
2668 4455 2993 4525 llunoldum,
3025 4460 3314 4527 appellant.
3340 4462 3468 4520 Cati.

1897 4532 2084 4593 semel,
2118 4528 2528 4581 Chunobaldum.

1978 4601 1988 4636 ί
2032 4601 2196 4668 Vulgo
2230 4596 2456 4662 Loclies,‘
2475 4597 2612 4667 apud
2640 4597 2880 4653 Turones
2900 4642 2915 4665 ,
2948 4600 3014 4655 de
3042 4616 3147 4669 quo
3171 4603 3303 4656 alias
3334 4605 3475 4661 dixi-

1896 4688 2034 4726 mus.

1972 4744 1987 4791 i
2025 4742 2114 4813 Sic
2140 4755 2205 4813 ex
2232 4738 2367 4813 Boh.
2389 4738 2741 4813 restituimus,
2766 4741 2856 4810 qui
2882 4742 3036 4794 habet
3059 4744 3285 4813 ejusdem
3315 4745 3475 4808 locis;

1898 4812 2076 4867 caueri
2089 4853 2102 4875 ,
2129 4812 2320 4863 eisdem
2352 4812 2493 4862 locis.

1971 4882 1994 4919 ¹ί
2024 4881 2212 4946 Ches.,
2258 4891 2603 4950 nuncupante.
2649 4880 2809 4934 Freh.
2856 4897 3039 4935 vocem
3071 4881 3341 4951 Usqui'qtto
3381 4899 3478 4949 pro

1899 4952 2155 5007 adverbio
2182 4955 2367 5017 suum,
2401 4960 2687 5020 inciletque
2718 4968 2909 5007 nomen
2945 4954 3042 5007 loci
3072 4955 3347 5022 proprium
3380 4955 3474 5007 des

1900 5041 2041 5080 esse.

1982 5094 1995 5131 ι
2029 5093 2306 5159 Hodieque
2330 5091 2459 5145 Lech
2493 5106 2586 5146 seu
2620 5092 2756 5147 Lecx
2783 5094 3087 5147 nominatur
3113 5135 3126 5157 ,
3172 5092 3357 5148 Latine
3382 5094 3455 5149 Le

1902 5166 2065 5228 chus,
2099 5166 2291 5229 Licus,
2315 5176 2368 5217 et
2397 5165 2583 5232 Lycias
2612 5165 2819 5223 dictus,
2851 5167 2989 5216 inter
3018 5164 3267 5217 Suizviam
3295 5178 3347 5216 «τι
3376 5168 3446 5219 Ba

1904 5239 2100 5289 variam
2127 5236 2332 5297 ﬂuens;
2372 5233 2610 5287 Danubio
2640 5235 2894 5286 miscetur
2918 5234 3057 5302 apud
3091 5233 3367 5289 Werdam.

1975 5316 2015 5343 m
2051 5306 2211 5369 Editi,
2236 5305 2318 5356 ubi
2350 5320 2474 5372 pons
2502 5305 2832 5356 transeundo.

1977 5386 2003 5413 ἰ
2037 5378 2083 5430 18
2114 5386 2197 5429 est
2229 5374 2421 5438 IEuus,
2446 5389 2539 5425 seu
2566 5372 2785 5447 (Emis,
2812 5375 2970 5443 vulgo
2996 5372 3059 5427 In
3094 5390 3186 5428 seu
3218 5375 3319 5429 lim
3346 5419 3361 5441 ,
3393 5396 3481 5447 qui

1906 5448 1959 5501 iu
1985 5446 2205 5515 Alpibus
2231 5456 2415 5508 ortus,
2461 5454 2517 5497 ut
2546 5446 2739 5498 dicitur
2767 5445 2934 5511 infra,
2971 5446 3166 5500 labitur
3206 5449 3255 5500 in
3302 5445 3483 5504 Danu-

1907 5518 2071 5572 biUIn.

1992 5598 2017 5623 ο
2043 5586 2249 5641 Suevia;
2276 5602 2367 5639 seu
2399 5585 2721 5639 Alemanuiar
2750 5587 2907 5641 duce.

1983 5668 2010 5706 Ρ
2041 5660 2238 5726 Alpes,
2290 5658 2343 5729 ni
2395 5656 2565 5729 fallor,
2612 5658 2848 5725 appellat
2877 5659 3064 5728 Vosagi
3089 5673 3317 5720 montes.
3351 5679 3485 5729 quos

1915 5738 2243 5786 transmeato
2286 5728 2471 5784 lihcno
2507 5726 2849 5784 Theobaldus
2878 5726 3142 5797 occupare
3172 5733 3341 5786 cuttub
3362 5726 3485 5789 (tur.-

2974 5826 3052 5886 22
