4020 6194
568 234 673 290 683
1190 229 1615 293 FREDEGARII
1653 229 2095 287 SCIIOLASTIGI
2123 230 2370 287 CHRON.
2398 228 2665 285 CONTIN.
2710 229 2887 285 PARS
2913 231 3187 288 TERTIA.
3722 227 3827 276 (58
3849 226 3876 277 ὶ

567 358 730 407 mam.
760 351 1017 412 sequente
1042 357 1187 398 anno
1206 383 1222 407 ,
1244 352 1534 412 provocato
1555 345 1819 398 cothurno
1840 344 2139 399 Wascono-
2168 350 2214 405 Α
2242 348 2487 397 stiterant
2513 356 2576 409 ὀ,
2615 346 2918 411 plenissima
2942 346 3205 401 solutione
3230 349 3298 402 ab
3317 349 3479 419 685
3502 364 3569 403 co
3592 358 3872 417 tempore

567 451 682 489 rum
710 476 725 497 ,
775 438 963 487 iterum
997 443 1022 470 ⁸
1050 450 1218 501 usque
1270 434 1334 487 ad
1390 435 1613 503 Ligerim
1666 434 1885 488 ﬁuvium
1941 437 2142 503 pariter
2247 440 2497 504 deinceps
2527 452 2647 491 esse
2677 454 2736 491 se
2768 440 3068 493 reddituros
3102 442 3483 509 promiserunt.
3524 443 3605 495 Ex
3632 444 3865 512 quibus

564 524 779 577 adunati
813 534 1092 579 venerunt.
1117 526 1267 589 Quod
1305 526 1547 578 videntes
1577 524 1904 591 Wascones,
1938 541 2137 594 praeoc-
2238 527 2472 594 plurima
2504 527 2789 581 multitudo
2821 529 3060 583 videntes
3082 546 3140 585 se
3168 541 3351 585 contra
3382 534 3639 601 impetum
3661 534 3765 587 Fm
3780 552 3863 585 ιι-

552 626 912 685 ‘cupaverunt,
949 631 1131 685 pacem
1161 625 1421 685 petentes,
1462 626 1517 671 et
1558 618 1885 672 voluntatem
1931 619 2140 687 Pippini

567 714 619 766 in
646 714 896 767 omnibus
926 722 1303 782 exsequentes,
1335 720 1669 767 muneratam
1697 726 1826 767 eum
1868 727 1899 767 a
1943 713 2138 768 ﬁnibus

563 805 675 857 suis
706 814 764 857 ut
794 805 993 858 rediret
1024 803 1272 871 precibus
1300 803 1673 859 obtinuerunt.

638 898 739 950 AN.
791 891 1308 950 nccxtvn—CXV.
1360 894 1451 948 llis
1504 895 1825 959 transactis,
1880 907 2143 964 sequente

567 1003 743 1051 anno,
769 988 894 1041 dum
924 986 1208 1041 Alamanni
1257 997 1441 1041 contra
1484 985 1902 1042 Carlomannum
1954 1003 2140 1042 eorum

567 1081 723 1134 ﬁdem
753 1079 1089 1140 fefellissent.
1123 1080 1236 1148 ipse
1262 1095 1384 1133 cum
1414 1094 1605 1148 magno
1636 1079 1815 1133 furore
1835 1096 1955 1133 cum
1988 1095 2143 1135 exer-

556 1170 671 1223 citu
703 1172 753 1225 in
781 1187 961 1225 eorum
996 1171 1220 1238 patriam
1253 1174 1574 1237 peraccessit
1597 1211 1611 1232 ,
1659 1180 1714 1223 et
1757 1170 2013 1237 plurimos
2050 1186 2143 1224 eo-

566 1276 716 1326 rum,
756 1262 843 1327 qui
892 1269 1078 1315 contra
1127 1260 1302 1328 ipsum
1334 1259 1564 1314 rebelles
1592 1260 1930 1323 existebant,
1963 1260 2142 1329 gladio

567 1352 871 1406 trucidavit.

641 1447 743 1499 AN.
783 1459 1047 1499 DCCXLVII.
1072 1472 1143 1483 —
1170 1441 1355 1498 CXVI.
1392 1442 1483 1497 llis
1528 1443 1598 1496 ita
1647 1444 1849 1511 gestis,
1893 1443 2138 1512 sequenti

568 1537 840 1591 curriculo
880 1550 1169 1602 annorum,
1202 1536 1586 1590 Carlomannus
1625 1536 1929 1591 devotionis
1978 1552 2138 1592 causa

546 1629 890 1684 .iuexstiuctu
919 1627 946 1666 δ
973 1644 1259 1683 succensus
1279 1672 1294 1697 ,
1329 1644 1548 1699 regnum
1593 1643 1696 1682 una
1743 1643 1862 1683 cum
1908 1629 2013 1683 ﬁlio
2041 1645 2140 1685 suo

2243 633 2429 674 corum
2453 620 2718 675 rebellare
2741 636 2845 675 non
2870 637 3053 690 posse,
3081 614 3308 692 prapriis
3332 626 3534 679 viribus
3562 625 3862 689 destituti,

2248 712 2519 778 petierunt
2562 711 2661 765 sibi
2706 710 3127 767 Christianitatis
3169 727 3502 769 sacramenta
3550 720 3847 770 conferre.

2191 795 2197 801 ’
2246 804 2361 868 Quo
2385 812 2599 869 peracto
2625 812 2862 870 tempore
2889 803 3130 869 Bagoarii
3148 805 3373 859 consilio
3396 805 3741 860 nefandorum
3788 806 3817 843 τ
3834 848 3854 867 ,

2246 893 2438 946 iterum
2469 908 2651 947 eorum
2686 892 2842 946 tidem
2876 892 3206 959 fefellerunt,
3232 904 3285 948 et
3312 904 3499 949 contra
3543 897 3844 962 prail'aturn

2247 985 2537 1053 principem
2566 1000 2749 1039 eorum
2782 985 2938 1038 ﬁdem
2970 986 3177 1039 mentiti
3204 997 3349 1039 sunt.

2317 1080 2415 1129 An.
2455 1090 2697 1129 nccxux.
2722 1105 2791 1114 —
2812 1077 2923 1140 Qua
2953 1076 3018 1129 de
3044 1093 3100 1131 re
3121 1086 3389 1131 commoto
3419 1088 3663 1132 excrettu
3698 1095 3843 1133 curn

2238 1182 2439 1236 magno
2481 1170 2692 1236 agmine
2738 1176 2994 1236 apparato
3024 1183 3209 1222 eorum
3238 1170 3437 1238 patrias
3484 1175 3840 1238 pernecessir.

2245 1260 2347 1326 Ipsi
2377 1274 2505 1311 vero
2537 1268 2742 1312 terrere
2771 1260 3029 1328 compulsi
3074 1261 3210 1313 ultra
3262 1261 3480 1316 ﬂuvium
3512 1265 3620 1334 lgni
3655 1274 3680 1310 ε
3707 1280 3843 1318 cum

2247 1351 2500 1405 uxoribus
2543 1365 2606 1405 ac
2635 1351 2816 1406 liberis
2861 1367 3047 1406 eorum
3092 1351 3385 1422 fugientes,
3410 1365 3462 1410 et
3499 1372 3841 1413 memoratus

2246 1441 2492 1511 princeps
2540 1456 2700 1509 super
2751 1442 2922 1510 ripam
2970 1443 3078 1512 lgni
3126 1455 3300 1499 castra
3335 1458 3605 1512 metatus,
3641 1451 3836 1505 navale

2238 1536 2482 1606 praelium
2524 1536 2879 1604 praeparavit,
2908 1537 3135 1605 qualiter
3175 1552 3267 1592 eos
3303 1540 3368 1591 ad
3402 1540 3839 1595 internecionem

2243 1638 2668 1696 persequeretur.
2703 1626 2853 1693 Quod
2885 1629 3124 1683 videntes
3150 1630 3313 1701 686
3342 1630 3611 1699 Bagoarii,
3640 1648 3836 1686 eorum

580 1721 827 1789 Drogone
858 1721 1105 1775 manibus
1144 1721 1382 1791 germani
1417 1721 1495 1774 sui
1528 1720 1733 1789 Pippini
1775 1723 2146 1787 committens,
2179 1727 2227 1786 Β
2254 1720 2454 1773 viribus
2485 1736 2544 1774 se
2575 1720 2835 1774 auxiliare
2862 1736 2965 1774 non
3000 1735 3174 1789 posse,
3202 1722 3406 1791 legatos
3429 1739 3551 1776 cum
3587 1729 3840 1777 muneri-

548 1810 640 1863 ‘ad
672 1809 853 1864 limina
885 1811 1160 1864 beatorum
1192 1810 1557 1880 apostolorum
1590 1810 1732 1865 Petri
1771 1821 1827 1866 et
1857 1810 2008 1866 Pauli
2042 1812 2142 1866 Ro-

546 1916 727 1966 sinam,
762 1901 813 1955 iu
842 1902 1225 1956 monachorum
1251 1901 1442 1955 ordine
1468 1910 1906 1970 perseveraturus
1932 1912 1954 1940 ο
1982 1901 2141 1957 adve-

544 1994 661 2047 ‘nit.
694 1992 806 2059 Qua
835 1993 1174 2048 successione
1206 1993 1465 2063 Pippinus
1493 1992 1779 2047 roboratur
1812 1994 1863 2046 in
1893 2009 2138 2064 regnum.

637 2085 840 2140 CXVII.
865 2085 1061 2140 Eodem
1086 2101 1227 2140 anno
1240 2086 1500 2149 Saxones,
1519 2100 1666 2139 more
1683 2094 1960 2149 consueto,
1979 2084 2138 2139 tidem

560 2190 725 2241 quam
754 2192 1005 2245 germano
1043 2191 1143 2230 suo
1162 2175 1531 2243 promiserant
1553 2174 1765 2230 mentiri
1796 2175 1969 2230 conati
1994 2187 2138 2230 sunt.

549 2263 674 2334 ‘Qua
697 2266 765 2321 de
787 2282 943 2321 causa
965 2269 1198 2321 adunato
1223 2268 1481 2331 exercitu,
1504 2282 1598 2322 eos
1620 2270 1912 2335 prmvetiire
1942 2267 1967 2306 ἀ
1989 2284 2136 2323 com-

563 2358 748 2425 pulsus
773 2365 874 2410 est.
905 2356 1000 2410 Cui
1030 2357 1192 2410 etiam
1241 2371 1393 2424 reges
1432 2355 1765 2410 Winidorum
1805 2372 1899 2411 seu
1938 2357 2134 2413 Frisio-

564 2461 691 2501 num
720 2446 785 2500 ad
818 2446 1181 2500 auxiliandum
1211 2461 1320 2500 uno
1353 2447 1533 2499 animo
1570 2459 1957 2501 convenerunt.
1986 2448 2136 2515 Quod

551 2542 805 2596 'videntes
833 2540 1093 2605 Saxones,
1115 2551 1374 2596 consueto
1404 2540 1595 2594 timore
1618 2542 1916 2610 compulsi,
1956 2542 2137 2599 multis

565 2650 629 2689 ex
659 2635 739 2689 eis
765 2634 871 2702 jam
896 2634 1198 2698 trucidatis,
1232 2643 1288 2688 et
1322 2634 1372 2687 in
1401 2634 1709 2703 captivitate
1737 2634 1934 2701 miSsis,
1966 2636 2137 2705 regio-

566 2729 719 2780 nibus
744 2742 928 2782 eorum
971 2727 1197 2796 igneque
1236 2727 1612 2787 concrematis.
1662 2743 1848 2798 pacem
1893 2738 2138 2798 petentes

552 2816 663 2892 ‘jnri
696 2819 1019 2875 Francorum
1050 2834 1192 2886 sese,
1224 2828 1279 2874 ut
1300 2820 1594 2885 antiquitus
1618 2835 1736 2874 mos
1762 2820 1934 2874 fuerat
1958 2861 1974 2885 ,
2014 2820 2139 2876 sub-

546 2910 850 2967 Ididerunt:
879 2920 934 2969 et
954 2928 1015 2968 ea
1045 2914 1239 2968 tributa
1266 2928 1386 2984 quae
1414 2912 1685 2968 Chlotarie
1711 2912 1976 2984 quondam
2000 2929 2141 2984 pra:-

2246 1813 2344 1866 bus
2371 1815 2551 1867 multis
2582 1815 2947 1868 transmittunt
2968 1855 2982 1876 ,
3023 1826 3074 1869 et
3122 1815 3173 1868 in
3221 1816 3339 1883 ejus
3376 1817 3590 1871 ditione
3619 1833 3677 1872 se
3704 1818 3841 1872 sub-

2238 1905 2396 1970 dunt,
2426 1917 2479 1960 et
2506 1916 2836 1961 stcraineota
2863 1908 2945 1960 vel
2976 1907 3192 1961 obsides
3222 1908 3423 1962 donant
3448 1950 3464 1974 ,
3514 1918 3572 1964 ut
3597 1925 3663 1963 ne
3694 1910 3841 1963 ulte-

2248 2000 2361 2051 rius
2389 1997 2620 2051 rebelles
2649 2000 2900 2053 existant.

2323 2095 2439 2159 lpse
2480 2106 2607 2145 vero
2654 2091 2791 2146 duce
2835 2091 3047 2147 Christo
3076 2106 3196 2146 cum
3236 2105 3429 2160 magno
3457 2092 3734 2161 triumpho
3778 2091 3836 2146 in

2249 2185 2524 2239 Franciam
2556 2186 2623 2238 ad
2654 2186 2919 2255 propriam
2961 2184 3138 2240 sedem
3187 2184 3415 2240 feliciter
3454 2188 3735 2240 remeavit.
3770 2185 3841 2239 Et

2239 2276 2445 2348 quievit
2487 2286 2626 2332 terra
2652 2292 2682 2330 a
2712 2277 2907 2346 prazliis
2935 2277 3089 2330 annis
3126 2277 3355 2332 duobus.
3836 2262 3841 2265 ⁷

2315 2371 2414 2424 Au.
2446 2384 2639 2424 nccun
2672 2369 2789 2435 Quo
2820 2376 3060 2437 tempore
3082 2386 3188 2425 una
3216 2385 3337 2424 cum
3364 2372 3595 2425 consalio
3620 2380 3672 2425 et
3696 2385 3839 2424 con-

2242 2473 2404 2515 sensu
2442 2459 2681 2514 omnium
2714 2460 3075 2525 Francorum,
3108 2462 3271 2515 missa
3301 2463 3583 2521 relatione,
3629 2476 3657 2513 a
3689 2461 3839 2514 sede

2243 2550 2536 2620 apostolica
2567 2551 2890 2605 auctoritate
2919 2560 3200 2619 percepta,
3256 2553 3533 2620 pra-celsus
3565 2551 3839 2619 Pippinus

2243 2640 2507 2695 electione
2545 2642 2708 2695 totius
2734 2640 2971 2696 Francia;
2995 2642 3056 2696 in
3084 2642 3268 2697 sedem
3294 2643 3441 2713 regni
3467 2657 3584 2696 cum
3624 2656 3840 2698 conse-

2241 2732 2481 2786 cratione
2509 2732 2905 2800 episcOporum,
2929 2744 2977 2787 et
3012 2733 3349 2802 subjectione
3375 2736 3692 2805 princ’pnm,
3723 2751 3838 2789 una

2245 2836 2365 2879 eum
2393 2820 2575 2895 regina
2617 2823 2963 2888 Bertradane,
2997 2836 3052 2877 ut
3079 2825 3371 2895 antiquitus
3398 2826 3530 2880 ordo
3557 2824 3837 2894 deposcit,

2248 2914 2565 2970 sublimatur
2595 2915 2646 2968 in
2684 2928 2852 2985 regno
2885 2912 2935 2971 ιι.

552 3046 770 3129 ’Πεεμκ
803 3066 970 3129 nunc
997 3047 1249 3129 illusis:
1274 3051 1376 3108 vir
1402 3047 1896 3129 Childebrandus
1922 3066 2154 3129 comes,
2208 3050 2571 3111 Avunculus
2602 3050 2894 3128 praedicti
2926 3052 3088 3129 regis
3118 3051 3405 3129 Pippini,
3440 3050 3599 3111 hanc
3632 3050 3841 3111 histo-

647 3128 829 3208 riam,
860 3127 956 3187 vel
986 3126 1169 3208 Gesta
1196 3127 1607 3208 Francorum,
1641 3128 2118 3208 diligentissime
2165 3130 2360 3189 scribi
2414 3126 2804 3208 procuravit.
2862 3126 3102 3193 Abhinc
3131 3126 3211 3190 ab
3237 3126 3480 3192 illustre
3525 3132 3662 3191 viro
3692 3129 3840 3192 Ni-

650 3202 935 3283 belungo,
972 3206 1104 3284 ﬁlio
1134 3205 1335 3282 ipsius
1364 3202 1837 3284 Childebrandi,
1867 3208 2130 3267 itemaue
2162 3202 2726 3281 comite,'succedat
2761 3209 3111 3270 auctoritas
3143 3215 3187 3268 ί.

647 3378 672 3407 ι·
703 3369 949 3438 Aquitani
971 3384 1090 3424 cum
1120 3383 1219 3423 suo
1242 3368 1377 3424 duce
1408 3368 1704 3424 llunoaldo.

641 3439 671 3481 δ
694 3442 781 3494 Sic
812 3441 967 3499 Boh.:
998 3440 1083 3493 alii
1109 3480 1121 3502 ,
1143 3440 1476 3502 inexstincto,
1511 3439 1561 3492 id
1592 3452 1666 3493 esr
1710 3438 1989 3498 instinctu:
2016 3455 2135 3508 qua!

572 3512 800 3567 mutatio
830 3511 1020 3579 prodiit
1047 3526 1111 3565 ex
1134 3524 1282 3565 more
1302 3511 1532 3564 litteram
1553 3527 1598 3573 s,
1626 3524 1690 3563 ac
1706 3510 1751 3563 si
1772 3509 1930 3562 fuerit
1949 3524 2001 3563 es
2020 3527 2142 3579 pro-

575 3582 871 3637 nuntiandi.

645 3662 669 3690 °
701 3653 1044 3707 Monasticam
1085 3660 1288 3705 vestem
1317 3648 1500 3704 Romae
1533 3649 1735 3715 induit,
1767 3658 1878 3702 tum
1911 3650 1961 3702 in
1992 3665 2143 3704 mon-

572 3732 680 3777 tem
708 3724 978 3776 Soractem
1003 3735 1064 3775 ac
1093 3732 1274 3789 postea
1294 3721 1553 3774 Casinum
1585 3720 1827 3775 secessit.
1858 3720 1985 3789 Ejus
2030 3721 2143 3774 elo-

568 3795 711 3863 gium
742 3793 855 3863 lege
878 3794 927 3846 in
949 3806 1073 3845 sec.
1100 3806 1154 3845 iu
1178 3791 1540 3863 Benedictino,
1562 3798 1711 3863 parte
1738 3790 1872 3859 inlad
1901 3806 1988 3863 an.
2014 3791 2042 3842 7
2050 3791 2139 3857 55,

572 3861 680 3933 quo
704 3861 918 3917 Vienna:
947 3863 1289 3933 Allobrogum
1319 3862 1469 3933 obiit.
1497 3861 1777 3915 Zacharias
1803 3864 1868 3913 ad
1896 3861 2138 3933 Franco-

566 3931 684 3989 rum
714 3934 992 4003 episcopos
1020 3932 1087 3987 de
1110 3931 1304 4003 ejnsiu
1340 3931 1537 3986 Gallias
1581 3946 1801 4003 accessu
1842 3931 1907 3985 ad
1952 3947 2136 3996 pacem

566 4005 708 4059 inter
734 4001 1010 4072 Pippinum
1039 4011 1095 4056 et
1123 4001 1398 4057 Gril‘onem
1428 4001 1873 4072 componendam,
1900 4011 2010 4056 tum
2040 4018 2140 4071 pro

564 4071 896 4129 restituendo
924 4072 1303 4129 Casineusibus
1347 4088 1577 4143 corpore
1619 4071 1791 4128 sancti
1835 4073 2001 4126 patris
2040 4074 2139 4126 Be-

564 4145 763 4200 nedicti
790 4145 1022 4212 scripsit.

642 4213 667 4250 ἀ
702 4215 823 4276 Ed.,
854 4216 922 4267 ad
948 4230 1034 4268 eos
1064 4215 1340 4281 pervenire.

648 4296 672 4323 ο
702 4284 1027 4355 Quingentas
1051 4300 1239 4338 vaccas
1260 4283 1482 4354 singulis
1504 4283 1658 4338 annis
1682 4281 1984 4337 solvebant.
2012 4281 2142 4338 Vide

564 4354 816 4413 Fredctru
847 4371 965 4413 cap.
999 4353 1089 4407 74.

612 4356 816 4411 redca..
847 4371 965 4411 can.
999 4356 1089 4407 74.

648 4370 816 4480 infigi;
845 4370 1089 4481 37363;:
1114 4423 1407 4493 Grippone,
1452 4439 1547 4477 seu
1592 4422 1809 4477 Grifone
1839 4421 2043 4490 Pippini
2074 4437 2139 4476 ex

568 4506 737 4551 matre
768 4498 930 4550 altera
965 4498 1145 4560 fratre,
1177 4499 1457 4551 suscitatus
1488 4494 1648 4547 fuisse
1686 4493 1902 4546 tradunt
1933 4500 2140 4549 veteres

566 4566 875 4633 scriptores.
926 4566 1019 4620 llic
1072 4581 1262 4633 nempe
1306 4580 1337 4619 e
1384 4578 1600 4618 carcere
1650 4566 1854 4617 solutus
1901 4562 2141 4619 Saxones

567 4640 741 4703 primo
770 4635 836 4689 ad
877 4649 1003 4689 suas
1035 4647 1211 4704 partes
1242 4635 1429 4699 traxit;
1463 4645 1604 4699 tum,
1649 4643 1858 4686 mortuo
1888 4633 2134 4704 Qdilone,

570 4702 1458 4795 9“E".'5?F".'FL‘1‘E§?'P‘P."‘X‘iil‘}
1491 4705 1587 4795 sit!
1615 4705 1857 4795 1395913
1886 4702 2133 4795 fierine
2167 4737 2216 4795 υ

567 4786 621 4830 et
644 4775 836 4830 ducatu
864 4775 1139 4829 duodecim
1165 4776 1510 4828 coutitatuum
1540 4774 1589 4827 in
1618 4773 1857 4827 Neustria
1883 4774 2132 4838 donatus,

567 4847 623 4902 in
650 4845 988 4916 Aquitaniam
1017 4844 1268 4916 secessit;
1296 4845 1489 4916 exinde
1517 4846 1728 4916 fugatus
1749 4883 1764 4907 ,
1817 4845 2025 4916 tandem
2080 4844 2132 4898 in

561 4912 769 4972 italiam
807 4912 1065 4970 transiens
1095 4916 1158 4966 ad
1204 4914 1482 4968 Aismlfum
1535 4913 2000 4981 Langobardorum
2052 4929 2134 4967 re-

567 5002 708 5059 gem,
730 4987 781 5041 in
805 4986 949 5059 valle
972 4985 1365 5040 Mauraeunensi
1398 4985 1523 5037 inter
1538 4984 1704 5038 iectus
1725 4994 1826 5048 est,
1855 4993 1911 5036 ut
1938 4983 2135 5036 dicitur

565 5056 684 5125 cap.
707 5056 973 5126 sequenti.

630 5120 665 5174 ἴε
700 5125 759 5181 id
789 5120 871 5182 est
891 5125 1044 5181 (Eni.
1077 5125 1260 5187 (linus
1287 5123 1500 5194 quippe,
1524 5124 1682 5194 vulgo
1708 5120 1826 5186 lnn,
1861 5137 1923 5177 ex
1953 5132 2134 5177 monte

567 5195 789 5250 Berniua
819 5199 869 5250 in
892 5198 1110 5261 Alpibus
1140 5192 1320 5251 versus
1342 5192 1753 5255 septentrionem
1775 5194 2127 5259 descendens,

565 5266 875 5320 Comitatutn
920 5266 1271 5330 Tirolensem,
1301 5264 1391 5319 tibi
1422 5263 1706 5332 UEuiponti
1738 5261 2011 5334 (Inspruc)
2041 5280 2138 5316 no-

567 5348 690 5390 uieu
718 5335 933 5406 tribuit,
979 5346 1087 5393 tum
1120 5337 1397 5392 Bavariatn
1428 5334 1613 5402 alluit,
1665 5348 1729 5390 ac
1759 5333 1973 5390 demunt
2017 5334 2135 5388 aliis

2161 3370 2209 3432 C
2243 3370 2415 3425 ﬁuviis
2445 3379 2633 3424 auctus
2669 3367 2909 3425 Canubio
2937 3369 3209 3426 miscetur.

2323 3439 2349 3477 δ
2393 3441 2486 3495 llis
2513 3440 2687 3495 verbis
2715 3450 2899 3509 aperte
2940 3441 3177 3496 declarat
3221 3442 3377 3508 hujus
3422 3443 3672 3497 Cbronici
3724 3459 3837 3501 an-

2243 3522 2379 3575 ctor,
2410 3512 2703 3569 Romanum
2738 3512 3062 3577 pontiﬁcem,
3094 3514 3183 3581 qui
3216 3523 3339 3566 tunc
3366 3525 3479 3566 erat
3506 3514 3834 3579 Zacharias,

2245 3597 2368 3636 sese
2417 3582 2625 3649 Pippini
2663 3582 2914 3652 electioni
2948 3583 3300 3638 immiscuisse
3325 3627 3340 3651 ,
3392 3595 3553 3652 atque
3578 3587 3837 3643 eumdem

2246 3652 2537 3721 principem
2581 3650 2887 3720 pontiﬁcum
2917 3655 3320 3708 consecratione
3346 3655 3399 3707 in
3430 3650 3607 3721 regem
3653 3656 3833 3711 fuisse

2243 3722 2732 3795 sublimatum.‘tlui
2764 3723 3104 3795 consentiunt
3130 3726 3418 3791 scriptores
3467 3735 3572 3778 tam
3603 3728 3821 3795 antiqui

2243 3807 2400 3858 quam
2432 3792 2782 3847 recentiores.
2832 3790 3076 3847 Cointius
3133 3790 3309 3848 tamen
3359 3797 3498 3848 hunc
3540 3790 3837 3849 lucum-in-

2244 3862 2562 3930 terpolatnm
2619 3863 2783 3915 fuisse
2810 3864 3115 3929 contendit,
3157 3873 3317 3928 atque
3354 3868 3431 3918 sic
3481 3867 3689 3920 restitui
3731 3869 3838 3922 de-

2244 3932 2370 3986 bere
2402 3950 2413 3985 :
2450 3934 2648 3999 Quievit
2679 3941 2816 4000 terra
2846 3950 2879 3986 a
2908 3936 3098 4000 prwliis
3127 3936 3276 3988 annis
3298 3935 3513 3988 duobus.
3551 3937 3665 3999 Quo
3702 3950 3837 3989 tem-

2244 4018 2364 4069 pore
2414 4004 2684 4068 praecelsus
2727 3999 2980 4071 Pippinus
3008 4003 3248 4057 electione
3286 4007 3437 4058 totius
3482 4004 3747 4074 Francia,
3776 4010 3835 4063 in

2240 4073 2408 4126 sedem
2460 4076 2602 4143 regni
2634 4089 2877 4145 unarcum
2913 4075 3108 4143 regina,
3141 4085 3244 4128 etc.
3275 4076 3380 4129 Sed
3410 4092 3520 4129 sum
3548 4073 3831 4145 conjecta-

2244 4145 2405 4196 tionis
2424 4183 2439 4207 ,
2471 4160 2587 4213 αυεε
2617 4144 2862 4197 omnibus
2892 4145 3102 4213 scriptis
3130 4154 3182 4198 et
3210 4145 3365 4199 editis
3407 4144 3674 4200 contraria
3704 4161 3793 4203 est
3813 4192 3829 4213 ,

2244 4214 2440 4266 nullam
2472 4214 2733 4268 rationem
2763 4214 2939 4274 atlert,
2968 4218 3066 4268 nisi
3096 4215 3259 4283 quod,
3294 4226 3352 4269 ut
3378 4217 3589 4283 quidem
3638 4218 3831 4273 cxisri-

2242 4295 2370 4354 mat,
2401 4283 2588 4338 Franci
2620 4283 2925 4350 pontiﬁcem
2951 4284 3019 4339 de
3042 4288 3180 4354 regis
3207 4286 3467 4341 electione
3493 4304 3597 4340 non
3627 4302 3831 4343 consu-

2241 4353 2470 4418 luerint,
2503 4368 2599 4407 nec
2652 4368 2787 4425 tunc
2804 4353 3133 4409 consuetudo
3181 4354 3338 4410 fuerit
3366 4371 3520 4424 reges
3548 4361 3784 4425 ungendi
3812 4378 3828 4425 ;

2241 4433 2524 4493 utrumque
2552 4438 2678 4478 vero
2708 4423 2963 4478 refellitur
3006 4440 3070 4481 ex
3104 4425 3336 4480 clau~ula
3369 4423 3566 4480 veteris
3614 4423 3828 4485 codicis

2242 4494 2546 4564 Diuiiysiaui
2564 4534 2579 4558 ,
2614 4496 2750 4564 ipso_
2773 4494 2995 4560 Pippino
3022 4506 3278 4562 regnante
3298 4497 3514 4564 scripti,
3548 4513 3711 4564 quam
3741 4501 3828 4553 in-

2240 4563 2317 4688 :‘ra
2351 4562 2467 4631 post
2490 4562 2682 4618 librum
2713 4562 2950 4633 Gregorii
2980 4566 3047 4620 de
3077 4566 3254 4621 Gloria
3286 4562 3666 4622 Confessoruni
3700 4584 3829 4637 pro-

2260 4648 2491 4687 ercmos.

2260 4648 2491 4687 ercmos.

2318 4703 2334 4741 ί
2380 4706 2526 4759 llanc
2569 4703 2996 4769 inscriptionem,
3046 4722 3202 4769 quam
3243 4708 3423 4761 caeteri
3453 4708 3667 4762 codices
3714 4725 3825 4765 non

2243 4774 2459 4840 habent,
2486 4790 2517 4828 e
2542 4774 2827 4829 Petaviano
2868 4777 3034 4830 edidit
3063 4776 3345 4830 Chesnius.
3374 4780 3466 4831 Ille
3500 4788 3677 4833 autem
3727 4794 3827 4834 co-

2245 4843 2389 4911 dex,
2451 4846 2539 4912 qui
2590 4859 2623 4898 e
2672 4844 2955 4899 Petaviaua
3005 4846 3321 4899 bibliotheca
3376 4851 3441 4901 ad
3493 4847 3825 4904 Christinam

2244 4914 2447 4969 Suecne
2476 4914 2711 4984 reginam
2744 4917 2971 4977 transiit,
3003 4915 3162 4970 hodie
3192 4915 3375 4970 Roma:
3408 4930 3717 4973 asservatur
3764 4921 3825 4975 in

2244 4984 2486 5038 hihlimh.
2517 4984 2849 5039 eminentiss.
2894 4987 3042 5039 card.
3070 4987 3318 5039 Ottobooi
3351 5004 3364 5040 :
3394 4988 3523 5040 olim
3570 4986 3668 5041 fuit
3707 5007 3825 5042 rno-

2245 5055 2460 5108 nasterii
2506 5053 2778 5119 Jurensis,
2820 5053 2887 5110 ad
2912 5058 3080 5110 sancti
3110 5056 3347 5125 Eugendi
3376 5059 3671 5121 tnnnilnin,
3720 5076 3825 5112 sas-

2242 5127 2364 5179 cnlo
2394 5140 2444 5178 ix
2477 5125 2707 5191 labente,
2733 5140 2763 5177 a
2793 5125 3053 5178 Mannone
3079 5127 3307 5191 oblatus,
3343 5127 3419 5180 uti
3448 5128 3709 5182 discimus
3754 5146 3820 5184 ex

2246 5195 2707 5262 inscriptioueipsi
2742 5197 2994 5261 prietixa:
3032 5193 3156 5249 Vota
3197 5198 3339 5249 home
3377 5201 3636 5251 memoriar
3666 5198 3824 5252 Mau-
3878 5201 3887 5208 ’

2237 5266 2384 5321 nonis
2414 5265 2539 5321 liber
2565 5270 2632 5318 ad
2662 5266 2951 5335 sepulcrum
2977 5267 3136 5320 sancti
3164 5265 3400 5336 Augendi
3431 5268 3650 5324 oblatus.
