4020 6194
1879 325 2263 335 .-—-——————————.—
2278 324 2397 335 *διο
2419 326 2955 342 ῌ-α--Ψ

1257 500 1676 611 PARS
1760 502 2210 632 QUAE
2238 502 2453 612 ΤΑ
2484 584 2518 625 .

1053 735 1800 843 AUCTORE
1918 741 2684 847 ΛΝΟΝΥΜΟ

1320 929 1437 998 QUI
1473 930 1679 990 JUSSU
1716 932 2087 992 NIBELUNGI
2127 933 2451 993 SCRIPSIT.

318 1139 478 1210 68⁵1
493 1136 593 1193 Au.
607 1133 1126 1194 occattt.—CX\'lll.
1148 1133 1819 1203 Histransactis,sequenti
1854 1136 1899 1192 Α
1929 1133 2015 1199 qni
2050 1148 2213 1201 usque
2240 1133 2303 1185 ad
2334 1134 2552 1188 Pontem
2578 1134 2780 1204 Ugone,
2815 1137 2938 1192 villa
2968 1139 3173 1209 publica
3206 1137 3254 1207 δ,
3285 1139 3352 1196 ad
3377 1144 3501 1213 ejus

239 1243 389 1281 anno
411 1231 602 1284 iterum
630 1229 869 1282 Saxones
890 1236 1072 1280 contra
1094 1240 1278 1279 eorum
1304 1224 1488 1287 fidem,
1511 1239 1669 1294 quam
1694 1240 1829 1293 pra:-

237 1318 356 1375 fato
388 1321 497 1390 regi
524 1319 724 1373 dudum
752 1317 1125 1388 promiseram,
1156 1318 1317 1371 solito
1339 1332 1487 1371 more
1516 1315 1706 1371 iterum
1738 1332 1827 1371 re-

240 1414 411 1468 belles
424 1422 609 1467 contra
628 1413 800 1479 ipsum
813 1412 1093 1464 exsistunt.
1111 1406 1262 1463 Unde
1277 1418 1332 1464 et
1345 1408 1600 1476 Pippinus
1615 1424 1728 1472 rex,
1750 1409 1826 1462 ira

236 1515 571 1574 commotus,
597 1514 868 1560 commoto
906 1504 1050 1557 omni
1079 1502 1317 1557 exercitu
1351 1501 1696 1564 Francorum,
1726 1500 1830 1555 ite-

235 1612 361 1650 rum
400 1594 585 1651 Rheno
612 1593 925 1663 transjecto,
958 1594 1008 1647 in
1040 1592 1327 1648 Saxoniam
1353 1607 1474 1646 cum
1508 1605 1700 1660 magno
1729 1606 1828 1657 ap-

239 1698 432 1757 paratu
474 1686 711 1749 veniens,
743 1686 923 1755 ibique
969 1700 1154 1739 eorum
1185 1685 1407 1750 patriam
1440 1683 1675 1737 maxime
1706 1681 1827 1754 igne

237 1780 535 1843 cremavit,
578 1780 817 1848 captivos
862 1788 969 1832 tam
1008 1778 1153 1832 viros
1180 1792 1338 1847 quam
1380 1776 1606 1831 feminas
1646 1791 1825 1831 secum

238 1872 417 1938 duxit,
449 1887 570 1925 cum
603 1872 816 1924 multam
852 1869 1084 1941 praedam
1116 1870 1314 1924 ibidem
1346 1868 1590 1930 fecisset,
1618 1878 1673 1923 et
1712 1868 1828 1936 plu-

236 1965 410 2017 rimos
438 1962 677 2018 Saxones
704 1960 901 2016 ibidem
932 1961 1331 2031 prostravisset.
1354 1960 1505 2028 Quod
1538 1960 1777 2014 videntes
1800 1968 1827 1996 σι

236 2055 522 2121 Saxones,
572 2053 883 2121 ptenitentia
931 2050 1219 2117 commoti,
1270 2066 1391 2106 cum
1424 2050 1583 2106 solito
1634 2050 1827 2106 timore

235 2146 582 2202 clementiam
607 2146 745 2216 regis
775 2154 979 2214 petunt,
1008 2152 1067 2197 ut
1096 2158 1275 2212 pacem
1304 2142 1383 2197 eis
1409 2142 1748 2207 concederet,
1773 2149 1829 2195 et

236 2248 579 2299 sacramenta
610 2249 768 2306 atque
814 2236 1041 2300 tributa,
1072 2235 1242 2289 multo
1271 2234 1475 2302 majora
1519 2249 1677 2303 quam
1702 2244 1827 2289 ante

238 2330 626 2401 promiserant,
669 2328 987 2393 redderent,
1016 2338 1070 2382 et
1114 2341 1381 2396 nunquam
1416 2331 1552 2379 ultra
1579 2327 1687 2395 jam
1737 2341 1822 2380 re-

237 2420 411 2477 belles
450 2423 792 2475 exsisterent.
823 2418 933 2472 Rex
976 2417 1266 2486 Pippinus,
1311 2416 1527 2471 Christo
1556 2416 1821 2485 propitio,

1934 1224 2266 1293 praesentiam
2307 1227 2572 1280 adducere
2600 1226 2845 1283 deberet.

2007 1320 2102 1367 AN.
2136 1330 2339 1370 occuv.
2381 1315 2562 1386 Ibique
2603 1316 2906 1386 Stephanus
2946 1336 3076 1391 papa
3120 1323 3402 1379 Romensis
3438 1326 3507 1383 ad

1932 1409 2271 1476 prassentiam
2296 1409 2434 1475 regis
2464 1410 2699 1474 veniens,
2734 1412 2915 1466 multis
2937 1414 3246 1471 muneribus
3270 1426 3375 1469 tam
3406 1416 3507 1485 ipsi

1933 1501 2043 1567 regi
2074 1514 2232 1567 quam
2282 1510 2335 1555 et
2365 1500 2582 1556 Francis
2615 1505 2835 1574 largitus
2864 1515 2984 1567 est,
3035 1507 3286 1561 auxilium
3322 1521 3511 1577 petens

1931 1602 2113 1646 contra
2148 1601 2360 1661 gentem
2408 1593 2871 1664 Langobardorum
2903 1608 2957 1650 et
2982 1613 3166 1652 eorum
3214 1616 3392 1669 regem
3418 1601 3514 1656 Ai-

1931 1683 2178 1746 stnlfum,
2208 1694 2267 1737 ut
2306 1699 2399 1752 per
2430 1685 2545 1748 ejus
2587 1686 2909 1751 adiutorium
2961 1688 3028 1743 ab
3062 1705 3248 1743 eorum
3288 1706 3511 1759 oppres-

1932 1776 2171 1829 sionibus
2208 1776 2375 1847 689
2408 1777 2492 1831 vel
2542 1777 2892 1833 fraudulentia
2933 1781 2999 1835 de
3048 1782 3291 1836 manibus
3319 1799 3506 1838 eorum

1932 1867 2284 1934 liberaretur,
2323 1879 2377 1923 et
2424 1871 2617 1923 tributa
2646 1881 2700 1924 et
2729 1886 2969 1937 munera,
3012 1889 3130 1942 qum
3159 1886 3343 1929 contra
3376 1876 3506 1945 legis

1931 1957 2175 2013 ordinem
2208 1974 2236 2011 a
2272 1959 2525 2014 Romanis
2553 1962 2892 2030 requirebant
2924 1963 3129 2030 facere,
3165 1966 3507 2025 desisterent.

1932 2047 2081 2102 Tunc
2110 2049 2364 2118 Pippinus
2394 2067 2484 2105 rex
2530 2054 2747 2119 praefato
2776 2052 3044 2122 Stephano
3072 2071 3204 2124 papa
3242 2058 3379 2124 apud
3410 2058 3508 2111 Pa-

1931 2144 2091 2195 rlsius
2121 2145 2391 2197 civitatem
2421 2149 2471 2197 to
2505 2147 2832 2200 monasterio
2879 2150 3049 2201 sancti
3095 2149 3325 2218 Dionysii
3366 2165 3507 2202 mar—

1932 2234 2062 2304 tyris
2094 2232 2139 2297 ί,
2165 2250 2284 2288 cuto
2312 2235 2509 2305 ingenti
2533 2250 2657 2289 cura
2688 2247 2742 2291 et
2771 2238 2933 2290 multa
2953 2236 3247 2307 diligentia,
3272 2239 3511 2297 hiemare

1933 2329 2210 2396 przecepit.
2258 2328 2601 2398 Legationem
2641 2329 2706 2383 ad
2758 2330 3039 2384 Aistnlfnm
3079 2348 3256 2402 regem
3304 2334 3508 2401 Lango-

1932 2416 2217 2473 hardorutn
2266 2424 2521 2484 mittens,
2577 2432 2765 2489 petens
2797 2432 2854 2475 ιιι
2893 2434 3108 2492 prapter
3154 2427 3508 2480 reverentiam

236 2529 364 2569 cum
395 2528 589 2583 magno
616 2514 885 2583 triumpho
907 2514 1099 2565 iterum
1123 2510 1189 2564 ad
1216 2510 1457 2564 Rhenum
1480 2509 1544 2563 ad
1569 2520 1824 2576 castrum,
1860 2512 1906 2571 B
1932 2510 2363 2566 beatissimorum
2390 2513 2750 2581 apostolormn
2780 2514 2919 2568 Petri
2949 2526 3002 2570 et
3024 2515 3173 2570 Pauli
3194 2516 3245 2571 in
3272 2518 3511 2585 partibus

236 2606 396 2675 cujus
421 2616 504 2661 est
530 2620 724 2659 nomen
759 2605 939 2657 Bonna
962 2601 1016 2670 δ,
1048 2603 1290 2657 veniens.
1320 2602 1452 2656 Dum
1487 2602 1601 2657 haec
1623 2614 1828 2672 ageret,

237 2696 460 2750 nuntius
487 2692 709 2758 veoie’ns
738 2694 803 2748 ad
829 2693 1105 2765 prtefatum
1136 2708 1314 2763 regem
1342 2708 1407 2748 ex
1440 2693 1680 2763 partibus
1705 2696 1832 2749 Bur-

235 2786 474 2858 gundite,
504 2786 646 2856 quod
674 2800 961 2855 germanus
992 2785 1160 2854 ipsius
1203 2784 1378 2854 regis,
1409 2786 1627 2841 nomine
1656 2786 1825 2853 Grifo,

233 2878 328 2944 qui
361 2876 561 2930 dudum
586 2876 637 2930 in
669 2875 1010 2930 Wasconiam
1048 2885 1070 2914 ε
1099 2876 1164 2929 ad
1188 2874 1501 2930 Wailarium
1534 2877 1825 2948 principem

237 2965 742 3038 688confugium
801 2964 1035 3031 fecerat,
1084 2979 1113 3018 a
1143 2964 1435 3020 Theodooe
1480 2964 1595 3038 [AL
1642 2966 1818 3022 Theu-

242 3054 441 3129 doeno]
468 3056 665 3113 comite
692 3056 1013 3122 Viennense,
1045 3070 1140 3111 seu
1191 3067 1245 3110 et
1276 3055 1561 3111 Frederico
1592 3057 1823 3128 Ultrajn-

241 3164 377 3205 ratio
420 3148 652 3214 comite,
683 3148 807 3202 dum
840 3155 1020 3216 partes
1067 3147 1448 3217 Langobardiaa
1481 3160 1724 3218 peteret,
1772 3162 1827 3208 et

243 3241 467 3296 insidias
514 3250 702 3296 contra
752 3241 923 3311 ipsum
967 3239 1284 3310 prtedictum
1318 3242 1520 3312 regem
1569 3254 1822 3315 pararet,

242 3333 381 3403 apud
410 3334 774 3388 Mauriennam
797 3334 983 3388 urbem
1005 3346 1167 3402 super
1192 3333 1412 3388 ﬂuvium
1442 3335 1666 3393 Arboris
1689 3333 1717 3375 ά
1742 3336 1823 3392 in-

243 3425 504 3480 terfectus
528 3435 630 3480 est.
674 3425 804 3479 Nam
835 3437 887 3479 et
918 3425 1015 3493 ipsi
1043 3426 1391 3496 superscripti
1424 3430 1648 3485 comites
1676 3430 1728 3486 in
1758 3446 1825 3488 eo

243 3518 430 3586 praelia
455 3516 652 3583 pariter
678 3515 945 3571 interfecti
971 3526 1113 3570 sunt.

312 3608 503 3664 CXIX.
543 3608 646 3664 Per
673 3609 1015 3663 Arduennam
1049 3609 1240 3664 silvam
1268 3625 1388 3665 cum
1435 3610 1548 3680 ipse
1590 3626 1684 3666 rex
1730 3628 1824 3669 ve-

242 3702 419 3768 niens,
447 3709 502 3755 et
526 3701 820 3756 Theudone
850 3701 972 3755 villa
1004 3709 1027 3737 ο
1053 3701 1262 3770 publica
1288 3715 1453 3769 super
1494 3702 1708 3757 Mosella
1740 3721 1824 3757 rc-

244 3794 512 3862 sedisset,
562 3793 779 3847 nuntius
810 3792 875 3847 ad
904 3809 1025 3848 eum
1056 3793 1281 3847 veniens
1308 3792 1477 3853 dixit,
1522 3795 1663 3862 quod
1707 3798 1824 3850 Ste-

1933 2601 2117 2657 Roma:
2147 2604 2409 2658 hostiliter
2441 2620 2545 2658 non
2572 2605 2891 2668 ambularet,
2934 2615 2987 2659 et
3022 2608 3419 2674 superstitiosus
3449 2622 3511 2663 ac

1931 2692 2121 2765 impias
2147 2695 2233 2749 vel
2261 2707 2446 2750 contra
2478 2696 2606 2764 legis
2635 2695 2875 2749 ordinem
2904 2710 3116 2761 causas,
3162 2699 3301 2765 quod
3350 2709 3507 2754 antea

1931 2782 2154 2839 Romani
2189 2801 2457 2855 nunquam
2489 2787 2723 2841 fecerant
2743 2827 2758 2852 ,
2811 2798 3027 2855 prapter
3053 2788 3169 2856 ejus
3197 2791 3505 2858 petitionem

1928 2873 2108 2931 lacere
2137 2893 2240 2931 non
2278 2878 2519 2932 deberet.

1999 2966 2165 3024 CXX.
2205 2966 2445 3038 Cumque
2476 2968 2758 3037 prtedictus
2801 2985 2896 3025 rex
2949 2970 3205 3039 Pippimts
3230 2972 3372 3042 quod
3414 2987 3510 3042 per

1930 3060 2133 3129 iegatos
2180 3074 2305 3114 suos
2333 3061 2558 3129 petierat
2601 3076 2706 3114 non
2739 3061 3113 3130 impetrasset,
3160 3071 3215 3117 et
3252 3062 3509 3117 Aistulfus

1929 3149 2030 3205 hoc
2073 3151 2249 3206 facere
2277 3150 2719 3218 contempsisset,
2761 3152 2974 3207 evoluto
3001 3167 3143 3206 anno
3177 3152 3226 3219 i,
3260 3154 3510 3223 praefatus

1928 3257 2021 3295 rex
2052 3240 2117 3295 ad
2147 3240 2413 3296 Kalendas
2443 3242 2660 3297 Martias
2688 3257 2878 3297 omnes
2927 3242 3182 3308 Francos,
3224 3246 3365 3299 sicut
3393 3260 3511 3299 mos

1926 3330 2257 3387 Francorum
2288 3343 2389 3395 est,
2425 3332 2663 3387 Bernaco
2688 3331 2711 3369 ¹ί
2745 3334 2868 3387 villa
2911 3336 3115 3402 publica
3147 3337 3210 3390 ad
3238 3352 3298 3391 se
3325 3339 3512 3393 venire

1909 3428 2203 3495 'prteeepit.
2232 3425 2475 3496 lnitoque
2500 3426 2726 3481 consilio
2756 3442 2877 3482 cum
2920 3429 3227 3496 proceribus
3256 3430 3367 3484 suis
3386 3470 3401 3493 ,
3440 3446 3510 3485 eo

1929 3530 2197 3586 tempore,
2230 3533 2335 3587 quo
2363 3520 2535 3573 solent
2574 3533 2728 3581 reges
2755 3517 2819 3571 ad
2853 3518 2988 3573 bella
3039 3520 3353 3587 procedere,
3385 3536 3506 3575 cum

1930 3609 2208 3677 Stephano
2266 3624 2396 3678 papa
2434 3606 2480 3673 ι,
2511 3620 2566 3664 et
2610 3609 2825 3679 reliqum
2866 3612 3143 3677 nationes,
3185 3627 3303 3680 qua:
3330 3610 3382 3665 in
3412 3625 3513 3666 suo

1928 3715 2095 3771 regno
2149 3702 2663 3766 eonnnorabantur,
2712 3712 2766 3756 et
2811 3700 3142 3756 Francorum
3192 3703 3401 3771 agmina
3439 3705 3509 3757 ad

1930 3801 2111 3860 partes
2142 3791 2524 3859 Langobardia:
2548 3807 2673 3846 cum
2702 3794 2848 3847 omni
2887 3794 3226 3849 multitudine
3255 3809 3346 3860 per
3371 3793 3511 3864 Lug-

245 3886 454 3956 phanus
478 3898 611 3954 papa
636 3884 706 3939 de
736 3884 974 3954 partibus
995 3884 1179 3940 Rom
1206 3899 1328 3939 cum
1352 3900 1544 3953 magno
1569 3898 1823 3955 apparatu
1855 3879 1897 3940 C
1929 3887 2129 3939 donum
2184 3886 2371 3938 Callias
2399 3895 2454 3940 et
2487 3885 2744 3941 Viennam
2777 3897 3057 3957 pergentes
3081 3929 3096 3951 ,
3144 3903 3311 3954 usque
3358 3890 3508 3943 Matt-

243 3990 300 4035 et
329 3980 513 4033 multis
542 3978 874 4043 muneribus,
901 3978 1012 4046 jam
1045 3988 1225 4033 monte
1249 3978 1396 4033 lovis
1424 3977 1445 4015 ¹
1476 3989 1818 4045 transmeato,

241 4071 308 4125 ad
338 4069 457 4139 ejus
482 4078 795 4138 properaret
818 4069 1125 4125 adventum.
1159 4069 1284 4125 Haec
1310 4070 1538 4125 audiens
1560 4085 1676 4135 rex,
1701 4086 1821 4125 cum

237 4162 438 4234 gaudio
468 4173 521 4215 et
567 4162 749 4215 lartitia
782 4170 836 4216 et
864 4161 1063 4229 ingenti
1092 4176 1221 4215 cura
1265 4162 1502 4229 recipere
1535 4177 1654 4215 eum
1686 4176 1824 4230 prte-

238 4259 405 4326 eepit,
437 4265 488 4311 et
520 4256 631 4311 lilio
658 4270 757 4311 suo
803 4253 997 4310 Carolo
1035 4258 1081 4310 ei
1111 4256 1320 4310 obviam
1368 4256 1447 4311 ire
1478 4258 1730 4326 praecepit
1771 4267 1819 4321 ις,

310 4380 337 4407 ιι
380 4370 516 4424 Editi
535 4409 552 4435 ,
582 4368 987 4422 convenientibus
1014 4366 1357 4437 iisSaxones.
1386 4366 1583 4421 Locum
1624 4368 1677 4422 in
1707 4384 1812 4437 quo

236 4440 435 4496 devicti
466 4438 699 4502 fuerunt,
732 4438 867 4491 [limi
897 4452 1054 4507 supra
1088 4436 1348 4508 Wiseram
1379 4438 1598 4508 fluvium
1626 4436 1811 4508 appel-

240 4513 354 4566 lant
383 4510 614 4564 Annales
639 4509 1151 4567 Laureshamenses.
1184 4506 1530 4562 Conditiones
1570 4506 1705 4562 vero
1726 4528 1815 4577 pa-

236 4584 351 4646 cis,
381 4592 437 4634 ut
469 4580 656 4647 legitur
686 4579 737 4633 in
772 4579 1065 4633 Annalibus
1102 4577 1485 4639 Mettensibus,
1532 4578 1712 4645 fuere,
1760 4591 1816 4635 ut

235 4652 547 4707 sacerdotes
594 4649 861 4704 licentiam
902 4648 1161 4702 haberent
1186 4647 1382 4701 Christi
1427 4647 1583 4702 fidem
1618 4651 1814 4717 prtedi-

236 4721 431 4785 candi,
479 4735 542 4775 ac
586 4720 885 4787 baptizandi
929 4720 1203 4785 Saxones,
1253 4727 1413 4787 utque
1454 4721 1564 4789 regi
1590 4720 1817 4789 singulis

237 4795 395 4847 annis
422 4800 690 4846 trecentos
711 4804 876 4859 equos
903 4790 1112 4842 darent.

310 4861 338 4900 δ
372 4861 538 4915 Hodie
567 4863 721 4915 sedes
747 4869 830 4915 est
857 4858 1241 4927 archiepiscOpi
1270 4858 1518 4913 electuris
1539 4858 1815 4914 Colonien-

237 4936 335 4996 sis,
367 4933 506 5002 quod
540 4932 677 5002 ipsa,
697 4930 1002 4997 metr0polis
1029 4930 1255 5002 Colonia
1282 4930 1407 4983 urbs
1435 4930 1504 5002 s_it
1543 4940 1812 4985 anseattca

237 5016 292 5055 et
320 4998 401 5055 sui
447 5002 603 5070 juris.
652 5001 890 5055 Priscum
934 5014 1129 5053 nomen
1162 5001 1386 5062 retinet,
1438 4998 1612 5052 Bonne
1662 5004 1816 5072 vulgo

236 5073 401 5127 dicta.

313 5154 336 5181 ο
381 5142 537 5205 Boh.,
567 5140 730 5196 Freh.
759 5149 809 5196 et
840 5139 997 5204 Can.,
1028 5137 1403 5203 Gwaacouiam,
1430 5149 1486 5192 et
1514 5141 1712 5207 passim
1739 5141 1819 5194 itt-

241 5212 321 5267 fra
375 5211 697 5267 Gwasconea.
740 5209 1087 5281 Waifariutn,
1142 5219 1199 5281 ιιι
1244 5213 1528 5281 plurimum
1584 5209 1821 5281 Waiofa-

238 5284 400 5346 rium,
428 5282 562 5337 Can.
592 5296 968 5350 nonnunquam
1000 5278 1325 5348 Gaiofarium
1352 5280 1638 5347 appellant.

312 5353 341 5389 ά
384 5352 598 5406 Fluvios
626 5353 736 5415 ille,
763 5356 919 5417 Vulgo
950 5354 1081 5404 Area
1104 5350 1349 5419 (l’ArcIte)
1380 5350 1697 5417 appellatur,
1728 5350 1818 5419 qtti

241 5425 295 5478 in
341 5422 537 5477 lsaram
571 5420 1032 5493 (t’lséreiinlluit.
1084 5421 1157 5474 De
1181 5422 1321 5493 urbe
1348 5422 1655 5493 Maurienna
1695 5421 1818 5477 vide

244 5504 397 5548 notas
428 5497 478 5547 in
510 5489 601 5546 lib'.
636 5493 743 5546 tde
771 5491 917 5546 Clor.
952 5491 1103 5544 Mart.
1133 5504 1254 5558 cap.
1302 5489 1389 5542 ll.

317 5572 340 5600 ⁸
381 5563 643 5631 Oppidum
692 5562 1103 5615 munitissinnnn
1152 5561 1203 5613 itt
1245 5561 1440 5614 ducatu
1490 5559 1819 5613 Luxembur—

242 5634 394 5701 censi
434 5638 572 5686 inter
601 5633 786 5687 Mettus
826 5642 881 5684 et
915 5633 1153 5701 Sircam;
1189 5631 1418 5697 priscum
1450 5644 1656 5701 nomen
1692 5632 1817 5684 reti-

247 5698 359 5761 net.
390 5702 587 5756 no~tris
619 5702 926 5767 'I'hiontiille,
959 5699 1238 5755 Germanis
1279 5715 1407 5753 Vero
1438 5698 1813 5755 Diedeultwen.

322 5770 342 5812 τ
385 5773 637 5827 Summus
668 5772 931 5828 Penniuus
961 5771 1151 5826 dicitur
1179 5774 1245 5825 ab
1276 5770 1526 5836 (Ethice;
1558 5771 1713 5840 vulgo
1737 5770 1818 5824 dt"-

1928 3980 2170 4032 riennatn
2200 3988 2577 4044 pervenerunt.
2606 3978 2866 4033 Aistulfus
2893 3995 2983 4034 rex
3011 3979 3507 4049 Langobardorum,

1930 4070 2045 4123 haec
2087 4069 2336 4134 audiens,
2369 4081 2640 4123 common:
2678 4070 2825 4124 omni
2856 4073 3093 4125 exercitu
3126 4071 3509 4139 Langobardo-

1928 4179 2047 4218 rum
2070 4205 2085 4227 ,
2137 4178 2303 4232 usque
2342 4163 2409 4217 ad
2438 4164 2627 4218 Clusas
2653 4173 2717 4230 ω,
2761 4180 2882 4234 quae
2911 4166 3317 4231 cognominatur
3360 4168 3510 4226 Valle

1928 4253 2189 4319 Seusana,
2224 4256 2463 4321 veniens,
2497 4252 2570 4308 ibi
2598 4269 2718 4308 cum
2745 4255 2890 4308 omni
2920 4256 3158 4309 exercitu
3188 4271 3288 4311 suo
3332 4268 3507 4314 castra

1919 4345 2067 4488 igtur!
2081 4366 2134 4448 .Ie
2158 4366 2326 4435 qrand
2366 4365 2813 4432 Saint-Bemard,
2842 4367 2909 4420 ab
2936 4366 3055 4421 aliis
3099 4367 3359 4441 Montjou,
3407 4386 3506 4426 seu

1984 4451 2044 4487 an
2074 4452 2175 4488 ιειι.
3222 4470 3229 4475 η

1984 4446 2175 4491 antica.
3222 4470 3229 4475 η

1994 4452 2067 4487 9η(
2095 4452 2175 4491 εὖ.
3222 4470 3229 4475 ‘

1994 4514 2018 4626 ﬂ:
2214 4507 2405 4575 verba,
2449 4516 2496 4561 et
2526 4506 2666 4575 (ilio,
2720 4516 2852 4571 etc.,
2898 4510 3155 4577 prwcepit,
3205 4512 3400 4565 desunt
3445 4512 3502 4568 in

1994 4600 2041 4629 ι.
2118 4592 2268 4629 cier.

1989 4600 2041 4629 ll.
2078 4600 2268 4629 DUIICI'.

1920 4590 2296 4720 (:0:._t:“l?:sﬁtr..,
2349 4647 2563 4703 Pontem
2607 4643 2854 4720 [lagonis
2879 4648 3053 4702 villam
3100 4650 3371 4720 publicam.
3407 4652 3504 4707 Est

1925 4715 2293 4789 PontigoLsen
2338 4719 2578 4781 Pontico,
2617 4715 2771 4786 vulgo
2822 4718 3060 4786 Pontica,
3095 4715 3161 4775 {te
3192 4738 3297 4788 quo
3342 4738 3504 4789 supra

1919 4790 1986 4839 ad
2019 4803 2136 4851 cap.
2162 4786 2232 4839 Ξῖ)
2262 4788 2350 4842 lib.
2382 4805 2432 4841 tv
2463 4790 2707 4843 "iSlOI'ilB
2738 4789 2998 4860 Gregorii.
3051 4792 3122 4843 De
3150 4786 3501 4862 Stephanilll

1922 4862 2252 4913 recentioue.
2286 4860 2404 4913 vide
2436 4861 2770 4913 Anastasium
2803 4860 2853 4912 in
2882 4862 3000 4913 eius
3047 4863 3183 4913 Vita.

1921 4998 1993 5071 cti
2027 4998 2282 5071 Dionysii,
2310 5001 2564 5071 gravique
2596 5004 2782 5053 morbo
2812 5002 3059 5065 amictus,
3102 5000 3269 5054 Sancti
3302 5012 3502 5071 martyf

1848 5079 1901 5139 ι)
1929 5068 2003 5122 ris
2034 5069 2277 5139 precibus
2307 5070 2583 5123 sanitatem
2619 5082 2973 5134 recuperavn.
3021 5074 3147 5123 Inde
3184 5072 3371 5123 alnens
3401 5068 3503 5125 loci

1927 5138 2201 5191 monachis
2230 5140 2444 5206 pallium
2476 5155 2631 5193 suum
2666 5140 2966 5207 pontiﬁcale.
2998 5142 3048 5193 iu
3081 5141 3281 5192 amoris
3310 5142 3501 5208 pignus

1924 5208 2177 5278 reliquit,
2238 5210 2379 5276 quod
2431 5210 2737 5263 etiamnunc
2784 5212 3031 5276 religiOse
3078 5221 3371 5263 asservant.
3428 5212 3502 5265 De

1925 5277 2131 5347 Pippini
2163 5279 2431 5346 unctione,
2464 5280 2686 5347 aliisque
2717 5279 2873 5332 rebus
2898 5295 2928 5332 a
2948 5279 3218 5347 Stephano
3242 5284 3291 5333 in
3325 5278 3497 5336 Gallia

1924 5350 2106 5418 gestis,
2128 5348 2349 5418 ejusque
2378 5350 2431 5404 in
2465 5349 2664 5403 Urbem
2690 5350 2861 5403 reditu
2890 5350 3142 5417 legendus
3167 5353 3499 5406 Anastasius.

2000 5430 2014 5469 ι
2063 5419 2195 5472 Cum
2242 5419 2414 5473 tribus
2443 5418 2713 5472 mensibus
2749 5422 2900 5483 juxta
2935 5434 3173 5473 nostrum
3210 5424 3498 5488 calculum,

1926 5488 2011 5542 hic
2040 5489 2236 5559 quippe
2275 5504 2472 5542 annum
2494 5505 2524 5542 a
2553 5488 2803 5542 Kalendis
2832 5490 3027 5559 Martiis
3056 5490 3287 5545 inchoat.
3319 5491 3502 5559 Quare

1926 5559 2088 5628 paulo
2115 5558 2358 5626 superius
2384 5563 2750 5626 apposnimus,
2780 5577 2866 5612 an.
2914 5558 3039 5614 554.

1996 5627 2022 5665 ¹ί
2064 5631 2292 5683 Annales
2321 5629 2608 5684 Mettenses
2635 5631 2831 5684 habent
2868 5629 3209 5686 Brennacnm.

1999 5696 2017 5736 ¹
2062 5699 2151 5753 Sic
2182 5702 2311 5753 Boh.
2342 5702 2478 5754 Editi
2514 5715 2657 5771 vero.
2688 5700 2982 5769 Stephanus
3024 5718 3177 5771 papa.

1997 5778 2035 5807 ω
2060 5770 2245 5838 Ches.,
2279 5771 2555 5841 mendose,
2588 5769 2787 5826 Clasas.
2809 5770 2986 5828 Clusae
3016 5769 3501 5842 appellanturlau-
