4020 6194
477 261 578 314 68'?

1669 257 2081 315 FREDEGARH
2123 258 2569 319 SCHOLASTICI

3630 271 3740 331 658

470 395 701 438 rue-tatus
729 395 830 448 est,
860 393 913 437 et
937 397 1055 436 cum
1091 380 1210 434 telis
1239 389 1295 434 et
1322 379 1584 436 machinis
1613 388 1666 430 et
1690 380 1856 434 multo
1889 396 2052 450 appa-
2084 377 2122 430 Α
2158 398 2282 438 nera
2309 383 2672 440 Aistulfus-rex
2703 389 2935 454 partibus
2964 391 3200 459 ltrzedfcti
3225 393 3365 464 regis
3389 396 3579 450 donat.
3603 395 3743 452 Nam

467 487 610 538 ratu,
635 478 772 546 quod
798 477 1041 544 nequiter
1061 485 1243 529 contra
1275 475 1678 544 Rempublicam
1705 473 1795 546 [111
1819 486 1912 539 est,
1955 476 2051 525 im-

468 568 810 639 peratorem]
850 579 902 621 et
940 569 1122 623 sedem
1154 569 1447 620 Romanam
1489 569 1834 636 apostolicam
1883 567 2052 618 admi—

473 669 650 721 serat,
703 658 904 711 nefarie
947 659 1213 712 nitebatur
1257 657 1567 712 defendere.
1620 658 1687 713 Et
1724 674 1843 712 cum
1892 674 2051 726 supra

475 752 702 819 scriptus
728 766 818 803 rex
857 750 1105 817 Pippintls
1138 751 1500 803 Mauriennam
1532 765 1652 803 eum
1682 751 1921 804 exercitu
1953 765 2050 804 suo

466 842 760 894 resedisset
792 841 950 912 [Ed.,
990 839 1260 910 rediisset]
1281 881 1294 903 ,
1347 850 1398 893 et
1431 852 1648 907 propter
1691 853 1911 909 angusta
1941 840 2054 894 Val-

477 934 627 996 iinm,
661 943 866 986 montes
894 947 1158 1000 rupesque
1187 933 1453 985 exercitus
1488 931 1724 997 praedicti
1769 933 1911 996 regis
1953 931 2056 984 mi-

474 1027 619 1079 nime
649 1026 872 1087 transire
904 1028 1216 1092 potuissent,
1257 1025 1407 1090 pauci
1458 1035 1632 1079 tamen
1663 1027 1930 1079 montibus
1959 1042 2054 1080 1111-
2083 1063 2094 1084 η

476 1118 749 1185 gnatisque
776 1117 908 1170 locis
928 1117 1352 1183 erumpentibus,
1384 1132 1551 1185 usque
1576 1118 1625 1169 in
1652 1117 1789 1171 valle
1815 1117 2052 1172 Seusana

463 1211 637 1278 690
666 1220 1041 1274 pervenerunt.
1074 1209 1199 1262 11ωο
1228 1223 1454 1263 cernens
1491 1209 1746 1262 Aistulfus
1779 1225 1868 1264 rex
1918 1209 2055 1264 Lan-

476 1301 853 1370 gobardorum,
886 1316 1073 1355 omnes
1100 1301 1480 1370 Langobardos
1507 1316 1717 1356 armare
1761 1305 2048 1372 praecepit,

474 1400 529 1443 et
555 1407 673 1444 cttm
703 1393 847 1446 omni
874 1393 1113 1446 exercitu
1141 1407 1238 1446 suo
1269 1407 1429 1460 super
1457 1407 1548 1445 eos
1589 1393 1861 1448 audaciter
1884 1397 2050 1450 venit.

474 1487 599 1543 Haec
645 1501 925 1544 cernentes
958 1492 1180 1558 Franci,
1228 1507 1333 1545 non
1382 1491 1492 1546 suis
1521 1492 1762 1560 auxiliis,
1810 1507 1910 1547 nec
1943 1493 2053 1547 suis

476 1580 674 1635 viribus
706 1583 934 1637 liberare
962 1598 1020 1638 se
1049 1583 1323 1652 putabant,
1358 1583 1451 1637 sed
1497 1583 1663 1638 Deum
1696 1585 1969 1649 invocant,
2000 1595 2054 1640 et

476 1670 686 1725 beatum
716 1673 926 1726 Petrum
952 1674 1252 1740 apostolum
1281 1673 1578 1741 adiutorem
1607 1683 1633 1710 ι
1664 1685 1869 1742 rogant.
1895 1676 2054 1730 Com-

477 1769 743 1834 missoque
771 1768 957 1836 proelio
987 1767 1195 1822 fortiter
1221 1769 1360 1821 inter
1383 1783 1442 1821 se
1469 1767 1783 1822 dimica-utea
1806 1809 1821 1833 ,
1859 1769 2053 1822 Aistul—

416 1917 422 1921 _
472 1856 557 1912 fus
585 1875 674 1911 rex
731 1859 1196 1928 Langobardorum
1248 1859 1432 1914 Issum
1481 1875 1713 1915 ecruens
1755 1863 2050 1916 exercitum

473 1964 647 2016 somn,
681 1962 827 2021 terga
857 1952 1032 2014 vertit,
1063 1960 1115 2005 et
1147 1966 1280 2019 pene
1306 1968 1519 2005 omnem
1549 1953 1842 2007 exercitum
1869 1968 2048 2016 suum,

472 2056 628 2109 quem
669 2057 849 2096 secum
879 2044 1213 2100 adduxerat.
1263 2053 1368 2096 tam
1409 2044 1610 2110 duces,
1661 2046 1922 2108 comites,
1969 2047 2051 2101 vel

464 2147 658 2184 omnes
702 2132 928 2199 majores
959 2141 1086 2185 natu
1123 2133 1296 2200 gentis
1341 2133 1810 2200 Langobardorum
1836 2175 1850 2197 ,
1905 2137 1956 2188 in
1984 2150 2051 2190 eo

472 2221 654 2290 prndio
694 2238 883 2275 o-nnes
928 2225 1138 2286 amisit;
1181 2235 1234 2278 et
1282 2225 1395 2288 ipse
1424 2226 1654 2294 quodam
1698 2237 1876 2281 monte
1908 2227 2053 2297 rupis

460 2313 558 2364 vix
592 2313 769 2381 lapsus
791 2314 982 2376 evasit,
1015 2314 1258 2367 Ticinum
1299 2316 1486 2368 urbem
1520 2332 1670 2370 suam
1704 2333 1831 2371 .cum
1866 2319 2051 2385 paucis

461 2403 637 2461 venit.
685 2403 847 2474 Igitur
887 2405 1179 2471 praecelsus
1207 2421 1297 2460 rex
1349 2407 1642 2474 Pippinus,
1697 2418 1900 2476 patrata
1945 2411 2054 2463 Deo

471 2492 755 2563 adiuvante
781 2493 808 2532 δ
841 2494 1063 2548 victoria
1086 2536 1102 2561 ,
1131 2511 1250 2549 cum
1284 2497 1426 2550 omni
1459 2499 1719 2554 exercitu.
1750 2499 1832 2554 vel
1875 2501 2055 2554 multi—

473 2596 654 2642 tuutnc
680 2589 948 2657 agminum
987 2589 1332 2651 Francorum,
1365 2605 1532 2659 usque
1560 2590 1626 2645 ad
1653 2590 1900 2645 Ticinum
1935 2607 2054 2661 per-

475 2684 722 2742 accessit,
755 2691 926 2734 castra
961 2689 1189 2735 metatus
1216 2692 1317 2745 est,
1350 2682 1585 2749 undique
1625 2683 1802 2736 omnia
1841 2698 1960 2753 quae
2003 2685 2053 2737 in

474 2787 606 2842 gyro
653 2775 864 2827 fuerunt
911 2786 1124 2828 vastans
1164 2790 1176 2827 :
1222 2784 1400 2842 partes
1441 2775 1602 2828 Italiae
1653 2776 1885 2830 maxime
1933 2777 2055 2843 igne

474 2865 870 2924 concremavit,
903 2875 1066 2918 totam
1099 2863 1370 2932 regionem
1405 2865 1546 2918 illam
1580 2866 1836 2929 vastavit,
1881 2876 2052 2919 castra

467 2954 945 3023 Langobardorum
993 2956 1172 3008 omnia
1221 2955 1437 3022 diripuit
1468 2954 1620 3027 [Ed.,
1667 2955 1952 3027 disrupit],
1999 2965 2054 3011 et

466 3045 670 3100 multos
695 3046 977 3100 thesauros
1004 3055 1109 3098 tam
1151 3048 1263 3100 auri
1292 3056 1346 3100 ct
1372 3048 1599 3116 argenti,
1631 3049 1713 3102 vel
1741 3049 1841 3102 alia
1888 3064 2052 3102 orna-

475 3149 648 3190 menta
681 3153 838 3207 quam
870 3138 1127 3201 plurima.
1171 3146 1437 3192 eteorum
1485 3141 1708 3193 tentoria
1752 3139 1928 3194 omnia
1971 3156 2054 3193 ra-
2081 3115 2126 3178 Ο

462 3229 585 3294 ερηίι
614 3235 670 3281 et
713 3227 872 3294 cepit.
919 3227 1042 3280 Haec
1069 3241 1297 3282 cernens
1329 3227 1588 3283 Aistulfus
1625 3245 1716 3283 rex
1751 3229 2052 3298 Langobar-

474 3321 682 3382 dorum,
712 3319 853 3387 quod
885 3319 1185 3372 nullatenus
1211 3333 1270 3372 se
1297 3321 1526 3374 evadere
1557 3319 1836 3388 potuisset,
1867 3335 2051 3385 pacem

466 3427 568 3480 .per
606 3411 912 3465 sacerdotes
949 3419 1003 3464 et
1027 3411 1313 3478 Optimates
1356 3412 1680 3465 Francorum
1714 3425 1920 3478 petens,
1969 3415 2052 3466 di-

473 3505 677 3560 ctiones
707 3518 865 3572 supra
896 3504 1039 3557 dicto
1069 3518 1191 3572 rege
1218 3504 1438 3571 Pippino
1473 3504 1692 3571 faciens,
1724 3513 1776 3558 et
1800 3503 2047 3576 [Fat-san,

465 3597 551 3668 ut]
577 3596 824 3666 quidquid
857 3605 1041 3650 contra
1071 3596 1360 3650 Romanam
1409 3598 1688 3652 ecclesiam
1735 3598 1820 3652 vel
1868 3600 2049 3653 sedem

477 3690 837 3759 Apostolicam
889 3698 1071 3742 contra
1113 3689 1245 3756 legis
1293 3689 1534 3744 ordinem
1583 3688 1815 3755 fecerat,
1861 3691 2054 3758 plenis-

465 3781 606 3835 sima
646 3780 913 3835 solutione
957 3780 1291 3837 emendaret.
1341 3782 1688 3838 Sacramenta
1737 3790 1794 3838 et
1840 3783 2055 3839 obsides

468 3871 670 3925 ibidem
697 3871 879 3935 donat,
924 3878 984 3924 ut
1025 3884 1296 3938 nunquam
1327 3888 1352 3924 a
1389 3873 1717 3928 Francorum
1747 3874 1953 3930 ditione
1994 3890 2054 3931 se

471 3963 844 4029 abstraheret,
891 3976 940 4018 et
973 3963 1202 4017 ulterius
1245 3964 1308 4018 ad
1341 3965 1522 4020 sedem
1571 3968 1917 4035 apostolicam
1950 3967 2053 4022 Ro-

471 4071 683 4110 manam
707 4066 756 4112 et
779 4055 1158 4126 rempublicam
1181 4055 1443 4112 hostiliter
1460 4073 1732 4128 nunquam
1755 4060 2049 4116 accederet.

470 4148 731 4205 Prtefatus
758 4163 849 4204 rex
890 4149 1146 4220 Pippinus
1172 4150 1409 4204 clemens
1433 4157 1492 4205 111
1516 4161 1652 4218 erat,
1681 4152 2051 4207 misericordia

467 4249 672 4308 motus,
702 4244 862 4295 vitam
887 4250 940 4294 et
979 4255 1199 4310 regnum
1228 4241 1277 4296 ei
1311 4241 1611 4307 concessit,
1655 4250 1711 4296 et
1739 4242 1900 4296 multa
1933 4257 2051 4294 mu-

477 4417 568 4456 ces
589 4410 642 4456 et
668 4400 926 4467 angustia:
951 4399 1226 4452 montium.
1261 4399 1421 4450 Vallis
1449 4408 1626 4452 autem
1651 4398 1909 4461 Scusana,
1935 4414 2049 4465 seu,

480 4481 540 4525 111
560 4472 718 4525 Freh.
741 4481 796 4525 et
815 4470 948 4524 (Ian.
977 4475 1059 4521 bic
1089 4471 1301 4526 habent.
1327 4469 1610 4532 Swesiana,
1637 4469 1762 4529 (lin,
1798 4470 2049 4535 Suesaua,

478 4543 641 4610 vulgo
678 4541 871 4610 dicitur
896 4540 1065 4610 Vallis
1095 4541 1381 4606 Segusione
1415 4541 1486 4606 (le
1537 4539 1715 4592 Valde
1758 4539 1938 4608 Suze).

548 4608 587 4650 'V
615 4612 736 4673 Ed.,
771 4609 902 4663 brati
936 4608 1075 4662 Petri
1113 4610 1332 4674 apostoli
1359 4611 1692 4677 adiutorium.

548 4681 566 4720 ί
615 4681 796 4739 01105..
832 4679 928 4732 Dei
968 4680 1249 4747 adjutorio.

549 4763 574 4790 ε
617 4752 670 4804 111
699 4760 800 4804 est.
832 4751 1128 4816 pra’dictum
1171 4750 1493 4814 Stephanum
1523 4767 1734 4817 papam.

545 4820 571 4858 ά
616 4823 737 4881 Ed“
767 4821 892 4888 lines
928 4819 1271 4871 Romanorum
1303 4834 1600 4887 peragrans.

547 4902 572 4930 ε
615 4893 770 4952 11011,
795 4891 1015 4944 veniens.
1054 4889 1287 4944 Ecclesia
1317 4892 1483 4944 Sancti
1514 4892 1654 4945 Petri
1701 4891 1753 4944 in
1798 4891 2051 4946 Vaticano

473 4966 598 5018 olim
628 4971 778 5017 extra
807 4960 1027 5024 Urbem,
1059 4975 1087 5012 a
1122 4959 1298 5014 Leone
1330 4961 1389 5010 IV
1423 4961 1559 5014 intra
1592 4976 1782 5014 novam
1830 4965 2045 5026 ttrbem,

474 5051 591 5099 quae
611 5036 678 5088 ab
703 5049 768 5089 eo
791 5031 1016 5086 Leonina
1037 5030 1175 5084 dicta
1199 5043 1301 5090 est,
1328 5031 1530 5084 inclusa
1554 5032 1668 5086 fuit.
1704 5031 1759 5085 111
1792 5033 1872 5084 1115
1895 5047 2051 5101 porro

470 5106 731 5173 angustiis
770 5102 1050 5172 epistolam
1100 5102 1406 5173 Stephanus
1457 5102 1680 5173 Pippino
1709 5111 1762 5156 et
1805 5105 2052 5160 ominibus

473 5170 694 5231 Francis
721 5170 935 5229 nomine
962 5170 1132 5228 sancti
1166 5170 1307 5226 Petri
1337 5173 1554 5240 scripsit
1579 5191 1590 5225 :
1624 5172 1808 5227 Petrus
1847 5183 2052 5227 vocatus

472 5247 799 5315 apostolus...
835 5244 1094 5315 Pippiuo,
1149 5243 1358 5306 Carolo,
1413 5254 1517 5304 etc.
1564 5243 1695 5298 Eam
1745 5244 1956 5315 aliaque
1985 5243 2050 5296 ad

471 5314 608 5371 hanc
638 5312 910 5388 historiam
932 5312 1256 5388 pertinentia
1285 5317 1631 5370 instrumenta
1661 5315 1862 5384 profert
1885 5312 2054 5368 Coin-

473 5393 576 5439 Iius
604 5396 747 5440 tomo
771 5401 804 5439 ν
834 5386 1024 5439 Annal.

547 5454 566 5494 ί
608 5458 738 5510 Bob.
759 5496 774 5516 .
803 5453 1109 5518 Cuvilonno,
1141 5453 1359 5511 Genava.
1392 5455 1485 5511 Hte
1513 5454 1674 5508 urbes
1711 5463 1866 5518 sunt,
1915 5453 2052 5510 Clui-

469 5525 913 5588 ιυηεοιυνοδηόηε,
954 5523 1170 5586 Genéve.
1199 5525 1512 5580 Saint-Jean
1538 5527 1602 5579 de
1633 5524 1957 5580 Maurienne.

543 5607 571 5645 ε
617 5597 783 5663 Vulgo
809 5594 856 5648 le
887 5604 1022 5647 mont
1045 5594 1218 5656 .Cénis,
1247 5595 1301 5648 in
1332 5596 1554 5663 Alpibus
1581 5595 1790 5651 Cottiis.

542 5667 566 5704 δ
605 5666 853 5736 Tassilo,
876 5679 941 5736 ex
971 5663 1247 5717 Chiltrude
1295 5680 1388 5720 seu
1435 5665 1694 5733 lliltrude,
1725 5665 1793 5723 de
1824 5681 1924 5736 qua
1956 5682 2046 5722 su-

470 5740 668 5807 perius,
713 5735 918 5806 Pippini
947 5747 1131 5790 sorore
1155 5743 1312 5788 natus
1337 5744 1471 5789 erat.

2155 487 2208 528 et
2228 477 2574 545 optimatibus
2596 481 2922 534 Francorum
2950 485 3111 536 multa
3137 501 3358 540 munera
3389 489 3613 556 largitus
3633 502 3732 546 est.

2147 571 2250 626 llis
2283 574 2458 643 itaque
2502 575 2686 644 gestis,
2721 574 2976 645 Pippinus
3002 593 3094 632 rex
3139 580 3296 652 691
3332 583 3592 649 praedicto
3617 585 3725 640 Ste-

2158 667 2332 731 phano
2360 684 2491 735 papa
2519 678 2541 706 ο
2575 684 2695 722 cum
2724 671 3070 737 optimatibus
3096 676 3205 728 suis
3231 683 3286 728 et
3325 677 3489 729 mttlta
3519 693 3734 732 munera

2157 760 2391 827 partibus
2419 760 2603 815 Romze
2633 777 2752 817 eum
2781 779 2972 831 magno
3002 766 3206 820 honore
3236 766 3449 832 direxit,
3484 778 3541 822 et
3581 769 3632 822 in
3657 785 3736 823 se-

2155 852 2275 904 dem
2302 853 2644 921 apostolicam
2672 853 3025 922 iucolument,
3073 857 3158 911 ubi
3189 857 3339 928 [Ed.,
3371 859 3555 929 sicuti]
3588 861 3733 927 prius

2151 943 2359 1009 fuerat,
2403 947 2652 1001 restituit.
2704 944 2796 1000 1115
2827 948 3142 1011 transactis,
3179 949 3435 1017 Pippinus
3477 967 3575 1004 rex
3619 966 3736 1005 cum

2156 1035 2391 1088 exercitu
2421 1050 2518 1090 suo
2562 1038 2642 1091 vel
2676 1039 2856 1091 multis
2887 1039 3151 1093 thesauris
3181 1056 3242 1093 ac
3274 1042 3455 1094 multis
3499 1045 3738 1098 muneri-

2155 1125 2254 1180 bus
2283 1127 2394 1181 Deo
2421 1129 2708 1196 adjuvante
2736 1146 2984 1185 reversus
3014 1141 3095 1185 est
3119 1133 3183 1185 ad
3216 1135 3450 1202 propria.

2228 1221 2325 1273 Au.
2361 1235 2545 1275 DCCLV.
2574 1251 2642 1260 -—
2663 1219 2848 1275 CXXI.
2890 1222 3140 1291 Sequenti
3173 1239 3312 1277 anno
3343 1224 3611 1278 Aisutlfus
3651 1242 3740 1280 res

2157 1311 2627 1381 Langobardorum
2658 1313 2814 1366 fidem
2839 1330 3010 1378 suam,
3039 1330 3198 1384 quam
3227 1317 3337 1383 regi
3371 1316 3602 1385 Pip-zino
3626 1333 3745 1384 pro-

2158 1403 2408 1470 miserat,
2451 1405 2682 1470 peccatis
2711 1403 3027 1458 facientibus
3059 1404 3263 1460 fefellit.
3301 1406 3496 1460 lterum
3531 1407 3596 1459 ad
3641 1407 3744 1460 Ro-

2158 1508 2298 1544 mam
2324 1508 2444 1546 cum
2477 1496 2717 1548 exercitu
2747 1509 2846 1548 suo
2873 1495 3124 1562 veniens,
3155 1495 3348 1551 ﬁnibus
3374 1497 3744 1550 Romanorum

2158 1597 2455 1651 pervagans
2482 1583 2530 1648 ἀ,
2555 1593 2712 1653 atque
2742 1585 3013 1652 regionem
3040 1587 3180 1640 illam
3211 1597 3446 1655 vastans,
3472 1589 3540 1640 ad
3573 1589 3745 1641 cccle-

2156 1675 2288 1726 siam
2317 1676 2484 1728 sancti
2510 1676 2650 1728 Petri
2678 1677 2994 1744 perveniens
3023 1687 3070 1742 ο,
3096 1687 3150 1730 et
3177 1676 3365 1730 domos
3387 1691 3523 1745 quas
3547 1678 3744 1732 ibidem

2157 1765 2350 1828 reperit
2378 1766 2608 1820 maxime
2636 1767 2755 1835 igne
2783 1768 3167 1822 concremavit.
3205 1768 3330 1821 Haec
3357 1752 3620 1836 Pippinus
3648 1787 3742 1822 rex

2157 1869 2276 1908 eum
2322 1871 2420 1924 per
2451 1858 2804 1911 internuntios
2830 1858 3100 1922 audisset,
3133 1858 3354 1911 nimium
3383 1858 3568 1911 furore
3597 1868 3653 1914 et
3689 1861 3745 1913 in

2157 1945 2231 1996 ira
2264 1955 2442 1999 motus
2463 1987 2477 2008 ,
2525 1959 2794 2002 commoto
2825 1948 3015 2002 iterum
3060 1949 3204 2002 omni
3232 1949 3472 2004 exercitu
3505 1950 3748 2003 Franco-

2154 2051 2272 2089 rum
2306 2052 2399 2105 per
2429 2034 2786 2108 Burgundiam
2811 2080 2827 2105 ,
2877 2055 2975 2108 per
3014 2040 3379 2094 Cavalonnum
3424 2041 3649 2100 urbem.
3688 2053 3747 2094 et

2157 2126 2170 2178 i
2198 2129 2280 2180 1110
2311 2142 2402 2194 per
2431 2127 2656 2182 Janttam
2688 2127 2708 2168 ί
2745 2145 2913 2198 usque
2944 2131 3305 2184 Mauriennam
3334 2131 3577 2186 veniens.
3630 2133 3746 2187 Rex

2156 2219 2416 2274 Aistulfus
2439 2235 2560 2274 cum
2588 2221 2690 2276 hoc
2715 2222 3027 2290 reperisset.
3060 2222 3252 2276 iterum
3275 2222 3340 2276 ad
3371 2221 3564 2277 Clusas
3589 2239 3748 2278 exer-

2155 2310 2316 2364 citum
2351 2309 2822 2380 Langobardorum
2861 2313 3078 2368 mittens
3100 2353 3115 2377 ,
3161 2313 3252 2380 qui
3282 2314 3391 2381 regi
3425 2314 3650 2384 Pippino
3685 2325 3748 2370 ot

2160 2399 2376 2452 Francis
2408 2400 2755 2466 resisterent,
2810 2410 2865 2454 et
2906 2403 3152 2471 partibus
3179 2401 3346 2456 italia:
3383 2406 3585 2457 intrare
3633 2421 3748 2458 non

2154 2490 2412 2544 sinerent.
2442 2490 2554 2545 Rex
2587 2492 2840 2561 Pippinus
2866 2508 2986 2547 cum
3017 2493 3256 2549 exercitu
3284 2509 3402 2559 suo,
3447 2505 3627 2548 monte
3653 2496 3748 2548 Ci-

2156 2583 2295 2636 nisio
2325 2592 2353 2630 ε
2383 2591 2654 2638 transacto
2673 2625 2688 2648 ,
2720 2600 2889 2653 usque
2915 2585 2979 2638 ad
3009 2587 3230 2652 Clusas,
3271 2586 3357 2640 ubi
3399 2585 3748 2655 Langobardi

2153 2674 2203 2726 ei
2236 2673 2484 2728 resistere
2517 2674 2842 2742 nitebantur,
2873 2676 3216 2746 perveniens,
3258 2685 3312 2729 et
3333 2678 3510 2730 statim
3542 2675 3750 2732 Franci

2155 2764 2312 2818 solito
2339 2780 2487 2820 more
2511 2805 2526 2827 ,
2578 2774 2636 2821 ut
2678 2766 2853 2821 edocti
2886 2776 3072 2834 erant,
3106 2784 3200 2833 per
3245 2777 3454 2836 montes
3495 2777 3547 2823 et
3576 2784 3750 2836 rupes

2155 2870 2516 2930 erumpentes,
2553 2864 2602 2914 in
2630 2878 2852 2932 regnum
2885 2863 3092 2917 Aistulli
3119 2879 3238 2918 cum
3271 2864 3435 2917 multa
3461 2864 3538 2916 ira
3567 2873 3620 2917 et
3653 2863 3749 2917 fn-

2156 2967 2278 3006 rore
2309 2953 2529 3016 intrant,
2561 2952 2942 3022 Langobardos
2971 2969 3105 3021 quos
3133 2955 3203 3009 ibi
3231 2965 3550 3021 repererunt
3575 2956 3751 3009 inter-

2159 3043 2361 3096 ficiunt.
2391 3043 2598 3110 Reliqui
2627 3046 2716 3113 qui
2758 3056 3129 3100 remanserant
3166 3047 3252 3100 vix
3281 3046 3400 3114 fuga
3446 3048 3580 3116 lapsi
3611 3064 3750 3102 eva-

2158 3145 2360 3188 serunt.
2397 3138 2506 3190 Rex
2539 3135 2790 3204 Pippinus
2826 3152 2946 3191 eum
2980 3149 3174 3205 nepote
3215 3153 3312 3192 suo
3344 3139 3623 3194 Tassilone
3666 3139 3695 3177 ιι
3727 3182 3746 3206 .

2160 3224 2519 3291 Bajoariorum
2550 3226 2708 3290 duce,
2736 3227 2976 3295 partibus
3007 3227 3170 3282 Italiae
3196 3243 3364 3297 usque
3391 3229 3460 3282 ad
3489 3231 3746 3285 Ticinum

2156 3314 2346 3369 iterum
2372 3317 2619 3380 accessit,
2645 3326 2701 3371 et
2727 3325 2890 3370 totam
2930 3320 3200 3386 regionem
3232 3320 3377 3373 illam
3408 3320 3617 3375 fortiter
3647 3324 3748 3378 de-

2157 3417 2411 3472 vastans,
2451 3408 2591 3463 circa
2625 3423 2806 3463 muros
2835 3410 3005 3464 Ticini
3040 3421 3259 3480 utraque
3301 3424 3452 3480 parte.
3479 3414 3592 3467 lixit
3622 3424 3750 3470 ten-

2158 3501 2312 3560 toria,
2345 3500 2416 3552 ita
2449 3509 2507 3552 ut
2536 3500 2712 3553 nullus
2755 3501 2948 3556 exinde
2971 3501 3200 3558 evadere
3245 3505 3501 3571 potuisset
3539 3503 3577 3557 ί.
3613 3505 3748 3562 flare

2158 3591 2415 3645 Aistulfus
2446 3607 2540 3645 rex
2574 3593 3042 3664 Langobardorum
3085 3611 3343 3662 cernens,
3377 3608 3433 3653 et
3455 3599 3565 3669 jam
3615 3602 3748 3655 nul-

2158 3682 2258 3735 lam
2306 3697 2454 3751 spem
2481 3683 2642 3755 692
2683 3699 2742 3738 se
2771 3687 3029 3740 evadendi
3069 3699 3348 3755 speraret,
3393 3691 3585 3744 iterum
3642 3707 3747 3760 per

2154 3778 2596 3847 Supplicationem
2627 3779 2961 3834 sacerdotum
2983 3789 3040 3836 et
3059 3782 3369 3849 optimatum
3402 3782 3738 3839 Francorum

2155 3875 2372 3926 veniens
2392 3911 2408 3934 ,
2437 3879 2492 3925 et
2523 3885 2704 3939 pacem
2759 3873 3011 3938 praedicto
3041 3874 3151 3942 regi
3198 3875 3531 3943 supplicans,
3563 3887 3619 3930 et
3647 3891 3743 3929 sa-

2155 3976 2427 4020 cramenta
2467 3980 2584 4034 quat
2615 3965 2838 4033 praefato
2865 3965 2977 4036 regi
3002 3965 3201 4019 dudum
3231 3966 3474 4032 dederat,
3505 3982 3566 4021 ac
3589 3969 3741 4035 quod

2156 4059 2309 4130 |Ed.,
2341 4067 2399 4112 111
2445 4058 2556 4128 qui]
2600 4068 2784 4111 contra
2815 4058 2997 4112 sedem
3033 4059 3380 4126 apostolicam
3423 4074 3538 4112 rem
3584 4059 3744 4114 nefa-

2157 4151 2287 4204 riam
2320 4149 2558 4212 fecerat,
2592 4151 2771 4202 omnia
2803 4164 2896 4217 per
2941 4149 3199 4218 judicium
3250 4150 3605 4215 Francorum,
3650 4155 3743 4206 vel

2155 4242 2493 4296 sacerdotum
2541 4241 2850 4312 plenissima
2879 4241 3148 4297 solutione
3186 4244 3518 4298 emendaret.
3567 4243 3743 4313 Igitur

2232 4399 2246 4437 ί
2295 4401 2462 4467 Tunc,
2496 4413 2552 4454 ut
2582 4409 2763 4454 narrat
2789 4399 3130 4462 Anastasius,
3163 4400 3499 4465 imperatoris
3529 4400 3744 4469 legatus

2162 4471 2439 4540 Pippinum
2471 4474 2740 4535 convenit,
2772 4481 2831 4524 ut
2856 4472 3200 4524 exarchatum
3227 4471 3451 4540 imperio
3483 4481 3742 4524 restitue-

2164 4539 2263 4596 ret.
2292 4546 2356 4597 At
2385 4543 2600 4611 negavit
2640 4543 2726 4596 ille
2755 4557 2813 4594 se
2859 4541 2907 4594 id
2942 4539 3297 4610 praestituruni
3320 4581 3336 4603 ,
3366 4541 3502 4608 quod
3537 4541 3740 4597 bellum

2164 4611 2264 4665 ln-c
2294 4615 2410 4666 solo
2452 4613 2661 4681 pietatis
2703 4611 2915 4674 intuitu,
2949 4630 3040 4681 pro
3081 4627 3252 4664 amore
3295 4613 3458 4662 sancti
3499 4611 3642 4664 Petri
3689 4627 3741 4665 et

2162 4683 2460 4741 delictorum
2489 4700 2692 4737 suorum
2718 4684 2860 4736 venia
2890 4683 3238 4748 Sttscettis~et,
3268 4697 3437 4744 neque
3475 4696 3534 4735 se
3579 4699 3740 4734 011111-

2161 4756 2468 4817 11115511111111,
2503 4765 2554 4805 111
2583 4754 2718 4820 quod
2747 4753 2898 4806 semel
2927 4752 3066 4804 beato
3100 4749 3255 4804 Petro
3283 4752 3530 4805 obtulerat
3557 4757 3744 4821 aufer-

2159 4836 2251 4877 ret.
2300 4827 2451 4885 Hinc,
2483 4826 2554 4877 uti
2589 4826 2922 4892 prosequitur
2953 4824 3042 4876 ille
3084 4831 3296 4884 auctor,
3334 4826 3538 4874 lirmata
3565 4839 3695 4890 pace
3717 4866 3737 4886 ,

2159 4896 2222 4949 de
2260 4895 2471 4959 receptis
2493 4895 2773 4948 cit'itatibus
2794 4911 2823 4944 a
2849 4892 2907 4944 Β.
2941 4893 3116 4954 Petro,
3143 4902 3291 4961 atque
3320 4909 3350 4944 a
3375 4903 3549 4944 sancta
3579 4892 3738 4950 Rom.

2165 4965 2422 5027 ltfrclesia,
2471 4967 2546 5018 vel
2595 4965 2658 5018 ab
2707 4963 3021 5016 omnibusin
3069 4971 3363 5028 perpetuum
3413 4963 3742 5030 pontiﬁcibus

2156 5037 2447 5104 apostolica:
2493 5036 2625 5088 sedis
2657 5036 2969 5102 possidendis
2999 5034 3133 5086 misit
3171 5033 3224 5104 in
3263 5033 3463 5099 scriptis
3500 5034 3743 5086 donatio.

2157 5102 2288 5168 nem,
2312 5122 2427 5175 qua:
2447 5122 2603 5176 usque
2627 5106 2796 5168 hodie,
2825 5106 3013 5171 inquit,
3039 5102 3313 5176 inore/tivo
3339 5113 3528 5176 sancti:
3548 5114 3746 5176 nostra-

2155 5172 2382 5230 ecclesiis
2409 5172 2674 5229 recondita
2702 5183 2914 5228 tenetur.
2941 5203 3013 5214 —
3046 5173 3291 5241 Ejusdem
3321 5172 3625 5228 donationis
3649 5191 3745 5229 au-

2159 5246 2447 5318 thenticum
2473 5255 2872 5318 monumentum
2881 5257 3140 5318 superest
3161 5243 3298 5308 apud
3329 5241 3635 5318 Ravennam
3669 5247 3741 5318 la;

2157 5317 2263 5383 pidi
2299 5318 2614 5384 Insculptum
2659 5315 2849 5370 litteris
2879 5315 3166 5372 Romanis,
3210 5313 3430 5384 tametsi
3469 5313 3737 5369 mutilum;

2157 5389 2260 5443 Sed
2304 5404 2422 5455 quae
2451 5392 2642 5441 desunt
2671 5386 2824 5441 facile
2851 5393 3072 5454 possunt
3118 5383 3378 5453 suppleri.
3412 5383 3506 5440 Sic
3552 5399 3737 5440 autem

2155 5459 2310 5512 habet
2341 5475 2354 5509 :

2227 5527 2551 5586 PIPPINUS.
2613 5526 2784 5583 DIUS.
2842 5523 3116 5578 PRIMUS.
3178 5522 3734 5580 AMPLIFICANDIE.

2153 5598 2529 5653 ECCLESlrE.
2591 5597 2774 5651 V-lAM.
2847 5594 3164 5649 Al‘ERUlT.
3219 5594 3306 5647 ΕΤ
3377 5591 3738 5658 ΕΧΔΒΟΗΑτ

2150 5671 2312 5726 TUM.
2361 5667 2726 5723 IiAVENN/E.
2769 5663 2908 5722 CUM
2949 5664 3677 5721 AMPLISSIMIS............
