4020 6194
224 290 324 346 689

1152 295 1550 352 CIIRONICUM
1590 297 2102 357 CONTINUATUM.
2145 301 2323 360 PARS
2357 306 2662 374 QUARTA.

3373 304 3476 358 (J‘JU

227 424 316 461 rex
349 407 605 476 Pippinus
631 410 787 463 solito
815 427 964 465 more
992 411 1187 466 iterum
1217 414 1586 467 misericordia
1616 426 1811 478 motus,
1844 419 1892 476 Α
1921 433 2054 486 quos
2085 418 2285 474 dudum
2318 420 2608 478 Waifarius
2639 414 2824 482 contra
2856 429 3257 498 legis,ordinem
3283 435 3490 489 occide-
3569 455 3574 465 ·

225 500 286 552 ad
335 501 644 568 petitionem
694 504 1007 571 optimatum
1039 520 1255 560 suorum
1287 507 1448 559 vitam
1491 517 1546 560 et
1587 523 1808 576 regnum

223 594 416 647 iterato
445 597 731 648 concessit.
767 596 1027 652 Aistnlfus
1053 614 1147 651 rex
1181 615 1274 668 per
1298 597 1558 668 judicium
1587 599 1813 654 Franco-

223 701 337 738 rum
367 686 453 739 vel
481 687 853 756 sacerdotum,
884 689 1193 744 thesaurum
1225 691 1314 760 qui
1342 691 1394 745 in
1427 691 1614 745 Ticino
1655 703 1766 746 erat
1792 735 1809 758 ,

224 775 274 829 id
302 787 385 831 est
414 779 623 832 tertiam
658 793 884 848 partem,
922 782 1176 849 praedicto
1212 785 1319 853 regi
1359 783 1596 849 tradidit,
1627 791 1682 838 et
1706 784 1810 838 alia

225 872 392 926 multa
423 890 643 927 munera
674 875 876 944 majora
909 892 1066 944 quam
1110 887 1262 930 antea
1295 877 1536 940 dederat,
1570 877 1812 945 partibus

223 964 362 1028 regis
411 961 620 1032 Pippini
667 964 834 1018 dedit.
879 966 1224 1020 Sacramenta
1271 969 1465 1020 iterum
1515 977 1566 1020 et
1597 967 1810 1022 obsides

221 1054 404 1117 donat,
440 1063 498 1107 ut
522 1056 749 1123 amplius
800 1072 1067 1125 nunquam
1097 1067 1286 1110 contra
1316 1073 1494 1125 regem
1527 1056 1809 1126 Pippinum

222 1146 305 1198 vel
351 1162 600 1215 proceres
643 1148 972 1202 Francorum
1027 1149 1241 1204 rebellis
1268 1161 1323 1204 et
1363 1160 1652 1205 contumax
1691 1165 1812 1204 esse

219 1239 413 1293 debeat
445 1248 494 1307 ει,
525 1253 573 1293 et
608 1242 800 1295 tributa
831 1259 949 1312 quae
983 1243 1312 1313 Langobardi
1345 1247 1453 1313 regi
1482 1243 1809 1299 Francorum

219 1346 248 1384 a
280 1333 440 1402 longo
471 1342 715 1402 tempore
755 1335 1035 1400 dederant,
1069 1339 1224 1389 annis
1250 1336 1474 1404 singulis
1503 1351 1598 1404 per
1621 1337 1812 1390 miSSos

219 1437 347 1476 suos
406 1423 686 1479 desolvere
738 1426 1017 1481 deberent.
1069 1428 1368 1483 Prmcelsus
1419 1447 1507 1482 rex
1560 1429 1812 1498 Pippinus

221 1518 393 1569 victor
430 1534 550 1570 cum
593 1519 798 1588 magnis
833 1519 1100 1574 thesauris
1139 1531 1192 1575 et
1232 1523 1417 1576 multis
1468 1523 1808 1588 muneribus,

220 1609 425 1678 absque
463 1610 588 1664 belli
618 1619 840 1678 eventu,
882 1628 1003 1668 cum
1035 1617 1180 1668 omni
1214 1615 1453 1670 exercitu
1502 1632 1599 1668 suo
1645 1616 1814 1670 illaesa

218 1707 284 1754 ad
332 1718 600 1771 propriam
646 1705 826 1758 sedem
853 1705 1000 1775 regni
1044 1705 1125 1758 sui
1178 1709 1436 1762 remeavit
1490 1708 1810 1775 incolumis,

218 1806 272 1849 et
300 1797 505 1865 quievit
533 1806 675 1851 terra
703 1813 732 1850 a
765 1798 960 1866 prmliis
999 1799 1156 1853 annis
1196 1800 1424 1854 duobus.

291 1893 393 1943 AN.
424 1905 520 1944 occ
535 1891 930 1947 twn—CXXII.
954 1893 1080 1947 Post
1101 1893 1215 1947 Inec
1230 1893 1489 1948 Aistulfus
1506 1910 1598 1949 rex
1613 1893 1802 1962 Lango-

221 1983 532 2047 bardorum,
554 1984 678 2038 dum
698 1986 1037 2040 venationem
1059 1988 1110 2040 in
1123 1987 1350 2053 quadam
1366 1988 1498 2040 silva
1511 1998 1808 2053 exerceret,

222 2076 651 2145 divinojudicio,
677 2077 744 2131 de
775 2093 912 2147 equo
943 2094 1050 2146 quo
1081 2077 1303 2132 sedebat
1327 2093 1487 2148 super
1525 2079 1809 2146 quamdam

225 2169 471 2222 arborem
505 2168 796 2237 proiectus,
824 2169 985 2221 vitam
1011 2180 1064 2224 et
1095 2184 1317 2237 regnum
1345 2169 1630 2223 crudeliter
1651 2170 1810 2239 digna

224 2269 400 2313 morte
438 2260 637 2313 amisit.
676 2259 1013 2329 Langobardi
1060 2275 1162 2313 una
1202 2275 1321 2314 cum
1365 2274 1631 2314 consensu
1669 2275 1812 2329 prae-

226 2351 349 2404 dicti
399 2351 540 2421 regis
579 2349 827 2420 Pippini,
875 2360 930 2406 et
975 2349 1200 2405 consilio
1248 2364 1530 2418 procerum
1559 2365 1810 2417 suorum,

227 2444 558 2498 Desiderium
585 2446 638 2498 in
663 2444 842 2499 sedem
876 2445 1023 2514 regni
1052 2444 1359 2499 instituunt.

293 2540 397 2592 As.
443 2553 668 2592 occcvn.
699 2567 770 2577 —
795 2536 1028 2592 CXXIII.
1073 2537 1203 2591 Dum
1233 2537 1347 2592 haec
1372 2547 1687 2608 agerentur,
1719 2555 1813 2594 rex

230 2628 484 2697 l'ippinus
512 2629 830 2698 legationem
863 2629 1384 2700 Constantinopolim
1407 2631 1475 2685 ad
1511 2630 1816 2686 Constanti-

231 2737 352 2774 num
380 2720 408 2758 ι)
430 2723 806 2791 imperatorem
835 2738 928 2790 pro
949 2723 1195 2778 amicitiae
1226 2739 1410 2788 causa,
1434 2733 1490 2779 et
1509 2725 1682 2782 salute
1704 2741 1816 2782 sua:

230 2814 390 2885 693
420 2816 602 2884 patria:
633 2815 878 2879 mittens,
925 2816 1170 2870 similiter
1198 2825 1252 2870 et
1291 2816 1673 2872 Constantinus
1716 2818 1817 2874 im-

232 2923 444 2979 perator
475 2909 794 2981 legationem
838 2912 1056 2980 praelato
1085 2912 1196 2981 regi
1224 2927 1344 2966 cum
1377 2912 1558 2967 multis
1583 2915 1818 2970 muneri-

231 3009 328 3058 bus
353 3015 378 3044 ε
412 3005 630 3058 mittens
653 3046 670 3070 ,
711 3014 766 3060 et
798 3005 1060 3061 amicitias
1087 3015 1141 3058 et
1171 3004 1326 3060 Iidem
1355 3020 1452 3076 per
1481 3006 1686 3078 legatos
1727 3021 1815 3064 eo-

232 3111 348 3150 rum
373 3098 604 3152 vicissim
627 3099 762 3151 inter
781 3114 841 3153 se
870 3098 1201 3166 promittunt.
1226 3098 1417 3154 Nescio
1435 3115 1543 3168 quo
1566 3101 1815 3168 faciente,

1915 519 2015 574 rat,
2049 511 2096 563 ei
2140 513 2344 566 solvere
2385 512 2640 581 deberet;
2695 528 2748 570 et
2795 517 3036 575 homines
3084 536 3232 588 suos,
3281 525 3368 592 qui
3424 523 3492 579 de

1916 616 2082 670 regno
2131 602 2460 658 Francorum
2505 608 2569 660 ad
2611 609 2780 676 ipsum
2833 610 3140 666 \Vailarium
3196 615 3488 681 principem

1913 691 2223 764 confugium
2265 695 2539 762 fecerant,
2579 701 2804 756 reddere
2850 705 3092 760 deberet.
3145 705 3268 761 llaec
3314 710 3501 762 omnia

1918 783 2228 850 Waihrius,
2279 803 2399 857 quae
2449 791 2732 858 praedictus
2782 810 2876 848 rex
2933 811 3025 863 per
3055 796 3256 866 legatos
3285 814 3408 853 suos
3438 802 3503 855 ei~

1915 878 2294 943 ntaudaVerat,
2346 882 2447 935 hoc
2497 893 2662 938 totmn
2710 884 2890 942 facere
2937 891 3281 959 contempsit.
3326 891 3491 962 Igitur

1914 970 2167 1040 Pippinus
2208 988 2299 1027 rex
2321 973 2519 1028 invitus
2562 988 2862 1032 coarctatus
2891 989 2914 1016 ε’
2942 983 3177 1051 undique
3226 989 3493 1039 contraxit

1914 1062 2230 1128 exercitum,
2276 1075 2326 1120 et
2380 1068 2616 1134 partibus
2663 1070 2961 1138 Aquitania:
3003 1089 3100 1143 per
3136 1090 3324 1144 pagum
3355 1075 3491 1132 Tre-

1914 1157 2187 1212 cassinum
2216 1174 2383 1227 usque
2414 1160 2811 1218 Autisioderum
2844 1165 3029 1220 urbem
3069 1169 3315 1224 accessit.
3363 1169 3491 1224 Inde

1915 1250 1980 1303 ad
2008 1249 2250 1322 Ligerem
2285 1253 2502 1307 (luvium
2542 1269 2662 1309 cum
2702 1257 2847 1310 omni
2875 1259 3107 1314 exercitu
3142 1260 3488 1323 Francorum,

1914 1342 1980 1395 ad
2014 1343 2247 1396 Masuam
2285 1342 2304 1380 ί
2331 1344 2506 1400 vicum
2539 1347 2590 1401 in
2621 1362 2758 1418 pago
2796 1348 3088 1405 Autisiodei
3103 1353 3216 1406 ensi
3249 1354 3489 1422 Ligerem

1916 1433 2134 1488 ﬂuvium
2168 1439 2546 1505 transmeavit;
2599 1456 2693 1508 per
2739 1456 2931 1512 pagum
2982 1443 3276 1500 Bitorinum
3325 1463 3492 1516 usque

1915 1527 2214 1582 Arvernico
2262 1530 2510 1595 accessit,
2566 1533 2840 1600 regionem
2897 1535 3051 1590 illam.
3081 1553 3396 1608 pervagans,
3435 1550 3492 1592 et

1917 1621 2202 1673 maximam
2237 1631 2441 1692 parteut
2467 1624 2771 1693 Aquitania;
2802 1627 2921 1698 igne
2949 1631 3491 1690 concretnavit.Wai-

1918 1710 2079 1764 larius
2120 1712 2370 1780 princeps
2422 1716 2722 1776 Aquitania:
2761 1731 2856 1785 per
2895 1719 3097 1788 legatos
3141 1738 3267 1777 suos
3307 1739 3490 1796 pacem

1843 1796 1890 1856 Β
1919 1803 2261 1871 supplicans,
2293 1817 2625 1862 sacramenta
2671 1808 2755 1864 vel
2808 1811 3024 1866 obsides
3079 1813 3273 1869 ibidem
3328 1815 3493 1886 695

1912 1893 2098 1960 donat,
2146 1905 2200 1946 ut
2227 1910 2415 1950 omnes
2441 1897 2699 1965 justitias,
2725 1915 2858 1970 quas
2897 1903 3149 1970 praefatus
3189 1919 3281 1958 rex
3313 1906 3490 1974 Pippi~

1913 2002 2012 2040 nus
2057 2003 2151 2057 per
2180 1987 2381 2057 legatos
2405 2004 2534 2045 suos
2558 1992 2607 2046 ei
2637 1995 3000 2060 mandaverat,
3030 1995 3081 2050 in
3113 1997 3306 2065 placito
3336 1998 3487 2051 insti-

1915 2087 2029 2132 tuto
2075 2079 2249 2135 facere
2274 2081 2514 2137 deberet.
2565 2085 2675 2140 Rex
2718 2085 2972 2154 Pippinus
2999 2104 3116 2141 cum
3162 2091 3306 2144 omni
3337 2106 3491 2146 excr-

1914 2171 2021 2226 citu
2050 2188 2149 2226 suo
2179 2173 2348 2228 illaeso
2373 2190 2618 2230 reversus
2647 2185 2730 2230 est
2757 2178 2821 2230 ad
2865 2179 3095 2246 propria.

1985 2265 2084 2318 AN.
2118 2280 2326 2319 occur.
2352 2296 2422 2305 —
2442 2266 2654 2322 CXXV.
2694 2268 2924 2324 Evolnto
2946 2285 3108 2339 anno,
3140 2271 3188 2325 id
3215 2282 3317 2337 est,
3345 2288 3487 2326 anno

1916 2356 2123 2410 decimo
2150 2358 2300 2428 regni
2325 2359 2511 2428 ipsius,
2535 2374 2723 2416 omnes
2746 2363 3031 2429 optimates
3061 2364 3391 2420 Francorum
3423 2367 3487 2420 ad

1917 2446 2059 2502 Dura
2089 2449 2140 2501 in
2170 2464 2304 2519 pago
2328 2449 2646 2522 Riguerinse
2671 2461 2696 2498 ις
2726 2452 2790 2506 ad
2822 2453 3024 2522 Campo
3052 2455 3248 2520 Madio,
3281 2471 3376 2525 pro
3404 2469 3493 2510 Sa-

1919 2539 2027 2593 lute
2053 2539 2238 2608 patriae
2279 2549 2334 2594 et
2356 2543 2581 2600 utilitate
2612 2542 2940 2598 Francorum
2975 2546 3270 2612 tractanda,
3305 2546 3495 2614 placito

1919 2629 2164 2683 instituto
2181 2629 2246 2682 ad
2271 2646 2329 2683 se
2354 2631 2536 2685 venire
2569 2632 2842 2702 praecepit.
2884 2633 3018 2688 Dum
3051 2635 3164 2689 hinc
3188 2645 3501 2704 agerentur,

1919 2721 2211 2778 Wailarius
2235 2725 2368 2778 inito
2396 2725 2580 2794 iniquo
2609 2727 2860 2792 consilio,
2890 2736 3079 2783 contra
3105 2728 3378 2798 Pippinum
3410 2745 3493 2784 re-

1921 2831 2041 2884 gem
2071 2816 2399 2871 Francorum
2432 2817 2652 2871 insidias
2678 2828 2850 2887 parat,
2872 2819 3166 2874 exercitum
3189 2835 3341 2875 suum
3364 2835 3489 2874 cum

1922 2912 2180 2969 Uniberto
2209 2909 2236 2948 ιι
2263 2911 2461 2966 comite
2492 2911 2732 2966 Bitorino
2767 2920 2827 2967 et
2866 2912 3128 2966 Blaudino
3165 2913 3361 2967 comite
3395 2913 3497 2969 Ar-

1922 3004 2163 3070 vernico,
2189 3003 2279 3074 qui
2308 3001 2510 3058 dudum
2537 3013 2663 3058 ante
2693 3019 2888 3059 annum
2917 3005 3246 3072 superiorem
3276 3005 3341 3058 ad
3366 3020 3498 3074 pra:-

1922 3098 2123 3153 dictum
2153 3111 2332 3167 regem
2359 3095 2644 3167 Pippinum
2671 3111 2792 3150 cum
2821 3096 3163 3151 Bertellanno
3204 3095 3215 3132 ί
3246 3096 3499 3164 episcOpo

234 3201 416 3259 postea
448 3191 678 3246 amicitia
703 3231 720 3256 ,
770 3208 930 3262 quam
962 3192 1100 3246 inter
1124 3207 1184 3247 se
1224 3201 1410 3246 mutuo
1441 3193 1816 3263 promiserant,
1847 3191 1894 3252 C
1928 3188 2174 3244 Bitoricae
2194 3189 2428 3244 civitatis
2461 3188 2658 3244 missus
2689 3187 2886 3256 fuerat,
2927 3198 2983 3243 et
3003 3191 3242 3244 animum
3267 3190 3408 3258 regis
3431 3190 3500 3244 ad

233 3284 532 3339 nullatenus
561 3285 747 3338 sortita
772 3295 856 3338 est
883 3281 1154 3338 cﬂectum.

298 3376 438 3428 ΑΜ.
473 3380 916 3429 bCCLthI-DCCLX.
941 3403 1012 3413 —
1031 3371 1265 3429 CXXIV.
1298 3375 1394 3430 llis
1427 3377 1604 3444 itaque
1629 3377 1815 3448 gestis,

235 3475 287 3519 et
316 3465 528 3520 duobus
559 3466 716 3519 annis
745 3481 868 3520 cum
899 3475 1038 3520 terra
1068 3475 1339 3521 cessasset
1366 3483 1396 3521 a
1428 3469 1646 3535 prteliis,
1681 3485 1819 3538 pra:-

233 3558 408 3613 dictus
433 3574 524 3612 rex
555 3557 812 3627 Pippinus
833 3557 1156 3627 legationem
1177 3557 1244 3612 ad
1268 3557 1576 3613 Wailarium
1603 3556 1630 3596 ά
1658 3560 1821 3629 Aqui-

234 3650 469 3704 tanicnm
524 3649 817 3718 principem
866 3649 1102 3716 mittens,
1145 3659 1334 3718 petens
1385 3650 1435 3704 ei
1480 3664 1575 3718 per
1617 3648 1820 3720 legatos

232 3757 384 3805 suos,
439 3751 498 3796 nt
537 3758 624 3796 res
661 3741 1012 3797 ecclesiarum
1051 3742 1122 3796 de
1160 3755 1327 3813 regno
1358 3741 1548 3810 ipsius,
1602 3755 1719 3810 quae
1764 3742 1818 3796 in

233 3833 519 3901 Aquitania
549 3835 666 3888 siue
705 3841 884 3896 erant,
917 3831 1190 3898 redderet,
1228 3841 1284 3888 et
1320 3831 1420 3887 sub
1464 3832 1819 3887 immanitatis

235 3928 476 3993 nomine,
498 3927 638 3982 sicut
658 3927 725 3980 ab
752 3937 905 3981 antea
939 3926 1174 3993 fuerant,
1202 3936 1547 3981 conservatas
1577 3940 1702 3979 esse
1723 3925 1820 3978 de-

235 4021 444 4085 berent,
495 4029 551 4074 et
593 4019 803 4088 juJiees
841 4034 905 4073 ac
947 4033 1230 4074 exactores
1269 4019 1320 4070 in
1363 4017 1694 4086 supradictas
1733 4033 1819 4070 res

233 4114 604 4176 ecclesiarum,
635 4113 775 4182 quod
815 4129 844 4167 a
880 4113 1040 4183 longo
1072 4123 1313 4180 tempore
1342 4113 1540 4166 factum
1571 4126 1677 4164 non
1712 4105 1820 4164 [uel

236 4219 337 4272 rat,
369 4207 582 4260 mittere
612 4222 716 4259 non
759 4205 1002 4268 deberet,
1037 4212 1092 4258 et
1131 4205 1360 4260 Gottbos
1390 4205 1645 4274 prmdieto
1684 4205 1819 4275 regi,

309 4328 336 4354 ει
381 4319 515 4371 Bob.
546 4327 599 4372 et
625 4315 781 4382 Can.,
809 4334 918 4372 esse
947 4334 1051 4372 non
1082 4319 1326 4372 debeat...
1357 4319 1425 4371 ad
1453 4333 1690 4388 regem...
1717 4320 1822 4373 dis-

231 4391 446 4443 soluere.

307 4459 332 4498 ll
379 4461 426 4513 Is
478 4468 597 4515 erat
624 4459 1017 4531 Constantinus
1080 4461 1482 4531 Copronymus,
1536 4474 1810 4515 sacrarum

238 4529 526 4599 imaginum
561 4530 825 4584 ellractor.

314 4611 336 4638 ε
382 4603 523 4655 Inter
550 4600 650 4653 alia
699 4617 942 4669 munera,
991 4615 1112 4669 qure
1141 4600 1402 4670 Pippinus
1436 4601 1664 4667 accepit.
1700 4611 1816 4655 erat

237 4686 521 4730 organum,
551 4671 689 4740 quod
721 4680 846 4726 tunc
882 4673 1113 4740 primunt
1152 4675 1203 4724 itt
1236 4673 1421 4725 Galliis
1449 4672 1623 4725 visum
1653 4673 1819 4727 luisse

240 4751 461 4795 narrant
491 4754 699 4794 veteres
727 4742 947 4796 ismrum
982 4752 1281 4811 temporum
1312 4745 1609 4796 annalistaa.

310 4812 337 4848 ἀ
378 4813 512 4864 (Σςιιι.
543 4823 599 4866 et
647 4813 804 4866 Frelt.
869 4827 1082 4881 semper
1134 4812 1472 4884 Waiofarius.
1519 4813 1818 4875 Aimoiuus,

237 4881 370 4935 Guai
377 4884 556 4952 furius.

312 4965 336 4989 θ
377 4955 467 5008 Sic
495 4954 656 5008 Ches.
681 4953 805 5017 Alii,
837 4963 1041 5007 coactus
1068 4954 1315 5022 undique.

314 5021 334 5061 τ
380 5024 529 5077 llunc
581 5024 753 5077 locum
785 5039 906 5078 esse
939 5021 1223 5077 .llassavam
1254 5027 1304 5077 in
1349 5023 1542 5078 tabulis
1596 5024 1816 5078 Peutin-

234 5095 470 5162 gerianis
515 5105 860 5150 memoratam
903 5105 1050 5161 putat
1099 5095 1360 5150 Valesius.
1411 5093 1582 5148 Hodie
1625 5095 1818 5148 dicitur

236 5165 428 5219 Merra.
459 5164 594 5219 lttl'ra
627 5164 788 5218 Ches.
825 5165 982 5218 habet
1006 5169 1259 5220 mendose
1285 5165 1733 5218 Arutisiodorensi.

313 5246 339 5282 ις
382 5237 540 5290 Freh.
604 5237 961 5305 lliguernensi,
1007 5235 1141 5290 Can.
1181 5235 1495 5305 Riguernisi,
1526 5236 1687 5289 Ches.
1719 5250 1815 5289 ex-

241 5307 394 5376 ponit
424 5307 776 5370 Ripuariensi.
818 5313 954 5359 Sunt
1000 5317 1175 5360 autem
1209 5306 1443 5372 llipnarii
1477 5307 1654 5372 populi
1684 5306 1818 5359 Ger-

236 5379 434 5430 maniae
482 5377 702 5430 inferior
726 5391 774 5444 s,
829 5379 995 5432 tribus
1044 5377 1240 5439 ﬂuviis,
1283 5377 1486 5443 lllteno,
1523 5377 1736 5429 Mosella
1763 5386 1816 5430 et

235 5448 382 5502 Mosa
415 5447 628 5502 inclusi.
678 5448 816 5502 Dura
866 5464 1012 5510 vero,
1065 5464 1158 5503 seu
1212 5448 1391 5514 Duria,
1453 5445 1610 5500 hodie
1655 5448 1816 5514 vulgo

235 5519 466 5583 Dueren,
527 5518 579 5571 in
634 5519 826 5573 ducatu
879 5519 1170 5572 .luliaceusi
1223 5520 1286 5571 ad
1345 5517 1562 5571 Iluviutn
1617 5517 1813 5571 Ruram

237 5589 454 5658 (ηοω),
495 5589 888 5656 Marcomagus,
933 5603 1024 5642 seu
1058 5591 1425 5658 Marcodurnm
1459 5587 1713 5642 Ubiorqu
1746 5589 1814 5641 ab

240 5657 476 5726 antiquis
502 5658 804 5724 dicebatur,
841 5672 896 5712 ut
927 5661 1178 5714 observat
1226 5657 1467 5713 Valesius
1521 5658 1573 5712 in
1623 5659 1809 5712 notitia

238 5729 560 5782 Galliarum.
614 5729 687 5782 Ibi
736 5731 855 5781 villa
887 5730 1117 5798 publica,
1151 5745 1243 5782 seu
1299 5729 1548 5796 palatium
1597 5729 1813 5783 celebre

237 5800 442 5856 exstitit
462 5801 563 5858 sub
590 5802 821 5858 secunda
850 5816 1034 5872 regunt
1063 5811 1368 5859 nostrorum
1393 5800 1476 5857 sti:
1491 5815 1579 5869 pc,
1604 5799 1670 5857 de
1705 5815 1810 5866 quo

1850 4569 1902 4630 D

1927 3281 2254 3338 iracundiam
2286 3283 2509 3336 nimium
2537 3289 2905 3351 provocasset,
2929 3294 3052 3336 cum
3083 3282 3306 3351 reliquis
3335 3283 3502 3336 comi-

1926 3375 2070 3430 tibus
2114 3375 2253 3431 clam
2305 3374 2572 3432 hostiliter
2618 3388 2790 3443 usque
2830 3372 3166 3430 Cavillonum
3194 3376 3241 3440 l,
3287 3390 3502 3430 omnem

1924 3469 2216 3522 exercitum
2238 3482 2394 3521 suum
2425 3465 2742 3531 transmisit,
2771 3477 2828 3520 et
2849 3475 3011 3520 totam
3033 3466 3302 3536 regionem
3335 3467 3502 3530 illam,

1924 3556 1976 3611 id
2006 3565 2091 3611 est
2117 3558 2663 3628 Angustidunensium
2709 3571 2874 3626 usque
2906 3557 2973 3611 ad
3007 3555 3340 3612 Cavillonum
3388 3559 3503 3626 igne

1924 3650 2204 3716 cremavit,
2258 3659 2312 3703 et
2359 3651 2663 3703 suburbana
2717 3648 2978 3702 Cavilloni
3025 3649 3194 3713 urbis,
3243 3649 3501 3718 quidquid

1924 3741 2123 3796 ibidem
2155 3739 2512 3809 reperierunt,
2539 3741 2715 3794 omnia
2747 3749 3112 3797 vastaverunt.
3139 3741 3449 3795 Meleiacum
3476 3740 3502 3780 κ

1923 3832 2103 3886 villam
2145 3831 2411 3900 publicam
2443 3833 2692 3887 incendio
2719 3842 3121 3899 cremaverunt,
3167 3848 3285 3887 cum
3317 3834 3497 3888 multis

1923 3924 2106 3994 spoliis
2149 3932 2206 3978 et
2245 3922 2425 3989 praeda
2479 3924 2629 3978 nullo
2674 3925 2960 3978 resistente
3009 3934 3392 3978 remeaverunt
3435 3927 3499 3979 ad

1927 4021 2157 4087 propria.
2199 4017 2331 4070 Cum
2380 4017 2481 4069 hoc
2524 4016 2747 4084 Pippino
2789 4020 2900 4086 regi
2951 4020 3248 4080 nuntiatum
3291 4019 3500 4082 luisset,

1924 4111 2065 4180 quod
2095 4109 2385 4165 Wailarius
2417 4111 2704 4164 maximam
2748 4122 2954 4177 partem
2999 4112 3147 4180 regni
3178 4113 3258 4166 sui
3291 4123 3494 4166 vastas-

1925 4215 2030 4268 set,
2061 4213 2118 4259 et
2144 4213 2474 4258 sacramenta
2503 4219 2621 4272 qua:
2642 4203 2690 4258 ei
2709 4204 2933 4258 dederat
2955 4203 3246 4269 fefellisset,
3281 4204 3500 4260 nimium

1925 4319 2019 4372 lib.
2052 4333 2109 4374 tv
2139 4319 2209 4373 de
2235 4319 2312 4372 Ile
2340 4318 2704 4385 diplomatica.
2729 4318 2804 4374 De
2832 4319 3034 4388 Campo
3062 4319 3235 4373 Madio
3256 4319 3394 4383 vide,
3425 4321 3502 4374 in-

1929 4393 2031 4452 ira,
2054 4401 2207 4445 notas
2233 4389 2298 4443 ad
2321 4406 2441 4456 cap.
2475 4391 2597 4444 150.

2001 4458 2028 4496 ιι
2067 4460 2228 4516 Ches.
2265 4477 2455 4526 marg.,
2495 4459 2802 4527 Muniberto,
2841 4475 2934 4514 seu
2962 4458 3299 4521 Clmnibcrto,
3328 4470 3385 4514 ut
3417 4461 3499 4514 in-

1931 4531 2008 4584 fra
2049 4547 2166 4599 cap.
2203 4530 2325 4593 1⁵54,
2372 4541 2423 4586 et
2454 4531 2544 4584 alii
2581 4530 2841 4586 Umberto.
2877 4532 3012 4583 Infra
3045 4529 3204 4592 Βοὴ..
3241 4529 3501 4592 Biturica;

1926 4600 2058 4656 Can.
2109 4613 2162 4656 et
2220 4602 2408 4666 Freh.,
2456 4600 2701 4664 Ih'torvio,
2734 4618 2829 4673 pro
2880 4602 3116 4655 littorino
3164 4601 3251 4669 (de
3281 4601 3499 4673 Berrgp;

1927 4673 2242 4725 Blandinnm
2275 4687 2402 4726 veto
2432 4687 2551 4725 cum
2581 4673 2768 4736 Ches.,
2800 4672 3122 4727 Blandenum
3151 4672 3440 4742 appellant.

2002 4741 2019 4780 ί
2057 4743 2191 4797 llinc
2219 4744 2441 4796 emenda
2480 4741 2798 4797 Patriareliii
2827 4741 3500 4810 Bituriceusisancterem,

1925 4816 2011 4870 uni
2042 4813 2142 4866 hoc
2173 4813 2289 4880 ipso
2312 4829 2452 4866 anno
2481 4811 2823 4868 L'tndrarium
2853 4829 2946 4867 seu
2981 4814 3328 4868 Laudrarimn
3358 4815 3502 4867 Bitti-

1926 4899 2194 4940 rtcensem
2243 4885 2553 4950 episcopum
2589 4886 2751 4939 luisse
2785 4886 2994 4949 scribit,
3024 4885 3166 4938 nulla
3213 4883 3498 4938 Ilertellani

1929 4957 2063 5009 facta
2093 4957 2395 5014 mentione;
2428 4954 2529 5006 nisi
2575 4955 2618 5008 is
2666 4957 2779 5024 ipse
2824 4958 2894 5008 sit
2937 4957 3211 5018 Berlanus,
3235 4970 3392 5022 quem
3431 4957 3505 5008 ab

1925 5043 2064 5079 anno
2087 5025 2190 5077 80$
2220 5025 2286 5076 ad
2312 5027 2415 5079 820
2444 5027 2644 5080 sedisse
2669 5037 2944 5082 memorat.

1999 5098 2012 5146 l
2062 5098 2155 5150 Sic
2185 5095 2341 5158 Boh.,
2374 5107 2432 5148 ut
2476 5112 2635 5163 supra
2665 5112 2764 5164 cap
2796 5096 2920 5149 ης.
2953 5094 3081 5158 Alii,
3109 5093 3499 5164 Cavallonnum,

1926 5167 2065 5236 quod
2098 5182 2289 5219 nomen
2334 5166 2704 5220 Cabellionem
2742 5166 3073 5236 (Cavaillou),
3107 5172 3163 5217 et
3187 5163 3497 5236 Cabilonetn

1924 5234 2160 5293 indicare
2177 5247 2372 5305 potest,
2396 5237 2535 5304 quod
2556 5251 2686 5290 vero
2701 5237 2885 5289 (labilo
2906 5234 3497 5305 (Chdluns-sur-Sadne),

1924 5309 2011 5364 hic
2041 5311 2370 5376 designetur,
2399 5306 2646 5362 dubitare
2675 5322 2780 5360 non
2803 5307 2930 5359 sinit
2949 5306 3173 5376 aliorum
3207 5305 3501 5361 Chronico-

1926 5397 2042 5434 rum
2075 5375 2382 5431 auctoritas.
2413 5376 2650 5430 Annales
2677 5381 2872 5446 quippe
2897 5375 3385 5430 Laureshamenses
3411 5378 3500 5429 lia-

1925 5453 2052 5505 bent
2071 5447 2412 5514 Cabillonem,
2441 5449 2530 5516 qui
2560 5463 2690 5499 vero
2715 5463 2744 5500 a
2777 5447 3012 5502 Loiselio
3039 5446 3168 5500 editi
3198 5458 3319 5499 sunt
3350 5447 3499 5502 Cabi-

1921 5523 2118 5585 louum,
2151 5519 2442 5572 F‘ulilenses
2470 5517 2804 5584 Cavillonem,
2831 5518 3118 5572 Bertittiani
3151 5516 3494 5572 Cavillonum.

1919 5592 2061 5646 Idem
2109 5591 2297 5645 suadet
2345 5589 2778 5643 Caltilonensium
2835 5602 2889 5643 et
2943 5590 3497 5659 Augustoduuensium

1917 5663 2132 5724 vicinia,
2167 5678 2285 5732 qua:
2312 5659 2398 5714 ltic
2426 5661 2558 5732 satis
2583 5661 2913 5732 exprimitur.
3506 5685 3532 5698 κ

1988 5731 2014 5772 ¹⁶
2055 5729 2238 5804 Ches.,
2273 5748 2467 5803 marg,
2504 5729 2818 5788 Maliacum.
