4020 6194
517 229 611 280 691

1653 314 1656 316 _
1713 235 2131 292 FIIEDEGARII
2172 236 2611 297 SCIIOLASTICI

3673 252 3776 304 609.

508 346 562 401 in
597 347 669 399 ira
703 356 998 398 commotus
1023 350 1173 417 jubet
1214 364 1399 403 omnes
1431 349 1668 405 Francos
1706 362 1760 404 ut
1791 353 2080 416 hostiliter,
2114 353 2166 410 Δ
2192 349 2448 422 Ρίρμῑιιιιε
2499 374 2613 421 rex,
2672 357 2892 412 Christo
2949 361 3106 428 dure,
3158 377 3281 416 cum
3332 365 3478 418 omni
3537 371 3776 422 exercitu

508 439 702 506 placito
753 441 1016 504 instituto,
1050 441 1114 493 ai]
1147 440 1388 509 Ligerem
1423 444 1716 498 venissent.
1768 445 2081 498 Commoto-

506 548 610 601 que
639 535 874 586 exercitu
922 551 1043 586 cum
1083 534 1228 589 omni
1269 536 1612 590 multitudine
1636 582 1649 602 ,
1685 538 1878 590 iterum
1911 553 2079 602 usque

506 624 570 674 ad
615 623 811 678 Trecas
853 627 1116 688 accessit,
1168 625 1290 681 inde
1321 643 1415 693 per
1443 628 1836 682 Autisioderum
1883 628 1947 682 ad
1980 628 2082 682 Ne-

505 729 726 768 vernum
760 717 942 770 urbem
978 719 1218 782 veniens,
1270 718 1473 790 Ligeris
1521 720 1682 774 fluvio
1724 731 2075 787 transmeato,

503 808 568 861 ad
600 821 854 875 castrum,
903 813 1053 880 cujus
1103 828 1294 866 nomen
1335 824 1415 867 est
1442 816 1604 886 695
1647 815 1940 869 Burbdne'I
1965 854 1980 880 ,
2027 815 2078 868 in

502 917 694 971 pagum
745 905 1034 958 Bitorinum
1070 906 1331 973 pervenit.
1377 907 1616 976 Cumque
1648 909 1700 960 in
1735 924 1868 978 gyro
1905 918 2077 962 castra

500 994 787 1056 uosuissct,
830 996 1008 1048 subito
1050 1013 1076 1047 a
1121 997 1341 1049 Francis
1369 1007 1558 1064 captus
1599 1008 1756 1067 atque
1788 1013 2078 1054 succensus

502 1094 600 1146 est,
635 1094 686 1137 et
719 1087 961 1139 homines
1006 1085 1278 1150 Waifarii,
1332 1104 1465 1156 quos
1499 1087 1696 1142 ibidem
1732 1088 1957 1153 invenit,
1993 1105 2079 1144 se-

499 1187 617 1227 cum
671 1175 840 1240 duxit,
897 1179 1182 1230 maximam
1232 1187 1437 1246 partem
1488 1181 1789 1250 Aquitania-
1836 1192 2074 1251 vastans,

498 1279 664 1332 usque
694 1266 881 1321 urbem
915 1268 1208 1322 Arvernam
1233 1284 1352 1324 cum
1384 1273 1528 1325 omni
1559 1273 1797 1327 exercitu
1830 1277 2075 1342 veniens,

498 1358 887 1412 Claremontem
931 1358 960 1397 δ
990 1369 1222 1414 castrum
1273 1372 1485 1430 captum
1545 1371 1706 1433 atque
1759 1379 2076 1420 succensum

498 1451 751 1506 bellando
773 1455 937 1519 cepit,
968 1464 1024 1507 et
1048 1454 1439 1510 multitudinem
1473 1456 1770 1523 hominum,
1796 1468 1903 1512 tam
1928 1459 2072 1512 viro-

497 1557 613 1597 rum
645 1559 802 1612 quam
835 1542 1151 1597 feminarum
1182 1546 1265 1599 vel
1300 1545 1560 1599 infantum
1591 1547 1851 1615 plurimos
1876 1548 1926 1602 in
1961 1548 2077 1615 ipso

500 1633 750 1687 incendio
792 1645 1189 1691 cremaverunt.
1249 1636 1560 1691 Blandinum
1605 1639 1855 1692 comitem
1910 1639 2077 1708 ipsius

2189 443 2537 512 Francorum,
2572 465 2692 503 cum
2725 453 2893 505 multa
2937 454 3114 520 prwda
3146 464 3200 508 et
3227 455 3436 524 spoliis,
3463 457 3662 512 iterum
3689 473 3781 514 re-

2185 550 2373 589 versus
2403 548 2484 591 eSt
2514 540 2578 591 ad
2609 540 2790 593 sedem
2824 543 3116 610 proiiriam.

2254 627 2355 680 Aa.
2377 643 2626 694 DCCLXI",
2657 646 2901 685 nccmv.
2929 663 2997 673 —
3023 632 3280 690 CXXVII.
3307 634 3467 691 Facta
3487 647 3574 692 est
3595 647 3775 694 autem

2185 713 2337 786 longa
2362 718 2639 772 altercatio
2668 721 2805 776 inter
2834 723 3111 790 Pippinum
3143 741 3322 796 regem
3363 726 3695 782 Francorum
3723 737 3779 783 et

2185 803 2502 862 Waifarium
2535 810 2842 879 Aquitania:
2881 813 3198 882 principem.
3247 814 3503 885 Pippinus
3536 831 3633 872 rex
3664 817 3776 871 Deo

2183 902 2475 957 auxiliante
2503 907 2670 974 magis
2700 919 2764 958 ac.
2793 906 2962 976 magis
2986 921 3236 961 crescens
3255 947 3270 970 ,
3302 917 3357 962 et
3383 922 3598 978 semper
3632 907 3686 962 in
3713 923 3773 964 se

2185 998 2299 1062 ipso
2347 998 2619 1052 robuSIior
2661 998 2833 1054 factus
2877 1007 2995 1066 est;
3050 1015 3173 1068 pars
3213 1010 3390 1055 autem
3440 1000 3688 1055 Waifarii
3716 1011 3770 1055 et

2181 1090 2297 1157 ejus
2325 1090 2618 1159 tyrannitas
2658 1091 2976 1146 decrescens
3005 1092 3262 1160 quotidie.
3297 1093 3588 1148 Waifarius
3620 1096 3771 1164 prin-

2181 1195 2308 1246 ceps
2336 1196 2551 1250 semper
2582 1191 2768 1236 contra
2802 1184 3116 1254 prmdictum
3155 1200 3334 1253 regem
3367 1184 3653 1254 Pippinum
3693 1189 3772 1239 in-

2179 1271 2341 1325 sidias
2380 1287 2569 1340 parare
2603 1274 2926 1328 dissimulat.
2960 1275 3090 1329 Nam
3138 1275 3470 1331 Mancionem
3513 1289 3768 1333 comitem

2179 1362 2562 1415 consobrinum
2609 1377 2762 1416 suum
2799 1364 3038 1432 partibus
3076 1365 3346 1421 Narbona:
3387 1383 3508 1421 cum
3548 1369 3773 1438 reliquis

2180 1453 2465 1506 comitibus
2513 1455 2832 1521 transmisit,
2875 1465 2932 1509 ut
2969 1457 3266 1523 custodias,
3315 1472 3447 1526 quas
3483 1460 3772 1528 praedictus

2181 1558 2272 1597 rex
2319 1544 2643 1612 Narbonam,
2692 1558 2912 1616 prepter
2960 1557 3171 1618 gentem
3221 1551 3648 1607 Sarracenorum
3700 1554 3766 1606 ad

2179 1637 2590 1692 custodiendum
2648 1642 2909 1707 miserat,
2964 1658 3031 1696 ne
3085 1652 3175 1698 aut
3228 1645 3524 1707 intrarent,
3587 1656 3679 1698 aut
3722 1644 3767 1701 si

497 1726 642 1780 urbis
671 1724 979 1780 Arvernicm
1022 1737 1233 1792 captum
1265 1740 1426 1798 atque
1475 1729 1690 1798 ligatum
1725 1730 1788 1783 ad
1838 1746 2070 1799 prtesen-
2100 1735 2149 1795 B
2177 1728 2390 1797 quando
2441 1729 2630 1784 iterum
2684 1731 2736 1783 iu
2787 1731 3009 1800 patr-iam
3039 1741 3062 1769 θ
3093 1744 3522 1800 reverterentur,
3574 1750 3770 1802 capere

496 1817 624 1868 tiam
674 1817 813 1886 regis
863 1817 1220 1882 adduxerunt,
1267 1830 1321 1873 et
1368 1821 1519 1874 multi
1569 1821 1861 1874 Wascones
1907 1823 1959 1875 in
2005 1837 2072 1877 eo

494 1911 680 1977 pra-lio
707 1913 846 1980 capti
890 1921 1052 1979 atque
1087 1911 1352 1968 interfecti
1385 1923 1529 1967 sunt.
1574 1913 1735 1981 Igitur
1767 1931 1857 1969 rex
1886 1916 2068 1985 Pippi-

494 2020 617 2071 nus,
661 2005 789 2058 urbe
815 2014 1002 2073 capta,
1044 2020 1105 2060 ac
1145 2008 1360 2076 regione
1408 2007 1491 2059 illa
1525 2017 1631 2061 tota
1675 2017 1900 2070 vastata,
1948 2025 2068 2063 cum

493 2098 669 2166 praula
701 2108 754 2152 et
784 2099 948 2165 Spolia
1007 2099 1194 2159 multa,
1228 2098 1339 2151 Deo
1379 2098 1666 2151 auxiliante
1687 2139 1702 2159 ,
1734 2113 1854 2152 eum
1904 2098 2071 2153 illarso

494 2194 727 2246 exercitu
762 2193 950 2244 iterum
981 2190 1237 2244 remeavit
1267 2191 1328 2243 ad
1358 2191 1588 2258 propria.
1624 2189 1841 2244 Facuun
1868 2199 1952 2244 est
1979 2206 2071 2242 au-

493 2291 600 2336 tem
627 2294 681 2335 ut
711 2292 988 2351 postquam
1024 2281 1278 2351 Pippinus
1309 2297 1400 2334 rex
1443 2282 1629 2336 urbem
1663 2283 1958 2335 Arvernam
1981 2297 2072 2336 ce-

493 2373 592 2444 pit,
626 2373 901 2440 regionem
937 2372 1078 2425 illam
1113 2381 1274 2425 totam
1298 2372 1547 2426 vastavit.

564 2466 664 2519 Ax.
716 2478 941 2518 DCCLXII.
975 2463 1308 2518 —CXXVI.
1361 2463 1615 2532 Sequenti
1669 2478 1830 2525 anno,
1880 2463 1932 2517 id
1988 2473 2072 2519 est

493 2573 634 2611 anno
664 2559 948 2611 undecimo
981 2556 1128 2625 regni
1171 2557 1356 2624 ipsius,
1403 2571 1524 2610 cum
1558 2556 1801 2610 universa
1831 2557 2070 2609 multitu-

494 2647 615 2702 dine
644 2650 822 2719 gentis
853 2649 1181 2703 Francorum
1208 2647 1462 2702 Bitoricas
1492 2647 1658 2712 venit,
1692 2657 1864 2701 castra
1894 2658 2067 2701 meta-

494 2750 575 2794 tus
602 2752 683 2796 est
703 2741 955 2812 undique,
987 2752 1040 2798 et
1068 2742 1244 2797 omnia
1272 2755 1392 2810 qua:
1417 2742 1467 2794 in
1495 2755 1628 2811 gyro
1657 2741 1872 2794 fuerunt
1895 2749 2069 2794 vasta-

495 2831 591 2885 vit.
617 2831 1003 2901 Circumsepsit
1043 2835 1229 2887 urbem
1258 2831 1552 2886 munitione
1581 2830 1947 2894 fortissimam,
1996 2833 2067 2885 ita

495 2933 554 2977 ut
585 2924 757 2977 nullus
782 2924 961 2992 egredi
992 2939 1152 2977 ausus
1185 2922 1393 2986 fuisset,
1428 2931 1517 2975 aut
1546 2920 1748 2991 ingredi
1784 2923 2064 2990 potuisset.

495 3012 624 3066 Cum
657 3015 915 3067 machinis
955 3022 1008 3067 et
1037 3013 1180 3065 omni
1224 3027 1421 3083 genere
1467 3027 1738 3065 armorum
1770 3011 2066 3066 circumde-

2177 1831 2266 1872 aut
2305 1820 2609 1876 interllcere
2636 1837 2729 1876 eos
2758 1825 3078 1891 potuissent.
3127 1824 3345 1880 Factum
3371 1835 3455 1879 est
3485 1838 3672 1880 autem
3710 1833 3770 1880 ut

2175 1911 2495 1965 Australdus
2546 1926 2748 1976 comes,
2785 1923 2845 1968 et
2883 1914 3226 1970 Galemanius
3281 1917 3516 1984 itemque
3558 1932 3766 1984 comes,

2174 2016 2295 2055 cum
2337 2003 2552 2071 paribus
2599 2018 2785 2058 eorum
2839 2007 2903 2058 ad
2956 2008 3167 2073 propria
3211 2016 3634 2069 reverterentur,
3681 2009 3768 2062 hic

2175 2094 2385 2149 Mancio
2431 2110 2536 2149 una
2591 2111 2712 2151 cum
2758 2099 3100 2154 multitudine
3145 2100 3318 2166 gentis
3365 2098 3766 2156 Wasconorum

2173 2203 2337 2256 super
2375 2204 2468 2244 eos
2499 2191 2672 2256 irruit,
2718 2190 2925 2245 fortiter
2955 2192 3093 2246 inter
3127 2207 3186 2246 se
3230 2192 3571 2255 dimicantes,
3605 2209 3748 2259 prae-

2173 2279 2351 2335 dictus
2381 2281 2724 2337 Galemanius
2759 2292 2814 2336 et
2849 2283 3164 2338 AuStraldus
3191 2283 3390 2338 ibidem
3421 2284 3760 2337 Mancionem

2174 2380 2225 2426 et
2249 2373 2528 2427 universos
2567 2388 2721 2442 pares
2751 2388 2901 2438 suos,
2931 2375 3039 2428 Deo
3069 2374 3376 2443 adjuvante,
3404 2376 3760 2431 interficiunt.

2174 2463 2302 2518 Have
2351 2474 2637 2520 cernentes
2686 2465 2983 2522 Wascones
3032 2477 3174 2536 terga
3221 2477 3511 2530 verterunt,
3565 2484 3761 2525 omnes

2173 2555 2380 2622 equites
2419 2553 2510 2624 [Id
2557 2567 2651 2624 est,
2694 2556 2910 2625 equos],
2960 2573 3095 2626 quos
3145 2557 3344 2612 ibidem
3397 2559 3759 2625 adduxerant,

2171 2642 2467 2696 amiserunt
2494 2661 2506 2707 ;
2549 2654 2758 2698 montes
2788 2645 3056 2714 vallesque
3089 2656 3453 2714 pervagantes,
3481 2648 3646 2715 pauci
3674 2655 3762 2702 ta-

2172 2747 2295 2786 men
2326 2733 2414 2786 vix
2452 2732 2717 2803 fugaciter
2757 2745 3063 2790 evaserunt.
3096 2737 3199 2805 Ipsi
3249 2753 3377 2790 vero
3423 2753 3543 2791 cum
3587 2740 3760 2794 multa

2172 2824 2377 2894 prteda.
2407 2826 2490 2880 vel
2521 2826 2789 2894 equitibus
2815 2836 2869 2883 et
2897 2828 3104 2898 spoliis,
3153 2844 3273 2883 cum
3322 2829 3516 2899 gaudio
3551 2831 3760 2886 reversi

2170 2928 2296 2973 sunt
2325 2919 2390 2972 ad
2425 2920 2663 2987 propria.

2240 3011 2401 3082 697
2431 3010 2713 3069 CXXVIII.
2745 3011 2878 3065 Dum
2913 3011 2995 3067 bis
3035 3021 3088 3067 et
3124 3012 3244 3066 aliis
3275 3013 3444 3068 modis
3474 3012 3674 3068 Franci
3704 3023 3761 3070 et

494 3109 573 3159 dit
603 3123 717 3161 eam
751 3108 909 3168 vallo,
943 3108 1124 3160 multis
1154 3108 1467 3170 vulneratis,
1518 3107 1866 3177 plurimisque
1895 3109 2063 3164 inter-
2093 3110 2139 3172 C
2173 3104 2466 3159 Wascones
2506 3118 2720 3172 semper
2767 3107 2905 3159 inter
2947 3119 3006 3159 se
3044 3107 3403 3171 allercarent,
3440 3105 3761 3176 Chilpingus

493 3199 666 3262 tectis,
702 3198 988 3266 fractisque
1013 3199 1180 3251 muris
1210 3197 1353 3265 cepit
1374 3197 1580 3261 urbem,
1613 3206 1668 3251 et
1694 3198 1926 3252 restituit
1947 3213 2070 3269 eam,

493 3291 677 3345 ditioui
710 3304 821 3342 sua:
849 3289 967 3357 jure
999 3287 1187 3356 pra-lii,
1218 3297 1272 3341 et
1301 3286 1544 3341 homines
1585 3287 1723 3354 illos,
1758 3303 1892 3357 quos
1918 3287 2066 3342 Wai-

493 3382 659 3437 f‘arius
702 3380 766 3434 ad
807 3379 1197 3434 defendendum
1248 3378 1414 3446 ipsam
1461 3378 1726 3433 civitatem
1769 3379 2062 3446 dimiserat,

493 3475 771 3529 clementia
806 3487 916 3527 sine
961 3472 1173 3541 pietatis
1211 3471 1457 3540 absolvit,
1505 3471 1821 3542 dimissique
1862 3476 2062 3527 reversi

494 3577 617 3620 sunt
646 3566 714 3620 ad
745 3567 978 3635 propria.
1015 3563 1325 3618 Unibertum
1367 3562 1498 3636 [Al.,
1525 3561 1863 3634 Umbertum]
1892 3565 2064 3618 comi-

493 3667 598 3710 tem
630 3667 682 3710 et
708 3657 940 3726 reliquos
969 3653 1282 3721 Wascones,
1315 3669 1450 3722 quos
1491 3653 1688 3708 ibidem
1721 3654 1940 3719 invenit,
1976 3670 2065 3708 sa-

491 3749 777 3804 cramentis
823 3747 961 3801 datis
1007 3761 1190 3801 secum
1237 3744 1494 3810 adduxit,
1538 3761 1731 3799 uxores
1771 3763 1955 3800 eorum
2002 3763 2065 3802 ac

489 3842 685 3895 liberos
718 3843 767 3894 in
812 3841 1086 3895 Franciam
1119 3838 1392 3893 ambulare
1428 3839 1714 3907 prtccepit,
1766 3854 1949 3893 muros
1983 3841 2064 3909 ip-

491 3936 604 3989 sius
637 3936 881 3990 Bitoricrc
911 3935 1141 3989 civitatis
1165 3935 1654 4002 restaurarejubet,
1692 3938 1916 3990 Comites
1936 3951 2064 3991 suos

487 4029 650 4098 696
698 4029 748 4081 in
797 4029 966 4096 ipsam
1011 4027 1280 4081 civitatem
1331 4027 1396 4080 ad
1441 4028 1848 4081 custodiendum
1897 4028 2058 4081 misit.

488 4122 619 4174 Inde
656 4137 774 4174 cum
808 4121 950 4174 omni
983 4123 1219 4174 exercitu
1259 4119 1583 4173 Francorum
1607 4160 1622 4183 ,
1671 4135 1840 4186 usque
1869 4120 1932 4172 ad
1973 4135 2062 4173 ca-

486 4223 651 4265 strum
684 4212 821 4282 quod
851 4221 1069 4265 vocatur
1097 4211 1356 4264 'l'oarcius
1389 4221 1411 4248 ο
1436 4211 1658 4263 veniens
1687 4229 1698 4262 :
1725 4225 1955 4278 cumque
2008 4211 2058 4264 in

484 4323 615 4376 gyro
641 4316 812 4361 castra
850 4305 1136 4373 posuisset,
1179 4304 1292 4371 ipse
1336 4310 1545 4355 castrus
1569 4300 1594 4336 α
1624 4302 1752 4353 mira
1789 4302 2060 4355 celeritate

482 4407 691 4468 captum
723 4408 879 4465 atque
900 4411 1210 4450 succensum
1242 4403 1343 4447 est.
1371 4393 1664 4446 Wascones
1693 4407 1828 4457 quos
1858 4392 2054 4445 ibidem

2167 3210 2351 3251 comes
2383 3199 2748 3250 Arvernorum
2770 3235 2786 3260 ,
2833 3197 3057 3251 collecto
3103 3197 3334 3267 undique
3381 3198 3631 3253 exarcitu
3659 3240 3675 3262 .
3704 3200 3759 3256 in

2167 3301 2304 3356 pago
2335 3286 2678 3357 Lugdunensi
2724 3286 2779 3340 in
2824 3302 2988 3356 regno
3033 3288 3357 3357 Burgundite
3403 3290 3467 3343 ad
3499 3292 3760 3360 prmdan-

2167 3379 2292 3432 dum
2325 3378 2433 3451 [ΑΙ.
2471 3375 2849 3448 ῃτωίἱίιηὰιηη]
2899 3379 3176 3434 ambulare
3221 3381 3509 3434 nitebatur.
3551 3382 3760 3437 Contra

2165 3488 2323 3538 quem
2353 3470 2652 3525 Adalardns
2689 3486 2870 3526 comes
2895 3471 3277 3527 Cavalonensis
3297 3513 3311 3536 ,
3344 3482 3399 3527 et
3429 3476 3761 3530 Australdus

2165 3561 2415 3629 idemque
2440 3574 2656 3627 comes,
2677 3575 2798 3614 cum
2834 3560 3048 3629 paribus
3077 3576 3262 3615 eorum
3295 3571 3479 3616 contra
3507 3578 3635 3618 eum
3665 3580 3760 3620 ve-

2165 3653 2415 3716 nientes,
2463 3659 2518 3706 et
2555 3665 2716 3719 super
2745 3649 2967 3704 fluvium
3010 3649 3216 3719 Ligeris
3267 3651 3480 3708 fortiter
3521 3655 3667 3709 inter
3696 3672 3759 3714 se

2164 3744 2481 3798 dimicantes
2505 3782 2522 3808 ,
2553 3743 2730 3796 statim
2753 3741 3068 3812 Cltilpingus
3097 3759 3280 3799 comes
3319 3745 3369 3797 in
3401 3760 3467 3800 eo
3497 3749 3695 3814 pra-lio
3725 3765 3756 3803 a

2162 3853 2324 3905 supra
2368 3836 2582 3904 scriptis
2625 3833 2910 3889 comitibus
2959 3836 3169 3890 occisus
3219 3846 3340 3902 est,
3390 3847 3442 3891 et
3471 3838 3629 3892 multi
3663 3843 3757 3910 qui

2163 3944 2283 3983 cum
2307 3942 2372 3982 eo
2396 3933 2673 3986 venerant.
2706 3925 2900 3979 ibidem
2925 3925 3192 3980 interfecti
3222 3937 3367 3982 sunt.
3402 3928 3527 3982 Hzcc
3560 3931 3758 3986 viden-

2165 4029 2244 4073 tes
2272 4017 2567 4072 Wascones
2610 4026 2756 4084 terga
2807 4024 3051 4081 vertunt;
3084 4016 3174 4071 vix
3208 4019 3358 4086 pauci
3388 4018 3538 4073 silvis
3565 4030 3624 4075 et
3661 4038 3758 4090 pa-

2165 4113 2381 4168 ludibus
2410 4110 2636 4182 ingressi
2663 4119 2970 4165 evaserunt.
3017 4110 3325 4180 Amanugus
3353 4125 3535 4166 eomes
3559 4113 3756 4168 Pecta-

2163 4204 2341 4259 vensis
2368 4203 2494 4257 dum
2536 4202 2861 4256 Turonicam
2909 4199 3213 4254 infestatam
3245 4202 3508 4269 praedaret
3535 4246 3551 4269 ,
3593 4216 3651 4259 et
3679 4207 3754 4262 ab

2165 4297 2469 4352 hominibus
2497 4293 2724 4348 Wlfardi
2767 4291 2972 4346 abbatis
3003 4293 3316 4346 monasterii
3358 4295 3497 4349 beati
3529 4295 3752 4352 Martini

2165 4389 2476 4445 interfectus
2517 4395 2600 4442 est
2625 4429 2640 4453 ,
2687 4395 2740 4440 et
2769 4386 2948 4454 plures
2979 4385 3068 4454 qui
3108 4401 3228 4439 cum
3261 4401 3327 4440 eo
3353 4388 3548 4443 ibidem
3579 4405 3753 4446 vene-

486 4491 709 4554 invenit,
761 4503 864 4541 una
909 4503 1029 4540 cum
1080 4489 1193 4555 ipso
1222 4489 1418 4540 comite
1457 4485 1609 4539 duxit
1651 4485 1704 4537 in
1751 4485 2052 4544 Franciam.
2083 4481 2136 4538 Β
2167 4492 2326 4545 rant,
2371 4496 2492 4534 curn
2541 4477 2659 4546 ipso
2703 4476 2903 4546 pariter
2931 4475 3264 4531 ceciderunt.
3311 4478 3517 4547 Reliqui
3541 4484 3630 4549 qui
3661 4497 3753 4536 re-

550 4659 577 4687 ⁸
623 4649 822 4718 Duplex
853 4657 938 4704 est
957 4648 1116 4715 hujus
1146 4648 1372 4702 nominis
1400 4656 1664 4711 castrum,
1697 4647 1768 4701 ob
1794 4663 2051 4717 aquarum

480 4721 845 4774 salubritatem
876 4719 1114 4782 celebre,
1146 4719 1214 4773 15
1243 4719 1456 4772 circiter
1500 4719 1688 4778 leucis,
1721 4718 2052 4774 intermediis

480 4800 657 4847 tamen
708 4788 878 4853 Ligeri
921 4798 974 4842 et
1021 4788 1228 4842 Elaveri
1261 4787 1460 4849 fluviis.
1489 4803 1518 4841 a
1547 4802 1604 4840 se
1634 4787 1859 4842 invicem
1890 4791 2053 4843 dissi—

481 4873 612 4927 tum,
635 4862 839 4916 scilicet
871 4859 1044 4912 Bnrbo
1075 4859 1273 4911 Anselli
1301 4857 1815 4927 (Bourbon-Laney),
1835 4860 1898 4912 ad
1926 4861 2055 4914 dex-

477 4943 646 4987 teram
687 4930 892 5000 Ligeris
915 4932 1084 4998 ripam
1107 4929 1189 5000 _in
1211 4929 1508 5000 Aiduorum
1542 4929 1758 5000 Iinib_us,
1791 4940 1843 4983 et
1873 4931 2050 4985 Burbo

475 4997 866 5065 Ercltembaldi,
917 4997 1011 5052 seu
1058 4998 1121 5052 ad
1173 4999 1366 5052 Balnea
1417 4998 1591 5052 dictus
1620 4997 2049 5062 (Bourbon-I‘Ar-

473 5075 777 5136 chumbaud,
809 5088 902 5127 seu
930 5067 1485 5137 Bourbon-les-Bains),
1536 5072 1588 5123 in
1629 5069 1820 5122 finibus
1851 5071 2046 5124 Bituri-

474 5158 617 5214 gum,
654 5147 736 5198 hic
784 5150 1138 5214 memoratus;
1171 5142 1258 5208 qui
1311 5140 1702 5214 augustissime
1753 5141 2045 5214 Borbonio-

472 5211 589 5268 rum
621 5215 852 5277 familiae,
898 5228 1038 5266 nunc
1065 5211 1386 5264 Francorum
1420 5211 1597 5277 regiae,
1628 5226 1817 5263 nomen
1867 5211 2039 5265 dedit.

473 5286 606 5337 Alia:
637 5287 795 5339 urbes
839 5299 997 5351 supra
1043 5291 1346 5335 memorata!
1375 5280 1557 5351 Treete
1585 5278 1847 5351 (Troyes),
1890 5282 2039 5334 Auti~

471 5355 742 5408 siodorum
775 5350 1066 5422 (Λεπτίνη).
1097 5352 1381 5422 Nivernum
1399 5350 1678 5422 (Neaera),
1705 5363 1844 5404 nota:
1861 5361 2003 5422 sunt.

403 5435 411 5438 '
543 5424 569 5461 ³ο
608 5421 867 5477 Observat
908 5426 1108 5475 Savaro
1162 5423 1211 5474 in
1265 5421 1570 5490 Originibus
1616 5421 1854 5474 Claram.
1903 5421 2039 5476 hanc

471 5495 694 5560 primam
721 5508 841 5545 esse
865 5492 1000 5557 apud
1027 5500 1238 5544 veteres
1265 5489 1508 5544 auctores
1529 5489 1872 5544 Clarimontis
1892 5507 2038 5545 men-

470 5566 690 5625 tionem,
714 5575 874 5628 qnem
905 5573 1090 5629 aperte
1111 5562 1178 5612 ab
1207 5561 1318 5626 ipsa
1349 5563 1589 5613 Arverna
1622 5560 1773 5622 urbe,
1797 5562 1865 5614 ab
1895 5564 2036 5614 Anti-

463 5635 584 5699 quis
635 5637 1146 5698 Augustonemetum
1191 5631 1479 5697 appellata,
1533 5629 1831 5697 distinguit.
1889 5631 2035 5686 Unde

462 5705 680 5772 conjicit
702 5709 935 5756 castrum
964 5717 1060 5755 seu
1091 5715 1267 5758 arcem
1299 5700 1348 5753 in
1380 5709 1561 5756 metite
1593 5699 1766 5754 vicino
1797 5700 1860 5756 ad
1891 5703 2034 5755 urbis

2161 4647 2453 4703 custodiam
2498 4643 2624 4697 olim
2651 4642 2946 4704 exstitisse,
2974 4636 3188 4692 Clarum
3227 4650 3458 4691 montem
3482 4637 3692 4693 dictum
3724 4659 3743 4707 ;

2161 4719 2302 4785 quod
2337 4727 2514 4783 postea
2562 4715 2657 4767 toti
2706 4711 2820 4765 urbi
2879 4726 3072 4764 nomen
3103 4708 3329 4785 _tribu_it,
3375 4725 3496 4785 cum
3550 4726 3748 4778 nempe

2164 4779 2425 4844 bellorum
2457 4785 2771 4838 tumultibus
2801 4797 2906 4834 non
2954 4779 3118 4833 semel
3169 4779 3364 4831 violata
3414 4782 3464 4831 in
3498 4791 3742 4836 montem

2165 4858 2420 4911 translata
2466 4856 2675 4909 fuisset.
2703 4853 2753 4905 Id
2782 4853 2974 4921 probat
3003 4865 3066 4903 ex
3096 4848 3234 4921 vulgi
3283 4848 3590 4911 traditione,
3635 4867 3746 4917 qua

2164 4930 2263 4983 loci
2296 4926 2482 4981 incola:
2512 4925 2686 4977 vineta
2715 4931 2770 4976 et
2785 4919 2864 4977 iter
2879 4937 2968 4977 ras
2992 4921 3105 4974 urbi
3134 4919 3354 4980 vicinas,
3390 4924 3544 4988 vulgo
3571 4922 3622 4972 la
3654 4922 3742 4975 ci-

2161 5013 2232 5065 ra,
2258 5014 2374 5052 eam
2420 5010 2548 5049 vero
2580 4993 2725 5048 urbis
2753 5002 2954 5065 partem
2986 5005 3104 5059 qua!
3133 4991 3332 5043 montis
3359 5003 3618 5044 cacumen
3643 5007 3742 5046 oc-

2158 5062 2336 5139 cupat,
2361 5066 2642 5139 Claimont
2659 5062 2959 5139 appellant.

2232 5130 2248 5175 ἶ
2275 5139 2447 5194 Situm
2472 5145 2554 5190 est
2584 5136 2634 5186 in
2659 5133 2932 5187 Pictonum
2967 5131 3180 5197 finibus,
3207 5133 3367 5202 vulgo
3389 5130 3631 5184 Tliouars
3657 5133 3738 5186 di-

2161 5221 2328 5272 ctum,
2363 5207 2628 5274 hodieque
2656 5204 2891 5264 celebre.
2921 5203 3144 5256 ducatus
3184 5204 3338 5274 titulo
3386 5204 3740 5274 illustratum,

2155 5282 2296 5348 quod
2317 5295 2345 5330 a
2374 5271 2716 5348 nobilissima
2735 5274 3147 5348 'I‘_teni_olliorunt
3177 5271 3378 5348 familia
3395 5273 3736 5348 possidetur.

2154 5343 2432 5405 Aimoinus
2474 5347 2632 5399 habet
2677 5343 2969 5408 Cadurrt'a;
2998 5359 3063 5395 an
3091 5343 3289 5396 Cohors
3323 5343 3554 5396 voluerit
3595 5346 3738 5399 desi.

2147 5423 2348 5488 gnaro?
2385 5417 2617 5488 Annales
2644 5414 2931 5488 bleltenses
2963 5413 3183 5479 habent,
3216 5411 3461 5466 Tltoarct'i
3479 5424 3729 5479 castrum,

2146 5484 2246 5560 quo
2274 5493 2324 5544 in
2351 5487 2622 5560 Aquitania
2647 5484 2841 5560 ﬁrmior
2873 5499 2977 5536 non
3004 5492 3134 5538 erat.

2219 5560 2243 5598 δ
2284 5563 2372 5615 Sic
2406 5552 2538 5610 Bob.
2571 5571 2674 5623 pro
2698 5556 2867 5625 ipsum
2912 5564 3158 5625 castrum.
3191 5552 3318 5619 Ed.,
3347 5554 3457 5621 ipse
3485 5563 3734 5625 castraut.

2217 5644 2238 5668 α
2285 5632 2336 5683 Id
2362 5639 2469 5693 est,
2504 5631 2556 5681 in
2589 5625 2882 5695 regionem,
2912 5624 3116 5679 scilicet
3139 5639 3257 5693 qua:
3295 5625 3523 5692 I’ippino
3552 5624 3731 5694 subje-

2141 5714 2223 5756 cta
2247 5712 2381 5756 Cl'ill.
