  <div class='ocr_page' id='page_1' title='image "/cluster/home/n/w/nwhite01/storage/ocr_20150623/71/uva.x000827083/364.png"; bbox 0 0 4020 6194; ppageno 0'>
   <div class='ocr_carea' id='block_1_1' title="bbox 191 262 293 318">
    <p class='ocr_par' dir='ltr' id='par_1_1' title="bbox 191 262 293 318">
     <span class='ocr_line' id='line_1_1' title="bbox 191 262 293 318; baseline 0.029 -3"><span class='ocrx_word' id='word_1_1' title='bbox 191 262 293 318; x_wconf 71' lang='lat' dir='ltr'><strong>F93</strong></span> 
     </span>
    </p>
   </div>
   <div class='ocr_carea' id='block_1_2' title="bbox 1090 261 2617 337">
    <p class='ocr_par' dir='ltr' id='par_1_2' title="bbox 1090 261 2617 337">
     <span class='ocr_line' id='line_1_2' title="bbox 1090 261 2617 337; baseline 0.004 -17"><span class='ocrx_word' id='word_1_2' title='bbox 1090 262 1491 320; x_wconf 76' lang='lat' dir='ltr'><strong>CllRONlCUM</strong></span> <span class='ocrx_word' id='word_1_3' title='bbox 1530 261 2049 321; x_wconf 76' lang='lat' dir='ltr'><strong>CONTINUATUM.</strong></span> <span class='ocrx_word' id='word_1_4' title='bbox 2090 265 2267 324; x_wconf 80' lang='lat' dir='ltr'><strong>PARS</strong></span> <span class='ocrx_word' id='word_1_5' title='bbox 2310 268 2617 337; x_wconf 75' lang='lat' dir='ltr'><strong>QUARTA.</strong></span> 
     </span>
    </p>
   </div>
   <div class='ocr_carea' id='block_1_3' title="bbox 3361 275 3465 331">
    <p class='ocr_par' dir='ltr' id='par_1_3' title="bbox 3361 275 3465 331">
     <span class='ocr_line' id='line_1_3' title="bbox 3361 275 3465 331; baseline 0.019 -2"><span class='ocrx_word' id='word_1_6' title='bbox 3361 275 3465 331; x_wconf 59' lang='lat'><strong>694</strong></span> 
     </span>
    </p>
   </div>
   <div class='ocr_carea' id='block_1_4' title="bbox 189 381 3465 462">
    <p class='ocr_par' dir='ltr' id='par_1_4' title="bbox 189 381 3465 462">
     <span class='ocr_line' id='line_1_4' title="bbox 189 381 3465 462; baseline 0.003 -26"><span class='ocrx_word' id='word_1_7' title='bbox 189 388 510 436; x_wconf 85' lang='lat' dir='ltr'><strong>manserant</strong></span> <span class='ocrx_word' id='word_1_8' title='bbox 529 388 675 446; x_wconf 84' lang='lat' dir='ltr'><strong>terga</strong></span> <span class='ocrx_word' id='word_1_9' title='bbox 693 387 987 446; x_wconf 77' lang='lat' dir='ltr'><strong>vertentes,</strong></span> <span class='ocrx_word' id='word_1_10' title='bbox 1011 382 1168 451; x_wconf 85' lang='lat' dir='ltr'><strong>pauci</strong></span> <span class='ocrx_word' id='word_1_11' title='bbox 1200 382 1286 436; x_wconf 80' lang='lat' dir='ltr'><strong>vix</strong></span> <span class='ocrx_word' id='word_1_12' title='bbox 1309 390 1615 437; x_wconf 89' lang='lat' dir='ltr'><strong>evaserunt.</strong></span> <span class='ocrx_word' id='word_1_13' title='bbox 1650 381 1786 436; x_wconf 86' lang='lat' dir='ltr'><strong>Dum</strong></span> <span class='ocrx_word' id='word_1_14' title='bbox 1818 388 1861 443; x_wconf 80' lang='grc' dir='ltr'><strong>Α</strong></span> <span class='ocrx_word' id='word_1_15' title='bbox 1890 383 1987 437; x_wconf 87' lang='lat' dir='ltr'><strong>vit.</strong></span> <span class='ocrx_word' id='word_1_16' title='bbox 2022 384 2175 441; x_wconf 88' lang='lat' dir='ltr'><strong>Unde</strong></span> <span class='ocrx_word' id='word_1_17' title='bbox 2200 399 2339 454; x_wconf 88' lang='lat' dir='ltr'><strong>pene</strong></span> <span class='ocrx_word' id='word_1_18' title='bbox 2365 389 2542 443; x_wconf 89' lang='lat' dir='ltr'><strong>omnis</strong></span> <span class='ocrx_word' id='word_1_19' title='bbox 2563 388 2871 459; x_wconf 78' lang='lat' dir='ltr'><strong>Aquitania,</strong></span> <span class='ocrx_word' id='word_1_20' title='bbox 2903 398 3011 445; x_wconf 88' lang='lat' dir='ltr'><strong>tam</strong></span> <span class='ocrx_word' id='word_1_21' title='bbox 3039 391 3279 448; x_wconf 63' lang='lat' dir='ltr'><strong>ecclesia:</strong></span> <span class='ocrx_word' id='word_1_22' title='bbox 3310 408 3465 462; x_wconf 85' lang='lat' dir='ltr'><strong>quant</strong></span> 
     </span>
    </p>
   </div>
   <div class='ocr_carea' id='block_1_5' title="bbox 190 469 1790 539">
    <p class='ocr_par' dir='ltr' id='par_1_5' title="bbox 190 469 1790 539">
     <span class='ocr_line' id='line_1_5' title="bbox 190 469 1790 539; baseline -0.001 -14"><span class='ocrx_word' id='word_1_23' title='bbox 190 471 313 525; x_wconf 67' lang='lat' dir='ltr'><strong>haec</strong></span> <span class='ocrx_word' id='word_1_24' title='bbox 343 478 641 539; x_wconf 71' lang='lat' dir='ltr'><strong>agerentur</strong></span> <span class='ocrx_word' id='word_1_25' title='bbox 663 510 677 533; x_wconf 86' lang='lat'><strong>,</strong></span> <span class='ocrx_word' id='word_1_26' title='bbox 710 470 1054 525; x_wconf 79' lang='lat' dir='ltr'><strong>Beniistanus</strong></span> <span class='ocrx_word' id='word_1_27' title='bbox 1092 472 1384 526; x_wconf 90' lang='lat' dir='ltr'><strong>avunculus</strong></span> <span class='ocrx_word' id='word_1_28' title='bbox 1432 469 1673 525; x_wconf 80' lang='lat' dir='ltr'><strong>Wail‘arii</strong></span> <span class='ocrx_word' id='word_1_29' title='bbox 1722 469 1790 524; x_wconf 90' lang='lat' dir='ltr'><strong>ad</strong></span> 
     </span>
    </p>
   </div>
   <div class='ocr_carea' id='block_1_6' title="bbox 190 563 1793 636">
    <p class='ocr_par' dir='ltr' id='par_1_6' title="bbox 190 563 1793 636">
     <span class='ocr_line' id='line_1_6' title="bbox 190 563 1793 636; baseline -0.001 -17"><span class='ocrx_word' id='word_1_30' title='bbox 190 567 517 636; x_wconf 72' lang='lat' dir='ltr'><strong>praedictum</strong></span> <span class='ocrx_word' id='word_1_31' title='bbox 566 580 747 633; x_wconf 91' lang='lat' dir='ltr'><strong>regem</strong></span> <span class='ocrx_word' id='word_1_32' title='bbox 789 567 1013 619; x_wconf 84' lang='lat' dir='ltr'><strong>veniens</strong></span> <span class='ocrx_word' id='word_1_33' title='bbox 1037 608 1053 633; x_wconf 94' lang='lat'><strong>,</strong></span> <span class='ocrx_word' id='word_1_34' title='bbox 1087 575 1421 621; x_wconf 90' lang='lat' dir='ltr'><strong>sacramenta</strong></span> <span class='ocrx_word' id='word_1_35' title='bbox 1464 565 1627 619; x_wconf 88' lang='lat' dir='ltr'><strong>multa</strong></span> <span class='ocrx_word' id='word_1_36' title='bbox 1656 572 1712 618; x_wconf 90' lang='lat' dir='ltr'><strong>et</strong></span> <span class='ocrx_word' id='word_1_37' title='bbox 1740 563 1793 617; x_wconf 82' lang='lat' dir='ltr'><strong>tl-</strong></span> 
     </span>
    </p>
   </div>
   <div class='ocr_carea' id='block_1_7' title="bbox 192 654 1791 727">
    <p class='ocr_par' dir='ltr' id='par_1_7' title="bbox 192 654 1791 727">
     <span class='ocr_line' id='line_1_7' title="bbox 192 654 1791 727; baseline -0.002 -15"><span class='ocrx_word' id='word_1_38' title='bbox 192 660 325 712; x_wconf 91' lang='lat' dir='ltr'><strong>dem</strong></span> <span class='ocrx_word' id='word_1_39' title='bbox 356 658 615 727; x_wconf 67' lang='lat' dir='ltr'><strong>prmdicto</strong></span> <span class='ocrx_word' id='word_1_40' title='bbox 646 657 753 726; x_wconf 82' lang='lat' dir='ltr'><strong>regi</strong></span> <span class='ocrx_word' id='word_1_41' title='bbox 785 657 1011 727; x_wconf 86' lang='lat' dir='ltr'><strong>Pippino</strong></span> <span class='ocrx_word' id='word_1_42' title='bbox 1038 658 1305 727; x_wconf 90' lang='lat' dir='ltr'><strong>promisit,</strong></span> <span class='ocrx_word' id='word_1_43' title='bbox 1333 666 1391 712; x_wconf 89' lang='lat' dir='ltr'><strong>ut</strong></span> <span class='ocrx_word' id='word_1_44' title='bbox 1419 671 1631 725; x_wconf 88' lang='lat' dir='ltr'><strong>semper</strong></span> <span class='ocrx_word' id='word_1_45' title='bbox 1658 654 1791 709; x_wconf 83' lang='lat' dir='ltr'><strong>lide-</strong></span> 
     </span>
    </p>
   </div>
   <div class='ocr_carea' id='block_1_8' title="bbox 192 746 1793 818">
    <p class='ocr_par' dir='ltr' id='par_1_8' title="bbox 192 746 1793 818">
     <span class='ocr_line' id='line_1_8' title="bbox 192 746 1793 818; baseline -0.004 -15"><span class='ocrx_word' id='word_1_46' title='bbox 192 752 262 804; x_wconf 92' lang='lat' dir='ltr'><strong>lis</strong></span> <span class='ocrx_word' id='word_1_47' title='bbox 297 761 407 803; x_wconf 86' lang='lat' dir='ltr'><strong>tam</strong></span> <span class='ocrx_word' id='word_1_48' title='bbox 448 749 705 818; x_wconf 56' lang='lat' dir='ltr'><strong>pracdicto</strong></span> <span class='ocrx_word' id='word_1_49' title='bbox 734 749 842 817; x_wconf 85' lang='lat' dir='ltr'><strong>regi</strong></span> <span class='ocrx_word' id='word_1_50' title='bbox 870 789 883 809; x_wconf 84' lang='lat'><strong>.</strong></span> <span class='ocrx_word' id='word_1_51' title='bbox 929 763 1087 816; x_wconf 89' lang='lat' dir='ltr'><strong>quam</strong></span> <span class='ocrx_word' id='word_1_52' title='bbox 1117 759 1171 803; x_wconf 89' lang='lat' dir='ltr'><strong>et</strong></span> <span class='ocrx_word' id='word_1_53' title='bbox 1198 748 1322 802; x_wconf 83' lang='lat' dir='ltr'><strong>ﬁliis</strong></span> <span class='ocrx_word' id='word_1_54' title='bbox 1350 747 1462 802; x_wconf 88' lang='lat' dir='ltr'><strong>suis</strong></span> <span class='ocrx_word' id='word_1_55' title='bbox 1485 746 1627 800; x_wconf 92' lang='lat' dir='ltr'><strong>omni</strong></span> <span class='ocrx_word' id='word_1_56' title='bbox 1660 755 1793 800; x_wconf 88' lang='lat' dir='ltr'><strong>tem-</strong></span> 
     </span>
    </p>
   </div>
   <div class='ocr_carea' id='block_1_9' title="bbox 195 838 1789 912">
    <p class='ocr_par' dir='ltr' id='par_1_9' title="bbox 195 838 1789 912">
     <span class='ocr_line' id='line_1_9' title="bbox 195 838 1789 912; baseline -0.004 -17"><span class='ocrx_word' id='word_1_57' title='bbox 195 858 335 912; x_wconf 85' lang='lat' dir='ltr'><strong>pore</strong></span> <span class='ocrx_word' id='word_1_58' title='bbox 392 856 514 896; x_wconf 85' lang='lat' dir='ltr'><strong>esse</strong></span> <span class='ocrx_word' id='word_1_59' title='bbox 553 841 796 894; x_wconf 87' lang='lat' dir='ltr'><strong>deberet.</strong></span> <span class='ocrx_word' id='word_1_60' title='bbox 874 840 988 894; x_wconf 79' lang='lat' dir='ltr'><strong>Rex</strong></span> <span class='ocrx_word' id='word_1_61' title='bbox 1037 854 1168 893; x_wconf 88' lang='lat' dir='ltr'><strong>vero</strong></span> <span class='ocrx_word' id='word_1_62' title='bbox 1227 838 1483 907; x_wconf 91' lang='lat' dir='ltr'><strong>Pippinus</strong></span> <span class='ocrx_word' id='word_1_63' title='bbox 1538 839 1589 890; x_wconf 92' lang='lat' dir='ltr'><strong>iu</strong></span> <span class='ocrx_word' id='word_1_64' title='bbox 1636 850 1789 890; x_wconf 89' lang='lat' dir='ltr'><strong>suam</strong></span> 
     </span>
    </p>
   </div>
   <div class='ocr_carea' id='block_1_10' title="bbox 194 931 1791 998">
    <p class='ocr_par' dir='ltr' id='par_1_10' title="bbox 194 931 1791 998">
     <span class='ocr_line' id='line_1_10' title="bbox 194 931 1791 998; baseline -0.001 -14"><span class='ocrx_word' id='word_1_65' title='bbox 194 936 464 987; x_wconf 72' lang='lat' dir='ltr'><strong>ditionem</strong></span> <span class='ocrx_word' id='word_1_66' title='bbox 497 949 617 986; x_wconf 85' lang='lat' dir='ltr'><strong>cum</strong></span> <span class='ocrx_word' id='word_1_67' title='bbox 660 932 863 997; x_wconf 77' lang='lat' dir='ltr'><strong>recepit</strong></span> <span class='ocrx_word' id='word_1_68' title='bbox 887 973 903 998; x_wconf 92' lang='lat'><strong>,</strong></span> <span class='ocrx_word' id='word_1_69' title='bbox 948 940 1003 985; x_wconf 85' lang='lat' dir='ltr'><strong>et</strong></span> <span class='ocrx_word' id='word_1_70' title='bbox 1034 931 1199 985; x_wconf 84' lang='lat' dir='ltr'><strong>multa</strong></span> <span class='ocrx_word' id='word_1_71' title='bbox 1242 946 1468 985; x_wconf 88' lang='lat' dir='ltr'><strong>munera</strong></span> <span class='ocrx_word' id='word_1_72' title='bbox 1491 931 1608 983; x_wconf 91' lang='lat' dir='ltr'><strong>auri</strong></span> <span class='ocrx_word' id='word_1_73' title='bbox 1630 940 1685 984; x_wconf 92' lang='lat' dir='ltr'><strong>et</strong></span> <span class='ocrx_word' id='word_1_74' title='bbox 1704 944 1791 983; x_wconf 89' lang='lat' dir='ltr'><strong>ar-</strong></span> 
     </span>
    </p>
   </div>
   <div class='ocr_carea' id='block_1_11' title="bbox 192 1019 1791 1096">
    <p class='ocr_par' dir='ltr' id='par_1_11' title="bbox 192 1019 1791 1096">
     <span class='ocr_line' id='line_1_11' title="bbox 192 1019 1791 1096; baseline -0.002 -19"><span class='ocrx_word' id='word_1_75' title='bbox 192 1025 366 1093; x_wconf 72' lang='lat' dir='ltr'><strong>genti,</strong></span> <span class='ocrx_word' id='word_1_76' title='bbox 394 1032 450 1077; x_wconf 91' lang='lat' dir='ltr'><strong>et</strong></span> <span class='ocrx_word' id='word_1_77' title='bbox 496 1024 728 1092; x_wconf 91' lang='lat' dir='ltr'><strong>pretiosa</strong></span> <span class='ocrx_word' id='word_1_78' title='bbox 763 1024 1102 1087; x_wconf 88' lang='lat' dir='ltr'><strong>vestimenta,</strong></span> <span class='ocrx_word' id='word_1_79' title='bbox 1133 1022 1340 1091; x_wconf 87' lang='lat' dir='ltr'><strong>equites</strong></span> <span class='ocrx_word' id='word_1_80' title='bbox 1361 1020 1455 1096; x_wconf 83' lang='lat' dir='ltr'><strong>[Id</strong></span> <span class='ocrx_word' id='word_1_81' title='bbox 1480 1031 1576 1089; x_wconf 80' lang='lat' dir='ltr'><strong>est,</strong></span> <span class='ocrx_word' id='word_1_82' title='bbox 1601 1019 1791 1091; x_wconf 82' lang='lat' dir='ltr'><strong>equos]</strong></span> 
     </span>
    </p>
   </div>
   <div class='ocr_carea' id='block_1_12' title="bbox 191 1114 1149 1185">
    <p class='ocr_par' dir='ltr' id='par_1_12' title="bbox 191 1114 1149 1185">
     <span class='ocr_line' id='line_1_12' title="bbox 191 1114 1149 1185; baseline -0.001 -14"><span class='ocrx_word' id='word_1_83' title='bbox 191 1129 245 1171; x_wconf 75' lang='lat' dir='ltr'><strong>et</strong></span> <span class='ocrx_word' id='word_1_84' title='bbox 277 1116 437 1169; x_wconf 87' lang='lat' dir='ltr'><strong>arma</strong></span> <span class='ocrx_word' id='word_1_85' title='bbox 461 1114 757 1185; x_wconf 78' lang='lat' dir='ltr'><strong>largiendo,</strong></span> <span class='ocrx_word' id='word_1_86' title='bbox 789 1130 910 1170; x_wconf 89' lang='lat' dir='ltr'><strong>eum</strong></span> <span class='ocrx_word' id='word_1_87' title='bbox 937 1114 1149 1170; x_wconf 83' lang='lat' dir='ltr'><strong>ditavit.</strong></span> 
     </span>
    </p>
   </div>
   <div class='ocr_carea' id='block_1_13' title="bbox 262 1207 1793 1275">
    <p class='ocr_par' dir='ltr' id='par_1_13' title="bbox 262 1207 1793 1275">
     <span class='ocr_line' id='line_1_13' title="bbox 262 1207 1793 1275; baseline -0.001 -12"><span class='ocrx_word' id='word_1_88' title='bbox 262 1208 512 1263; x_wconf 75' lang='lat' dir='ltr'><strong>CXXIX.</strong></span> <span class='ocrx_word' id='word_1_89' title='bbox 548 1208 665 1262; x_wconf 78' lang='lat' dir='ltr'><strong>Rex</strong></span> <span class='ocrx_word' id='word_1_90' title='bbox 716 1209 968 1275; x_wconf 84' lang='lat' dir='ltr'><strong>Pippinus</strong></span> <span class='ocrx_word' id='word_1_91' title='bbox 1023 1217 1296 1273; x_wconf 88' lang='lat' dir='ltr'><strong>castrtun,</strong></span> <span class='ocrx_word' id='word_1_92' title='bbox 1343 1207 1428 1261; x_wconf 91' lang='lat' dir='ltr'><strong>cui</strong></span> <span class='ocrx_word' id='word_1_93' title='bbox 1480 1221 1673 1261; x_wconf 86' lang='lat' dir='ltr'><strong>nomen</strong></span> <span class='ocrx_word' id='word_1_94' title='bbox 1711 1214 1793 1261; x_wconf 85' lang='lat' dir='ltr'><strong>est</strong></span> 
     </span>
    </p>
   </div>
   <div class='ocr_carea' id='block_1_14' title="bbox 192 1298 1793 1370">
    <p class='ocr_par' dir='ltr' id='par_1_14' title="bbox 192 1298 1793 1370">
     <span class='ocr_line' id='line_1_14' title="bbox 192 1298 1793 1370; baseline -0.002 -15"><span class='ocrx_word' id='word_1_95' title='bbox 192 1304 542 1369; x_wconf 83' lang='lat' dir='ltr'><strong>Argentonus</strong></span> <span class='ocrx_word' id='word_1_96' title='bbox 572 1309 597 1337; x_wconf 71' lang='grc' dir='ltr'>α</span> <span class='ocrx_word' id='word_1_97' title='bbox 635 1300 687 1353; x_wconf 89' lang='lat' dir='ltr'><strong>in</strong></span> <span class='ocrx_word' id='word_1_98' title='bbox 715 1315 848 1370; x_wconf 89' lang='lat' dir='ltr'><strong>pago</strong></span> <span class='ocrx_word' id='word_1_99' title='bbox 882 1301 1120 1353; x_wconf 87' lang='lat' dir='ltr'><strong>Bitorino</strong></span> <span class='ocrx_word' id='word_1_100' title='bbox 1144 1340 1158 1363; x_wconf 92' lang='lat'><strong>,</strong></span> <span class='ocrx_word' id='word_1_101' title='bbox 1203 1315 1231 1352; x_wconf 92' lang='lat' dir='ltr'><strong>a</strong></span> <span class='ocrx_word' id='word_1_102' title='bbox 1279 1298 1625 1352; x_wconf 77' lang='lat' dir='ltr'><strong>fundamento</strong></span> <span class='ocrx_word' id='word_1_103' title='bbox 1655 1298 1793 1351; x_wconf 91' lang='lat' dir='ltr'><strong>miro</strong></span> 
     </span>
    </p>
   </div>
   <div class='ocr_carea' id='block_1_15' title="bbox 192 1390 1793 1462">
    <p class='ocr_par' dir='ltr' id='par_1_15' title="bbox 192 1390 1793 1462">
     <span class='ocr_line' id='line_1_15' title="bbox 192 1390 1793 1462; baseline -0.001 -16"><span class='ocrx_word' id='word_1_104' title='bbox 192 1409 368 1459; x_wconf 83' lang='lat' dir='ltr'><strong>opere</strong></span> <span class='ocrx_word' id='word_1_105' title='bbox 402 1392 454 1446; x_wconf 92' lang='lat' dir='ltr'><strong>in</strong></span> <span class='ocrx_word' id='word_1_106' title='bbox 495 1393 776 1460; x_wconf 88' lang='lat' dir='ltr'><strong>pristinum</strong></span> <span class='ocrx_word' id='word_1_107' title='bbox 823 1402 1019 1446; x_wconf 84' lang='lat' dir='ltr'><strong>statum</strong></span> <span class='ocrx_word' id='word_1_108' title='bbox 1073 1408 1321 1458; x_wconf 75' lang='lat' dir='ltr'><strong>reparare</strong></span> <span class='ocrx_word' id='word_1_109' title='bbox 1346 1392 1534 1462; x_wconf 90' lang='lat' dir='ltr'><strong>jussit,</strong></span> <span class='ocrx_word' id='word_1_110' title='bbox 1567 1390 1793 1445; x_wconf 86' lang='lat' dir='ltr'><strong>comites</strong></span> 
     </span>
    </p>
   </div>
   <div class='ocr_carea' id='block_1_16' title="bbox 193 1483 1789 1551">
    <p class='ocr_par' dir='ltr' id='par_1_16' title="bbox 193 1483 1789 1551">
     <span class='ocr_line' id='line_1_16' title="bbox 193 1483 1789 1551; baseline -0.003 -13"><span class='ocrx_word' id='word_1_111' title='bbox 193 1501 327 1541; x_wconf 86' lang='lat' dir='ltr'><strong>suos</strong></span> <span class='ocrx_word' id='word_1_112' title='bbox 352 1485 550 1540; x_wconf 83' lang='lat' dir='ltr'><strong>ibidem</strong></span> <span class='ocrx_word' id='word_1_113' title='bbox 567 1484 631 1538; x_wconf 84' lang='lat' dir='ltr'><strong>ad</strong></span> <span class='ocrx_word' id='word_1_114' title='bbox 658 1483 1070 1538; x_wconf 83' lang='lat' dir='ltr'><strong>custodiendum</strong></span> <span class='ocrx_word' id='word_1_115' title='bbox 1098 1484 1335 1545; x_wconf 86' lang='lat' dir='ltr'><strong>mittens,</strong></span> <span class='ocrx_word' id='word_1_116' title='bbox 1364 1498 1533 1551; x_wconf 81' lang='lat' dir='ltr'><strong>ipsum</strong></span> <span class='ocrx_word' id='word_1_117' title='bbox 1556 1491 1789 1535; x_wconf 88' lang='lat' dir='ltr'><strong>castrmn</strong></span> 
     </span>
    </p>
   </div>
   <div class='ocr_carea' id='block_1_17' title="bbox 193 1576 1793 1637">
    <p class='ocr_par' dir='ltr' id='par_1_17' title="bbox 193 1576 1793 1637">
     <span class='ocr_line' id='line_1_17' title="bbox 193 1576 1793 1637; baseline -0.004 -5"><span class='ocrx_word' id='word_1_118' title='bbox 193 1579 519 1632; x_wconf 76' lang='lat' dir='ltr'><strong>Remistano</strong></span> <span class='ocrx_word' id='word_1_119' title='bbox 558 1578 622 1631; x_wconf 89' lang='lat' dir='ltr'><strong>ad</strong></span> <span class='ocrx_word' id='word_1_120' title='bbox 670 1577 931 1630; x_wconf 84' lang='lat' dir='ltr'><strong>Wailario</strong></span> <span class='ocrx_word' id='word_1_121' title='bbox 968 1576 1353 1637; x_wconf 84' lang='lat' dir='ltr'><strong>resistendum,</strong></span> <span class='ocrx_word' id='word_1_122' title='bbox 1386 1592 1504 1628; x_wconf 82' lang='lat' dir='ltr'><strong>eum</strong></span> <span class='ocrx_word' id='word_1_123' title='bbox 1536 1576 1793 1630; x_wconf 78' lang='lat' dir='ltr'><strong>medieta-</strong></span> 
     </span>
    </p>
   </div>
   <div class='ocr_carea' id='block_1_18' title="bbox 191 1667 1789 1739">
    <p class='ocr_par' dir='ltr' id='par_1_18' title="bbox 191 1667 1789 1739">
     <span class='ocr_line' id='line_1_18' title="bbox 191 1667 1789 1739; baseline -0.003 -15"><span class='ocrx_word' id='word_1_124' title='bbox 191 1680 245 1724; x_wconf 84' lang='lat' dir='ltr'><strong>te</strong></span> <span class='ocrx_word' id='word_1_125' title='bbox 278 1669 306 1707; x_wconf 78' lang='grc' dir='ltr'>δ</span> <span class='ocrx_word' id='word_1_126' title='bbox 340 1669 459 1739; x_wconf 86' lang='lat' dir='ltr'><strong>pagi</strong></span> <span class='ocrx_word' id='word_1_127' title='bbox 491 1670 711 1722; x_wconf 86' lang='lat' dir='ltr'><strong>Bitorini</strong></span> <span class='ocrx_word' id='word_1_128' title='bbox 745 1683 911 1737; x_wconf 84' lang='lat' dir='ltr'><strong>usque</strong></span> <span class='ocrx_word' id='word_1_129' title='bbox 941 1669 1005 1721; x_wconf 87' lang='lat' dir='ltr'><strong>ad</strong></span> <span class='ocrx_word' id='word_1_130' title='bbox 1037 1671 1232 1723; x_wconf 79' lang='lat' dir='ltr'><strong>Carum</strong></span> <span class='ocrx_word' id='word_1_131' title='bbox 1269 1679 1315 1727; x_wconf 78' lang='grc' dir='ltr'><strong>ο.</strong></span> <span class='ocrx_word' id='word_1_132' title='bbox 1349 1669 1639 1722; x_wconf 85' lang='lat' dir='ltr'><strong>concessit.</strong></span> <span class='ocrx_word' id='word_1_133' title='bbox 1692 1667 1789 1721; x_wconf 81' lang='lat' dir='ltr'><strong>Vi-</strong></span> 
     </span>
    </p>
   </div>
   <div class='ocr_carea' id='block_1_19' title="bbox 1893 480 3471 553">
    <p class='ocr_par' dir='ltr' id='par_1_19' title="bbox 1893 480 3471 553">
     <span class='ocr_line' id='line_1_19' title="bbox 1893 480 3471 553; baseline 0.005 -23"><span class='ocrx_word' id='word_1_134' title='bbox 1893 480 2236 544; x_wconf 85' lang='lat' dir='ltr'><strong>monasteria,</strong></span> <span class='ocrx_word' id='word_1_135' title='bbox 2269 480 2460 535; x_wconf 82' lang='lat' dir='ltr'><strong>divites</strong></span> <span class='ocrx_word' id='word_1_136' title='bbox 2486 490 2540 538; x_wconf 90' lang='lat' dir='ltr'><strong>et</strong></span> <span class='ocrx_word' id='word_1_137' title='bbox 2564 497 2824 551; x_wconf 79' lang='lat' dir='ltr'><strong>pauperes</strong></span> <span class='ocrx_word' id='word_1_138' title='bbox 2850 484 2968 553; x_wconf 87' lang='lat' dir='ltr'><strong>vina</strong></span> <span class='ocrx_word' id='word_1_139' title='bbox 3003 483 3202 540; x_wconf 79' lang='lat' dir='ltr'><strong>habere</strong></span> <span class='ocrx_word' id='word_1_140' title='bbox 3227 498 3471 539; x_wconf 88' lang='lat' dir='ltr'><strong>consue-</strong></span> 
     </span>
    </p>
   </div>
   <div class='ocr_carea' id='block_1_20' title="bbox 1896 573 3466 647">
    <p class='ocr_par' dir='ltr' id='par_1_20' title="bbox 1896 573 3466 647">
     <span class='ocr_line' id='line_1_20' title="bbox 1896 573 3466 647; baseline 0.006 -26"><span class='ocrx_word' id='word_1_141' title='bbox 1896 580 2106 633; x_wconf 87' lang='lat' dir='ltr'><strong>verant,</strong></span> <span class='ocrx_word' id='word_1_142' title='bbox 2134 573 2313 626; x_wconf 83' lang='lat' dir='ltr'><strong>omnia</strong></span> <span class='ocrx_word' id='word_1_143' title='bbox 2344 576 2570 628; x_wconf 83' lang='lat' dir='ltr'><strong>vastavit</strong></span> <span class='ocrx_word' id='word_1_144' title='bbox 2617 584 2673 629; x_wconf 92' lang='lat' dir='ltr'><strong>et</strong></span> <span class='ocrx_word' id='word_1_145' title='bbox 2713 576 2876 645; x_wconf 85' lang='lat' dir='ltr'><strong>cepit.</strong></span> <span class='ocrx_word' id='word_1_146' title='bbox 2943 577 3073 629; x_wconf 89' lang='lat' dir='ltr'><strong>Dum</strong></span> <span class='ocrx_word' id='word_1_147' title='bbox 3103 575 3219 632; x_wconf 64' lang='lat' dir='ltr'><strong>haec</strong></span> <span class='ocrx_word' id='word_1_148' title='bbox 3242 591 3466 647; x_wconf 83' lang='lat' dir='ltr'><strong>ageren-</strong></span> 
     </span>
    </p>
   </div>
   <div class='ocr_carea' id='block_1_21' title="bbox 1893 662 3509 736">
    <p class='ocr_par' dir='ltr' id='par_1_21' title="bbox 1893 662 3509 736">
     <span class='ocr_line' id='line_1_21' title="bbox 1893 662 3509 736; baseline 0.007 -23"><span class='ocrx_word' id='word_1_149' title='bbox 1893 669 2001 725; x_wconf 85' lang='lat' dir='ltr'><strong>tur,</strong></span> <span class='ocrx_word' id='word_1_150' title='bbox 2032 662 2322 718; x_wconf 79' lang='lat' dir='ltr'><strong>Wail‘arius</strong></span> <span class='ocrx_word' id='word_1_151' title='bbox 2346 679 2466 718; x_wconf 92' lang='lat' dir='ltr'><strong>cum</strong></span> <span class='ocrx_word' id='word_1_152' title='bbox 2508 667 2747 720; x_wconf 85' lang='lat' dir='ltr'><strong>exercitu</strong></span> <span class='ocrx_word' id='word_1_153' title='bbox 2793 681 2985 735; x_wconf 84' lang='lat' dir='ltr'><strong>magno</strong></span> <span class='ocrx_word' id='word_1_154' title='bbox 3027 676 3080 721; x_wconf 90' lang='lat' dir='ltr'><strong>et</strong></span> <span class='ocrx_word' id='word_1_155' title='bbox 3121 667 3466 736; x_wconf 86' lang='lat' dir='ltr'><strong>plurimorum</strong></span> <span class='ocrx_word' id='word_1_156' title='bbox 3508 722 3509 725; x_wconf 44' lang='grc' dir='ltr'><strong>η</strong></span> 
     </span>
    </p>
   </div>
   <div class='ocr_carea' id='block_1_22' title="bbox 1895 752 3517 823">
    <p class='ocr_par' dir='ltr' id='par_1_22' title="bbox 1895 752 3517 823">
     <span class='ocr_line' id='line_1_22' title="bbox 1895 752 3517 823; baseline 0.005 -17"><span class='ocrx_word' id='word_1_157' title='bbox 1895 752 2322 819; x_wconf 87' lang='lat' dir='ltr'><strong>Wasconorum,</strong></span> <span class='ocrx_word' id='word_1_158' title='bbox 2373 756 2462 823; x_wconf 91' lang='lat' dir='ltr'><strong>qui</strong></span> <span class='ocrx_word' id='word_1_159' title='bbox 2519 757 2654 810; x_wconf 89' lang='lat' dir='ltr'><strong>ultra</strong></span> <span class='ocrx_word' id='word_1_160' title='bbox 2698 755 3000 811; x_wconf 85' lang='lat' dir='ltr'><strong>Garunnam</strong></span> <span class='ocrx_word' id='word_1_161' title='bbox 3046 767 3464 822; x_wconf 77' lang='lat' dir='ltr'><strong>Commoranlut’,</strong></span> <span class='ocrx_word' id='word_1_162' title='bbox 3510 804 3517 814; x_wconf 90' lang='lat'><strong>.</strong></span> 
     </span>
    </p>
   </div>
   <div class='ocr_carea' id='block_1_23' title="bbox 1893 844 3467 918">
    <p class='ocr_par' dir='ltr' id='par_1_23' title="bbox 1893 844 3467 918">
     <span class='ocr_line' id='line_1_23' title="bbox 1893 844 3467 918; baseline 0.002 -20"><span class='ocrx_word' id='word_1_163' title='bbox 1893 844 1980 915; x_wconf 90' lang='lat' dir='ltr'><strong>qui</strong></span> <span class='ocrx_word' id='word_1_164' title='bbox 2010 847 2300 915; x_wconf 89' lang='lat' dir='ltr'><strong>antiquitus</strong></span> <span class='ocrx_word' id='word_1_165' title='bbox 2330 845 2499 901; x_wconf 85' lang='lat' dir='ltr'><strong>vocati</strong></span> <span class='ocrx_word' id='word_1_166' title='bbox 2525 858 2647 900; x_wconf 91' lang='lat' dir='ltr'><strong>sunt</strong></span> <span class='ocrx_word' id='word_1_167' title='bbox 2680 848 2859 902; x_wconf 84' lang='lat' dir='ltr'><strong>Vaceti</strong></span> <span class='ocrx_word' id='word_1_168' title='bbox 2885 845 2938 912; x_wconf 59' lang='grc'><em>³,</em></span> <span class='ocrx_word' id='word_1_169' title='bbox 2970 863 3131 918; x_wconf 84' lang='lat' dir='ltr'><strong>super</strong></span> <span class='ocrx_word' id='word_1_170' title='bbox 3157 848 3467 916; x_wconf 68' lang='lat' dir='ltr'><strong>praedictum</strong></span> 
     </span>
    </p>
   </div>
   <div class='ocr_carea' id='block_1_24' title="bbox 1896 935 3469 1003">
    <p class='ocr_par' dir='ltr' id='par_1_24' title="bbox 1896 935 3469 1003">
     <span class='ocr_line' id='line_1_24' title="bbox 1896 935 3469 1003; baseline 0.003 -14"><span class='ocrx_word' id='word_1_171' title='bbox 1896 951 2074 1003; x_wconf 83' lang='lat' dir='ltr'><strong>regem</strong></span> <span class='ocrx_word' id='word_1_172' title='bbox 2104 941 2275 991; x_wconf 88' lang='lat' dir='ltr'><strong>venit.</strong></span> <span class='ocrx_word' id='word_1_173' title='bbox 2303 935 2407 991; x_wconf 89' lang='lat' dir='ltr'><strong>Sed</strong></span> <span class='ocrx_word' id='word_1_174' title='bbox 2441 938 2621 1001; x_wconf 77' lang='lat' dir='ltr'><strong>statim</strong></span> <span class='ocrx_word' id='word_1_175' title='bbox 2654 937 2814 991; x_wconf 88' lang='lat' dir='ltr'><strong>solito</strong></span> <span class='ocrx_word' id='word_1_176' title='bbox 2859 954 3008 991; x_wconf 89' lang='lat' dir='ltr'><strong>more</strong></span> <span class='ocrx_word' id='word_1_177' title='bbox 3032 952 3220 993; x_wconf 87' lang='lat' dir='ltr'><strong>omnes</strong></span> <span class='ocrx_word' id='word_1_178' title='bbox 3244 936 3469 993; x_wconf 78' lang='lat' dir='ltr'><strong>Waseo-</strong></span> 
     </span>
    </p>
   </div>
   <div class='ocr_carea' id='block_1_25' title="bbox 1894 1026 3468 1096">
    <p class='ocr_par' dir='ltr' id='par_1_25' title="bbox 1894 1026 3468 1096">
     <span class='ocr_line' id='line_1_25' title="bbox 1894 1026 3468 1096; baseline 0.003 -15"><span class='ocrx_word' id='word_1_179' title='bbox 1894 1040 1991 1081; x_wconf 90' lang='lat' dir='ltr'><strong>nes</strong></span> <span class='ocrx_word' id='word_1_180' title='bbox 2022 1035 2170 1096; x_wconf 85' lang='lat' dir='ltr'><strong>terga</strong></span> <span class='ocrx_word' id='word_1_181' title='bbox 2194 1034 2493 1094; x_wconf 84' lang='lat' dir='ltr'><strong>verterunt,</strong></span> <span class='ocrx_word' id='word_1_182' title='bbox 2520 1026 2735 1095; x_wconf 89' lang='lat' dir='ltr'><strong>plurimi</strong></span> <span class='ocrx_word' id='word_1_183' title='bbox 2775 1027 2969 1082; x_wconf 88' lang='lat' dir='ltr'><strong>ibidem</strong></span> <span class='ocrx_word' id='word_1_184' title='bbox 2996 1044 3024 1080; x_wconf 87' lang='lat' dir='ltr'><strong>a</strong></span> <span class='ocrx_word' id='word_1_185' title='bbox 3059 1028 3276 1084; x_wconf 77' lang='lat' dir='ltr'><strong>Francis</strong></span> <span class='ocrx_word' id='word_1_186' title='bbox 3298 1028 3468 1086; x_wconf 89' lang='lat' dir='ltr'><strong>inter-</strong></span> 
     </span>
    </p>
   </div>
   <div class='ocr_carea' id='block_1_26' title="bbox 1895 1117 3472 1189">
    <p class='ocr_par' dir='ltr' id='par_1_26' title="bbox 1895 1117 3472 1189">
     <span class='ocr_line' id='line_1_26' title="bbox 1895 1117 3472 1189; baseline 0.003 -18"><span class='ocrx_word' id='word_1_187' title='bbox 1895 1117 2021 1171; x_wconf 80' lang='lat' dir='ltr'><strong>fecti</strong></span> <span class='ocrx_word' id='word_1_188' title='bbox 2050 1125 2195 1173; x_wconf 90' lang='lat' dir='ltr'><strong>sunt.</strong></span> <span class='ocrx_word' id='word_1_189' title='bbox 2230 1117 2355 1171; x_wconf 71' lang='lat' dir='ltr'><strong>Hm</strong></span> <span class='ocrx_word' id='word_1_190' title='bbox 2383 1131 2613 1172; x_wconf 89' lang='lat' dir='ltr'><strong>cernens</strong></span> <span class='ocrx_word' id='word_1_191' title='bbox 2641 1132 2764 1183; x_wconf 89' lang='lat' dir='ltr'><strong>rex,</strong></span> <span class='ocrx_word' id='word_1_192' title='bbox 2795 1122 3036 1187; x_wconf 75' lang='lat' dir='ltr'><strong>persequi</strong></span> <span class='ocrx_word' id='word_1_193' title='bbox 3062 1135 3182 1175; x_wconf 91' lang='lat' dir='ltr'><strong>eum</strong></span> <span class='ocrx_word' id='word_1_194' title='bbox 3208 1119 3388 1189; x_wconf 82' lang='lat' dir='ltr'><strong>jubet,</strong></span> <span class='ocrx_word' id='word_1_195' title='bbox 3417 1126 3472 1175; x_wconf 83' lang='lat' dir='ltr'><strong>et</strong></span> 
     </span>
    </p>
   </div>
   <div class='ocr_carea' id='block_1_27' title="bbox 1897 1209 3470 1282">
    <p class='ocr_par' dir='ltr' id='par_1_27' title="bbox 1897 1209 3470 1282">
     <span class='ocr_line' id='line_1_27' title="bbox 1897 1209 3470 1282; baseline 0.001 -19"><span class='ocrx_word' id='word_1_196' title='bbox 1897 1225 2070 1277; x_wconf 90' lang='lat' dir='ltr'><strong>usque</strong></span> <span class='ocrx_word' id='word_1_197' title='bbox 2091 1209 2157 1264; x_wconf 89' lang='lat' dir='ltr'><strong>ad</strong></span> <span class='ocrx_word' id='word_1_198' title='bbox 2184 1219 2396 1264; x_wconf 90' lang='lat' dir='ltr'><strong>noctem</strong></span> <span class='ocrx_word' id='word_1_199' title='bbox 2428 1224 2551 1263; x_wconf 91' lang='lat' dir='ltr'><strong>eum</strong></span> <span class='ocrx_word' id='word_1_200' title='bbox 2584 1224 2940 1279; x_wconf 89' lang='lat' dir='ltr'><strong>persequens,</strong></span> <span class='ocrx_word' id='word_1_201' title='bbox 2971 1211 3057 1265; x_wconf 83' lang='lat' dir='ltr'><strong>vix</strong></span> <span class='ocrx_word' id='word_1_202' title='bbox 3082 1213 3244 1282; x_wconf 79' lang='lat'><strong>699</strong></span> <span class='ocrx_word' id='word_1_203' title='bbox 3272 1211 3470 1264; x_wconf 81' lang='lat' dir='ltr'><strong>Waiia-</strong></span> 
     </span>
    </p>
   </div>
   <div class='ocr_carea' id='block_1_28' title="bbox 1895 1299 3468 1369">
    <p class='ocr_par' dir='ltr' id='par_1_28' title="bbox 1895 1299 3468 1369">
     <span class='ocr_line' id='line_1_28' title="bbox 1895 1299 3468 1369; baseline 0.001 -15"><span class='ocrx_word' id='word_1_204' title='bbox 1895 1302 2006 1355; x_wconf 78' lang='lat' dir='ltr'><strong>rius</strong></span> <span class='ocrx_word' id='word_1_205' title='bbox 2030 1315 2150 1354; x_wconf 89' lang='lat' dir='ltr'><strong>eum</strong></span> <span class='ocrx_word' id='word_1_206' title='bbox 2183 1299 2364 1368; x_wconf 85' lang='lat' dir='ltr'><strong>paucis</strong></span> <span class='ocrx_word' id='word_1_207' title='bbox 2408 1299 2511 1369; x_wconf 68' lang='lat' dir='ltr'><strong>qui</strong></span> <span class='ocrx_word' id='word_1_208' title='bbox 2541 1310 2955 1365; x_wconf 87' lang='lat' dir='ltr'><strong>remanserant,</strong></span> <span class='ocrx_word' id='word_1_209' title='bbox 2989 1302 3240 1369; x_wconf 78' lang='lat' dir='ltr'><strong>fugiendo</strong></span> <span class='ocrx_word' id='word_1_210' title='bbox 3278 1301 3468 1356; x_wconf 86' lang='lat' dir='ltr'><strong>evasit.</strong></span> 
     </span>
    </p>
   </div>
   <div class='ocr_carea' id='block_1_29' title="bbox 1896 1391 3470 1461">
    <p class='ocr_par' dir='ltr' id='par_1_29' title="bbox 1896 1391 3470 1461">
     <span class='ocr_line' id='line_1_29' title="bbox 1896 1391 3470 1461; baseline 0.001 -17"><span class='ocrx_word' id='word_1_211' title='bbox 1896 1391 1951 1444; x_wconf 92' lang='lat' dir='ltr'><strong>In</strong></span> <span class='ocrx_word' id='word_1_212' title='bbox 1988 1406 2054 1444; x_wconf 91' lang='lat' dir='ltr'><strong>eo</strong></span> <span class='ocrx_word' id='word_1_213' title='bbox 2095 1391 2281 1458; x_wconf 64' lang='lat' dir='ltr'><strong>praalio</strong></span> <span class='ocrx_word' id='word_1_214' title='bbox 2328 1391 2620 1445; x_wconf 86' lang='lat' dir='ltr'><strong>Blaudinus</strong></span> <span class='ocrx_word' id='word_1_215' title='bbox 2662 1406 2846 1446; x_wconf 88' lang='lat' dir='ltr'><strong>comes</strong></span> <span class='ocrx_word' id='word_1_216' title='bbox 2877 1394 3270 1450; x_wconf 81' lang='lat' dir='ltr'><strong>Arvernorum.</strong></span> <span class='ocrx_word' id='word_1_217' title='bbox 3309 1406 3470 1461; x_wconf 90' lang='lat' dir='ltr'><strong>quem</strong></span> 
     </span>
    </p>
   </div>
   <div class='ocr_carea' id='block_1_30' title="bbox 1895 1482 3471 1554">
    <p class='ocr_par' dir='ltr' id='par_1_30' title="bbox 1895 1482 3471 1554">
     <span class='ocr_line' id='line_1_30' title="bbox 1895 1482 3471 1554; baseline 0.003 -21"><span class='ocrx_word' id='word_1_218' title='bbox 1895 1484 2184 1553; x_wconf 63' lang='lat' dir='ltr'><strong>praedictus</strong></span> <span class='ocrx_word' id='word_1_219' title='bbox 2212 1499 2303 1537; x_wconf 77' lang='lat' dir='ltr'><strong>rex</strong></span> <span class='ocrx_word' id='word_1_220' title='bbox 2336 1484 2722 1552; x_wconf 83' lang='lat' dir='ltr'><strong>priusceperat</strong></span> <span class='ocrx_word' id='word_1_221' title='bbox 2744 1524 2760 1546; x_wconf 87' lang='lat'><strong>,</strong></span> <span class='ocrx_word' id='word_1_222' title='bbox 2791 1493 2847 1539; x_wconf 91' lang='lat' dir='ltr'><strong>et</strong></span> <span class='ocrx_word' id='word_1_223' title='bbox 2873 1484 2965 1554; x_wconf 90' lang='lat' dir='ltr'><strong>qui</strong></span> <span class='ocrx_word' id='word_1_224' title='bbox 3012 1497 3194 1552; x_wconf 80' lang='lat' dir='ltr'><strong>postea</strong></span> <span class='ocrx_word' id='word_1_225' title='bbox 3222 1485 3286 1539; x_wconf 89' lang='lat' dir='ltr'><strong>ad</strong></span> <span class='ocrx_word' id='word_1_226' title='bbox 3317 1482 3471 1539; x_wconf 81' lang='lat' dir='ltr'><strong>Wal-</strong></span> 
     </span>
    </p>
   </div>
   <div class='ocr_carea' id='block_1_31' title="bbox 1896 1572 3473 1643">
    <p class='ocr_par' dir='ltr' id='par_1_31' title="bbox 1896 1572 3473 1643">
     <span class='ocr_line' id='line_1_31' title="bbox 1896 1572 3473 1643; baseline 0.003 -18"><span class='ocrx_word' id='word_1_227' title='bbox 1896 1573 2084 1627; x_wconf 85' lang='lat' dir='ltr'><strong>larium</strong></span> <span class='ocrx_word' id='word_1_228' title='bbox 2113 1574 2420 1643; x_wconf 75' lang='lat' dir='ltr'><strong>coniugium</strong></span> <span class='ocrx_word' id='word_1_229' title='bbox 2454 1572 2655 1627; x_wconf 81' lang='lat' dir='ltr'><strong>fecerat</strong></span> <span class='ocrx_word' id='word_1_230' title='bbox 2677 1613 2694 1637; x_wconf 93' lang='lat'><strong>,</strong></span> <span class='ocrx_word' id='word_1_231' title='bbox 2724 1574 2777 1626; x_wconf 90' lang='lat' dir='ltr'><strong>in</strong></span> <span class='ocrx_word' id='word_1_232' title='bbox 2817 1589 2883 1628; x_wconf 89' lang='lat' dir='ltr'><strong>eo</strong></span> <span class='ocrx_word' id='word_1_233' title='bbox 2931 1575 3117 1642; x_wconf 63' lang='lat' dir='ltr'><strong>prwlio</strong></span> <span class='ocrx_word' id='word_1_234' title='bbox 3161 1574 3473 1629; x_wconf 68' lang='lat' dir='ltr'><strong>interfectus</strong></span> 
     </span>
    </p>
   </div>
   <div class='ocr_carea' id='block_1_32' title="bbox 1894 1665 3470 1736">
    <p class='ocr_par' dir='ltr' id='par_1_32' title="bbox 1894 1665 3470 1736">
     <span class='ocr_line' id='line_1_32' title="bbox 1894 1665 3470 1736; baseline 0.001 -15"><span class='ocrx_word' id='word_1_235' title='bbox 1894 1676 1993 1721; x_wconf 77' lang='lat' dir='ltr'><strong>est.</strong></span> <span class='ocrx_word' id='word_1_236' title='bbox 2022 1666 2135 1720; x_wconf 80' lang='lat' dir='ltr'><strong>Rex</strong></span> <span class='ocrx_word' id='word_1_237' title='bbox 2180 1665 2434 1736; x_wconf 87' lang='lat' dir='ltr'><strong>Pippiuus</strong></span> <span class='ocrx_word' id='word_1_238' title='bbox 2458 1708 2474 1731; x_wconf 92' lang='lat'><strong>,</strong></span> <span class='ocrx_word' id='word_1_239' title='bbox 2523 1666 2820 1735; x_wconf 88' lang='lat' dir='ltr'><strong>opitulante</strong></span> <span class='ocrx_word' id='word_1_240' title='bbox 2868 1666 3012 1732; x_wconf 90' lang='lat' dir='ltr'><strong>Deo,</strong></span> <span class='ocrx_word' id='word_1_241' title='bbox 3052 1668 3224 1722; x_wconf 90' lang='lat' dir='ltr'><strong>victor</strong></span> <span class='ocrx_word' id='word_1_242' title='bbox 3244 1670 3470 1722; x_wconf 74' lang='lat' dir='ltr'><strong>exstitit.</strong></span> 
     </span>
    </p>
   </div>
   <div class='ocr_carea' id='block_1_33' title="bbox 193 1758 3470 1828">
    <p class='ocr_par' dir='ltr' id='par_1_33' title="bbox 193 1758 3470 1828">
     <span class='ocr_line' id='line_1_33' title="bbox 193 1758 3470 1828; baseline 0.001 -15"><span class='ocrx_word' id='word_1_243' title='bbox 193 1761 334 1813; x_wconf 86' lang='lat' dir='ltr'><strong>dens</strong></span> <span class='ocrx_word' id='word_1_244' title='bbox 399 1759 689 1828; x_wconf 73' lang='lat' dir='ltr'><strong>prtedictus</strong></span> <span class='ocrx_word' id='word_1_245' title='bbox 736 1759 1022 1813; x_wconf 84' lang='lat' dir='ltr'><strong>Waitarius</strong></span> <span class='ocrx_word' id='word_1_246' title='bbox 1044 1800 1059 1824; x_wconf 94' lang='lat'><strong>,</strong></span> <span class='ocrx_word' id='word_1_247' title='bbox 1119 1759 1368 1827; x_wconf 88' lang='lat' dir='ltr'><strong>princeps</strong></span> <span class='ocrx_word' id='word_1_248' title='bbox 1411 1760 1783 1828; x_wconf 88' lang='lat' dir='ltr'><strong>Aquitanicus,</strong></span> <span class='ocrx_word' id='word_1_249' title='bbox 1817 1763 1863 1822; x_wconf 85' lang='grc' dir='ltr'>Β</span> <span class='ocrx_word' id='word_1_250' title='bbox 1894 1760 2105 1813; x_wconf 68' lang='lat' dir='ltr'><strong>Patr-sta</strong></span> <span class='ocrx_word' id='word_1_251' title='bbox 2139 1760 2327 1813; x_wconf 89' lang='lat' dir='ltr'><strong>iterum</strong></span> <span class='ocrx_word' id='word_1_252' title='bbox 2360 1760 2586 1813; x_wconf 85' lang='lat' dir='ltr'><strong>victoria</strong></span> <span class='ocrx_word' id='word_1_253' title='bbox 2612 1774 2734 1812; x_wconf 91' lang='lat' dir='ltr'><strong>cum</strong></span> <span class='ocrx_word' id='word_1_254' title='bbox 2757 1772 2950 1828; x_wconf 87' lang='lat' dir='ltr'><strong>magno</strong></span> <span class='ocrx_word' id='word_1_255' title='bbox 2972 1758 3470 1826; x_wconf 89' lang='lat' dir='ltr'><strong>triumpho,iterum</strong></span> 
     </span>
    </p>
   </div>
   <div class='ocr_carea' id='block_1_34' title="bbox 192 1850 1786 1923">
    <p class='ocr_par' dir='ltr' id='par_1_34' title="bbox 192 1850 1786 1923">
     <span class='ocr_line' id='line_1_34' title="bbox 192 1850 1786 1923; baseline 0 -18"><span class='ocrx_word' id='word_1_256' title='bbox 192 1852 340 1923; x_wconf 82' lang='lat' dir='ltr'><strong>quod</strong></span> <span class='ocrx_word' id='word_1_257' title='bbox 373 1863 609 1906; x_wconf 86' lang='lat' dir='ltr'><strong>castrum</strong></span> <span class='ocrx_word' id='word_1_258' title='bbox 639 1852 805 1923; x_wconf 74' lang='lat'><strong>698</strong></span> <span class='ocrx_word' id='word_1_259' title='bbox 832 1850 1193 1905; x_wconf 72' lang='lat' dir='ltr'><strong>tllaremontis</strong></span> <span class='ocrx_word' id='word_1_260' title='bbox 1219 1866 1311 1905; x_wconf 89' lang='lat' dir='ltr'><strong>rex</strong></span> <span class='ocrx_word' id='word_1_261' title='bbox 1354 1851 1602 1905; x_wconf 89' lang='lat' dir='ltr'><strong>bellando</strong></span> <span class='ocrx_word' id='word_1_262' title='bbox 1627 1866 1786 1918; x_wconf 87' lang='lat' dir='ltr'><strong>cepe-</strong></span> 
     </span>
    </p>
   </div>
   <div class='ocr_carea' id='block_1_35' title="bbox 193 1940 1785 2010">
    <p class='ocr_par' dir='ltr' id='par_1_35' title="bbox 193 1940 1785 2010">
     <span class='ocr_line' id='line_1_35' title="bbox 193 1940 1785 2010; baseline 0.001 -16"><span class='ocrx_word' id='word_1_263' title='bbox 193 1953 317 2007; x_wconf 85' lang='lat' dir='ltr'><strong>rat,</strong></span> <span class='ocrx_word' id='word_1_264' title='bbox 378 1951 435 1995; x_wconf 91' lang='lat' dir='ltr'><strong>et</strong></span> <span class='ocrx_word' id='word_1_265' title='bbox 488 1940 746 1995; x_wconf 86' lang='lat' dir='ltr'><strong>Bitoricas</strong></span> <span class='ocrx_word' id='word_1_266' title='bbox 792 1948 952 2009; x_wconf 81' lang='lat' dir='ltr'><strong>caput</strong></span> <span class='ocrx_word' id='word_1_267' title='bbox 996 1940 1333 2010; x_wconf 72' lang='lat' dir='ltr'><strong>Aquitaniae,</strong></span> <span class='ocrx_word' id='word_1_268' title='bbox 1374 1941 1785 1995; x_wconf 67' lang='lat' dir='ltr'><strong>munitissimam</strong></span> 
     </span>
    </p>
   </div>
   <div class='ocr_carea' id='block_1_36' title="bbox 194 2034 1787 2104">
    <p class='ocr_par' dir='ltr' id='par_1_36' title="bbox 194 2034 1787 2104">
     <span class='ocr_line' id='line_1_36' title="bbox 194 2034 1787 2104; baseline -0.003 -12"><span class='ocrx_word' id='word_1_269' title='bbox 194 2039 415 2103; x_wconf 88' lang='lat' dir='ltr'><strong>urbem,</strong></span> <span class='ocrx_word' id='word_1_270' title='bbox 445 2052 567 2090; x_wconf 91' lang='lat' dir='ltr'><strong>cum</strong></span> <span class='ocrx_word' id='word_1_271' title='bbox 597 2035 858 2091; x_wconf 89' lang='lat' dir='ltr'><strong>machinis</strong></span> <span class='ocrx_word' id='word_1_272' title='bbox 886 2036 1140 2104; x_wconf 88' lang='lat' dir='ltr'><strong>cepisset,</strong></span> <span class='ocrx_word' id='word_1_273' title='bbox 1170 2046 1223 2089; x_wconf 89' lang='lat' dir='ltr'><strong>et</strong></span> <span class='ocrx_word' id='word_1_274' title='bbox 1253 2036 1508 2104; x_wconf 89' lang='lat' dir='ltr'><strong>impetum</strong></span> <span class='ocrx_word' id='word_1_275' title='bbox 1535 2034 1653 2104; x_wconf 75' lang='lat' dir='ltr'><strong>ejus</strong></span> <span class='ocrx_word' id='word_1_276' title='bbox 1679 2035 1787 2089; x_wconf 89' lang='lat' dir='ltr'><strong>l&#39;er-</strong></span> 
     </span>
    </p>
   </div>
   <div class='ocr_carea' id='block_1_37' title="bbox 195 2127 1787 2200">
    <p class='ocr_par' dir='ltr' id='par_1_37' title="bbox 195 2127 1787 2200">
     <span class='ocr_line' id='line_1_37' title="bbox 195 2127 1787 2200; baseline -0.004 -14"><span class='ocrx_word' id='word_1_277' title='bbox 195 2149 254 2186; x_wconf 86' lang='lat' dir='ltr'><strong>re</strong></span> <span class='ocrx_word' id='word_1_278' title='bbox 282 2148 389 2185; x_wconf 90' lang='lat' dir='ltr'><strong>non</strong></span> <span class='ocrx_word' id='word_1_279' title='bbox 430 2130 728 2200; x_wconf 91' lang='lat' dir='ltr'><strong>potuisset,</strong></span> <span class='ocrx_word' id='word_1_280' title='bbox 759 2144 948 2183; x_wconf 90' lang='lat' dir='ltr'><strong>omnes</strong></span> <span class='ocrx_word' id='word_1_281' title='bbox 984 2128 1230 2182; x_wconf 86' lang='lat' dir='ltr'><strong>civitates</strong></span> <span class='ocrx_word' id='word_1_282' title='bbox 1267 2142 1388 2196; x_wconf 74' lang='lat' dir='ltr'><strong>qua:</strong></span> <span class='ocrx_word' id='word_1_283' title='bbox 1424 2128 1476 2180; x_wconf 91' lang='lat' dir='ltr'><strong>in</strong></span> <span class='ocrx_word' id='word_1_284' title='bbox 1504 2127 1787 2195; x_wconf 87' lang='lat' dir='ltr'><strong>Aquitania</strong></span> 
     </span>
    </p>
   </div>
   <div class='ocr_carea' id='block_1_38' title="bbox 200 2215 1788 2295">
    <p class='ocr_par' dir='ltr' id='par_1_38' title="bbox 200 2215 1788 2295">
     <span class='ocr_line' id='line_1_38' title="bbox 200 2215 1788 2295; baseline -0.004 -17"><span class='ocrx_word' id='word_1_285' title='bbox 200 2224 483 2295; x_wconf 84' lang='lat' dir='ltr'><strong>provincia</strong></span> <span class='ocrx_word' id='word_1_286' title='bbox 515 2221 734 2276; x_wconf 85' lang='lat' dir='ltr'><strong>ditionis</strong></span> <span class='ocrx_word' id='word_1_287' title='bbox 761 2235 875 2276; x_wconf 79' lang='lat' dir='ltr'><strong>sua:</strong></span> <span class='ocrx_word' id='word_1_288' title='bbox 905 2230 1056 2276; x_wconf 89' lang='lat' dir='ltr'><strong>erant</strong></span> <span class='ocrx_word' id='word_1_289' title='bbox 1084 2262 1100 2284; x_wconf 88' lang='lat'><strong>,</strong></span> <span class='ocrx_word' id='word_1_290' title='bbox 1144 2219 1198 2274; x_wconf 89' lang='lat' dir='ltr'><strong>id</strong></span> <span class='ocrx_word' id='word_1_291' title='bbox 1226 2227 1312 2273; x_wconf 82' lang='lat' dir='ltr'><strong>est</strong></span> <span class='ocrx_word' id='word_1_292' title='bbox 1340 2218 1581 2273; x_wconf 88' lang='lat' dir='ltr'><strong>Pectavis</strong></span> <span class='ocrx_word' id='word_1_293' title='bbox 1602 2215 1651 2283; x_wconf 71' lang='grc' dir='ltr'><em>δ,</em></span> <span class='ocrx_word' id='word_1_294' title='bbox 1684 2218 1788 2272; x_wconf 90' lang='lat' dir='ltr'><strong>Le-</strong></span> 
     </span>
    </p>
   </div>
   <div class='ocr_carea' id='block_1_39' title="bbox 201 2311 1787 2382">
    <p class='ocr_par' dir='ltr' id='par_1_39' title="bbox 201 2311 1787 2382">
     <span class='ocr_line' id='line_1_39' title="bbox 201 2311 1787 2382; baseline -0.003 -12"><span class='ocrx_word' id='word_1_295' title='bbox 201 2318 464 2378; x_wconf 87' lang='lat' dir='ltr'><strong>modieas,</strong></span> <span class='ocrx_word' id='word_1_296' title='bbox 488 2316 762 2380; x_wconf 87' lang='lat' dir='ltr'><strong>Santonis,</strong></span> <span class='ocrx_word' id='word_1_297' title='bbox 792 2314 1089 2374; x_wconf 81' lang='lat' dir='ltr'><strong>l‘etrecors,</strong></span> <span class='ocrx_word' id='word_1_298' title='bbox 1118 2312 1444 2382; x_wconf 85' lang='lat' dir='ltr'><strong>Equolisma,</strong></span> <span class='ocrx_word' id='word_1_299' title='bbox 1475 2320 1530 2366; x_wconf 93' lang='lat' dir='ltr'><strong>et</strong></span> <span class='ocrx_word' id='word_1_300' title='bbox 1559 2311 1787 2381; x_wconf 88' lang='lat' dir='ltr'><strong>reliquas</strong></span> 
     </span>
    </p>
   </div>
   <div class='ocr_carea' id='block_1_40' title="bbox 202 2406 1784 2481">
    <p class='ocr_par' dir='ltr' id='par_1_40' title="bbox 202 2406 1784 2481">
     <span class='ocr_line' id='line_1_40' title="bbox 202 2406 1784 2481; baseline -0.004 -18"><span class='ocrx_word' id='word_1_301' title='bbox 202 2413 548 2481; x_wconf 85' lang='lat' dir='ltr'><strong>quamplures</strong></span> <span class='ocrx_word' id='word_1_302' title='bbox 574 2409 819 2465; x_wconf 78' lang='lat' dir='ltr'><strong>civitates</strong></span> <span class='ocrx_word' id='word_1_303' title='bbox 840 2415 894 2462; x_wconf 91' lang='lat' dir='ltr'><strong>et</strong></span> <span class='ocrx_word' id='word_1_304' title='bbox 907 2406 1145 2469; x_wconf 88' lang='lat' dir='ltr'><strong>castella,</strong></span> <span class='ocrx_word' id='word_1_305' title='bbox 1179 2419 1366 2459; x_wconf 90' lang='lat' dir='ltr'><strong>omnes</strong></span> <span class='ocrx_word' id='word_1_306' title='bbox 1394 2418 1575 2458; x_wconf 90' lang='lat' dir='ltr'><strong>muros</strong></span> <span class='ocrx_word' id='word_1_307' title='bbox 1600 2419 1784 2458; x_wconf 90' lang='lat' dir='ltr'><strong>eorum</strong></span> 
     </span>
    </p>
   </div>
   <div class='ocr_carea' id='block_1_41' title="bbox 208 2495 1787 2569">
    <p class='ocr_par' dir='ltr' id='par_1_41' title="bbox 208 2495 1787 2569">
     <span class='ocr_line' id='line_1_41' title="bbox 208 2495 1787 2569; baseline -0.006 -11"><span class='ocrx_word' id='word_1_308' title='bbox 208 2505 258 2558; x_wconf 88' lang='lat' dir='ltr'><strong>in</strong></span> <span class='ocrx_word' id='word_1_309' title='bbox 292 2513 495 2557; x_wconf 77' lang='lat' dir='ltr'><strong>terram</strong></span> <span class='ocrx_word' id='word_1_310' title='bbox 528 2500 838 2569; x_wconf 79' lang='lat' dir='ltr'><strong>prostravit,</strong></span> <span class='ocrx_word' id='word_1_311' title='bbox 864 2513 1000 2567; x_wconf 88' lang='lat' dir='ltr'><strong>quos</strong></span> <span class='ocrx_word' id='word_1_312' title='bbox 1033 2506 1210 2566; x_wconf 83' lang='lat' dir='ltr'><strong>postea</strong></span> <span class='ocrx_word' id='word_1_313' title='bbox 1234 2495 1524 2565; x_wconf 77' lang='lat' dir='ltr'><strong>przecelsus</strong></span> <span class='ocrx_word' id='word_1_314' title='bbox 1550 2511 1642 2550; x_wconf 88' lang='lat' dir='ltr'><strong>rex</strong></span> <span class='ocrx_word' id='word_1_315' title='bbox 1672 2495 1787 2564; x_wconf 81' lang='lat' dir='ltr'><strong>Pip-</strong></span> 
     </span>
    </p>
   </div>
   <div class='ocr_carea' id='block_1_42' title="bbox 204 2587 1786 2663">
    <p class='ocr_par' dir='ltr' id='par_1_42' title="bbox 204 2587 1786 2663">
     <span class='ocr_line' id='line_1_42' title="bbox 204 2587 1786 2663; baseline -0.004 -17"><span class='ocrx_word' id='word_1_316' title='bbox 204 2594 363 2663; x_wconf 86' lang='lat' dir='ltr'><strong>pinus</strong></span> <span class='ocrx_word' id='word_1_317' title='bbox 405 2606 657 2661; x_wconf 87' lang='lat' dir='ltr'><strong>reparare</strong></span> <span class='ocrx_word' id='word_1_318' title='bbox 679 2591 864 2660; x_wconf 78' lang='lat' dir='ltr'><strong>jubet,</strong></span> <span class='ocrx_word' id='word_1_319' title='bbox 886 2598 943 2645; x_wconf 94' lang='lat' dir='ltr'><strong>et</strong></span> <span class='ocrx_word' id='word_1_320' title='bbox 972 2588 1214 2642; x_wconf 84' lang='lat' dir='ltr'><strong>homines</strong></span> <span class='ocrx_word' id='word_1_321' title='bbox 1238 2588 1455 2641; x_wconf 48' lang='lat' dir='ltr'><strong>suosail</strong></span> <span class='ocrx_word' id='word_1_322' title='bbox 1486 2587 1630 2655; x_wconf 90' lang='lat' dir='ltr'><strong>ipsas</strong></span> <span class='ocrx_word' id='word_1_323' title='bbox 1656 2587 1786 2642; x_wconf 81' lang='lat' dir='ltr'><strong>civi-</strong></span> 
     </span>
    </p>
   </div>
   <div class='ocr_carea' id='block_1_43' title="bbox 205 2679 1783 2740">
    <p class='ocr_par' dir='ltr' id='par_1_43' title="bbox 205 2679 1783 2740">
     <span class='ocr_line' id='line_1_43' title="bbox 205 2679 1783 2740; baseline -0.006 0"><span class='ocrx_word' id='word_1_324' title='bbox 205 2693 342 2740; x_wconf 87' lang='lat' dir='ltr'><strong>tates</strong></span> <span class='ocrx_word' id='word_1_325' title='bbox 389 2682 801 2738; x_wconf 83' lang='lat' dir='ltr'><strong>custodiendum</strong></span> <span class='ocrx_word' id='word_1_326' title='bbox 846 2680 1068 2734; x_wconf 78' lang='lat' dir='ltr'><strong>dimisit.</strong></span> <span class='ocrx_word' id='word_1_327' title='bbox 1118 2679 1313 2733; x_wconf 92' lang='lat' dir='ltr'><strong>lterum</strong></span> <span class='ocrx_word' id='word_1_328' title='bbox 1353 2692 1419 2733; x_wconf 89' lang='lat' dir='ltr'><strong>eo</strong></span> <span class='ocrx_word' id='word_1_329' title='bbox 1471 2692 1613 2731; x_wconf 90' lang='lat' dir='ltr'><strong>anno</strong></span> <span class='ocrx_word' id='word_1_330' title='bbox 1662 2692 1783 2731; x_wconf 91' lang='lat' dir='ltr'><strong>cum</strong></span> 
     </span>
    </p>
   </div>
   <div class='ocr_carea' id='block_1_44' title="bbox 206 2768 1782 2842">
    <p class='ocr_par' dir='ltr' id='par_1_44' title="bbox 206 2768 1782 2842">
     <span class='ocr_line' id='line_1_44' title="bbox 206 2768 1782 2842; baseline -0.004 -13"><span class='ocrx_word' id='word_1_331' title='bbox 206 2774 351 2830; x_wconf 84' lang='lat' dir='ltr'><strong>omni</strong></span> <span class='ocrx_word' id='word_1_332' title='bbox 385 2771 1065 2842; x_wconf 24' lang='lat' dir='ltr'><strong>exercitusuovpra‘dictus</strong></span> <span class='ocrx_word' id='word_1_333' title='bbox 1106 2784 1199 2825; x_wconf 86' lang='lat' dir='ltr'><strong>rex</strong></span> <span class='ocrx_word' id='word_1_334' title='bbox 1230 2769 1486 2838; x_wconf 86' lang='lat' dir='ltr'><strong>Pippinus</strong></span> <span class='ocrx_word' id='word_1_335' title='bbox 1507 2769 1573 2822; x_wconf 90' lang='lat' dir='ltr'><strong>ad</strong></span> <span class='ocrx_word' id='word_1_336' title='bbox 1600 2768 1782 2824; x_wconf 89' lang='lat' dir='ltr'><strong>sedem</strong></span> 
     </span>
    </p>
   </div>
   <div class='ocr_carea' id='block_1_45' title="bbox 208 2867 883 2938">
    <p class='ocr_par' dir='ltr' id='par_1_45' title="bbox 208 2867 883 2938">
     <span class='ocr_line' id='line_1_45' title="bbox 208 2867 883 2938; baseline -0.009 -17"><span class='ocrx_word' id='word_1_337' title='bbox 208 2867 477 2938; x_wconf 81' lang='lat' dir='ltr'><strong>propriam</strong></span> <span class='ocrx_word' id='word_1_338' title='bbox 510 2880 764 2920; x_wconf 87' lang='lat' dir='ltr'><strong>reversus</strong></span> <span class='ocrx_word' id='word_1_339' title='bbox 780 2871 883 2917; x_wconf 69' lang='lat' dir='ltr'><strong>est.</strong></span> 
     </span>
    </p>
   </div>
   <div class='ocr_carea' id='block_1_46' title="bbox 264 2951 1782 3022">
    <p class='ocr_par' dir='ltr' id='par_1_46' title="bbox 264 2951 1782 3022">
     <span class='ocr_line' id='line_1_46' title="bbox 264 2951 1782 3022; baseline -0.007 -7"><span class='ocrx_word' id='word_1_340' title='bbox 264 2963 364 3015; x_wconf 75' lang='lat' dir='ltr'><strong>Au.</strong></span> <span class='ocrx_word' id='word_1_341' title='bbox 394 2974 701 3014; x_wconf 74' lang='lat' dir='ltr'><strong>nccr.xv.—</strong></span> <span class='ocrx_word' id='word_1_342' title='bbox 720 2955 935 3011; x_wconf 72' lang='lat' dir='ltr'><strong>CXXX.</strong></span> <span class='ocrx_word' id='word_1_343' title='bbox 964 2954 1158 3009; x_wconf 88' lang='lat' dir='ltr'><strong>lterum</strong></span> <span class='ocrx_word' id='word_1_344' title='bbox 1181 2951 1423 3022; x_wconf 88' lang='lat' dir='ltr'><strong>sequenti</strong></span> <span class='ocrx_word' id='word_1_345' title='bbox 1445 2966 1608 3018; x_wconf 92' lang='lat' dir='ltr'><strong>anno,</strong></span> <span class='ocrx_word' id='word_1_346' title='bbox 1638 2966 1782 3006; x_wconf 91' lang='lat' dir='ltr'><strong>com-</strong></span> 
     </span>
    </p>
   </div>
   <div class='ocr_carea' id='block_1_47' title="bbox 208 3044 1784 3115">
    <p class='ocr_par' dir='ltr' id='par_1_47' title="bbox 208 3044 1784 3115">
     <span class='ocr_line' id='line_1_47' title="bbox 208 3044 1784 3115; baseline -0.006 -6"><span class='ocrx_word' id='word_1_347' title='bbox 208 3063 351 3109; x_wconf 90' lang='lat' dir='ltr'><strong>moto</strong></span> <span class='ocrx_word' id='word_1_348' title='bbox 397 3054 544 3107; x_wconf 92' lang='lat' dir='ltr'><strong>omni</strong></span> <span class='ocrx_word' id='word_1_349' title='bbox 591 3052 832 3107; x_wconf 85' lang='lat' dir='ltr'><strong>exercitu</strong></span> <span class='ocrx_word' id='word_1_350' title='bbox 864 3050 1188 3104; x_wconf 83' lang='lat' dir='ltr'><strong>Francorum</strong></span> <span class='ocrx_word' id='word_1_351' title='bbox 1210 3090 1223 3113; x_wconf 95' lang='lat'><strong>,</strong></span> <span class='ocrx_word' id='word_1_352' title='bbox 1258 3060 1354 3115; x_wconf 91' lang='lat' dir='ltr'><strong>per</strong></span> <span class='ocrx_word' id='word_1_353' title='bbox 1381 3044 1610 3112; x_wconf 86' lang='lat' dir='ltr'><strong>Trecas,</strong></span> <span class='ocrx_word' id='word_1_354' title='bbox 1659 3044 1784 3099; x_wconf 87' lang='lat' dir='ltr'><strong>inde</strong></span> 
     </span>
    </p>
   </div>
   <div class='ocr_carea' id='block_1_48' title="bbox 1891 1850 3469 1923">
    <p class='ocr_par' dir='ltr' id='par_1_48' title="bbox 1891 1850 3469 1923">
     <span class='ocr_line' id='line_1_48' title="bbox 1891 1850 3469 1923; baseline 0.001 -18"><span class='ocrx_word' id='word_1_355' title='bbox 1891 1852 1954 1905; x_wconf 86' lang='lat' dir='ltr'><strong>ad</strong></span> <span class='ocrx_word' id='word_1_356' title='bbox 1992 1852 2374 1923; x_wconf 82' lang='lat' dir='ltr'><strong>Dencgontium</strong></span> <span class='ocrx_word' id='word_1_357' title='bbox 2414 1850 2588 1904; x_wconf 62' lang='lat' dir='ltr'><strong>l-cum</strong></span> <span class='ocrx_word' id='word_1_358' title='bbox 2634 1865 2828 1920; x_wconf 87' lang='lat' dir='ltr'><strong>magno</strong></span> <span class='ocrx_word' id='word_1_359' title='bbox 2867 1850 3104 1906; x_wconf 80' lang='lat' dir='ltr'><strong>exercitu</strong></span> <span class='ocrx_word' id='word_1_360' title='bbox 3146 1851 3469 1906; x_wconf 81' lang='lat' dir='ltr'><strong>Francorum</strong></span> 
     </span>
    </p>
   </div>
   <div class='ocr_carea' id='block_1_49' title="bbox 1889 1948 3471 2019">
    <p class='ocr_par' dir='ltr' id='par_1_49' title="bbox 1889 1948 3471 2019">
     <span class='ocr_line' id='line_1_49' title="bbox 1889 1948 3471 2019; baseline 0.002 -19"><span class='ocrx_word' id='word_1_361' title='bbox 1889 1949 1954 2001; x_wconf 88' lang='lat' dir='ltr'><strong>ad</strong></span> <span class='ocrx_word' id='word_1_362' title='bbox 1984 1948 2225 2018; x_wconf 81' lang='lat' dir='ltr'><strong>Ligerem</strong></span> <span class='ocrx_word' id='word_1_363' title='bbox 2253 1951 2472 2005; x_wconf 87' lang='lat' dir='ltr'><strong>veniens</strong></span> <span class='ocrx_word' id='word_1_364' title='bbox 2498 1989 2514 2011; x_wconf 94' lang='lat'><strong>,</strong></span> <span class='ocrx_word' id='word_1_365' title='bbox 2540 1950 2664 2003; x_wconf 91' lang='lat' dir='ltr'><strong>inde</strong></span> <span class='ocrx_word' id='word_1_366' title='bbox 2698 1965 2791 2015; x_wconf 91' lang='lat' dir='ltr'><strong>per</strong></span> <span class='ocrx_word' id='word_1_367' title='bbox 2813 1965 3003 2019; x_wconf 80' lang='lat' dir='ltr'><strong>pagum</strong></span> <span class='ocrx_word' id='word_1_368' title='bbox 3037 1949 3471 2018; x_wconf 79' lang='lat' dir='ltr'><strong>Augustudinen-</strong></span> 
     </span>
    </p>
   </div>
   <div class='ocr_carea' id='block_1_50' title="bbox 1889 2041 3463 2110">
    <p class='ocr_par' dir='ltr' id='par_1_50' title="bbox 1889 2041 3463 2110">
     <span class='ocr_line' id='line_1_50' title="bbox 1889 2041 3463 2110; baseline 0 -15"><span class='ocrx_word' id='word_1_369' title='bbox 1889 2041 2086 2095; x_wconf 88' lang='lat' dir='ltr'><strong>sem-ad</strong></span> <span class='ocrx_word' id='word_1_370' title='bbox 2112 2043 2378 2110; x_wconf 83' lang='lat' dir='ltr'><strong>propriam</strong></span> <span class='ocrx_word' id='word_1_371' title='bbox 2420 2042 2599 2098; x_wconf 87' lang='lat' dir='ltr'><strong>sedem</strong></span> <span class='ocrx_word' id='word_1_372' title='bbox 2632 2045 2889 2097; x_wconf 87' lang='lat' dir='ltr'><strong>remeavit</strong></span> <span class='ocrx_word' id='word_1_373' title='bbox 2916 2043 3146 2098; x_wconf 90' lang='lat' dir='ltr'><strong>invictus</strong></span> <span class='ocrx_word' id='word_1_374' title='bbox 3180 2047 3231 2097; x_wconf 88' lang='lat' dir='ltr'><strong>l.</strong></span> <span class='ocrx_word' id='word_1_375' title='bbox 3262 2042 3463 2099; x_wconf 77' lang='lat' dir='ltr'><strong>Walls-</strong></span> 
     </span>
    </p>
   </div>
   <div class='ocr_carea' id='block_1_51' title="bbox 1893 2132 3482 2203">
    <p class='ocr_par' dir='ltr' id='par_1_51' title="bbox 1893 2132 3482 2203">
     <span class='ocr_line' id='line_1_51' title="bbox 1893 2132 3482 2203; baseline 0.001 -16"><span class='ocrx_word' id='word_1_376' title='bbox 1893 2133 2004 2187; x_wconf 92' lang='lat' dir='ltr'><strong>rius</strong></span> <span class='ocrx_word' id='word_1_377' title='bbox 2030 2133 2346 2199; x_wconf 72' lang='lat' dir='ltr'><strong>legationem</strong></span> <span class='ocrx_word' id='word_1_378' title='bbox 2374 2132 2439 2185; x_wconf 86' lang='lat' dir='ltr'><strong>ad</strong></span> <span class='ocrx_word' id='word_1_379' title='bbox 2473 2133 2783 2199; x_wconf 71' lang='lat' dir='ltr'><strong>pra-dictum</strong></span> <span class='ocrx_word' id='word_1_380' title='bbox 2805 2148 2983 2201; x_wconf 82' lang='lat' dir='ltr'><strong>regem</strong></span> <span class='ocrx_word' id='word_1_381' title='bbox 3014 2134 3249 2197; x_wconf 84' lang='lat' dir='ltr'><strong>mittens,</strong></span> <span class='ocrx_word' id='word_1_382' title='bbox 3283 2142 3482 2203; x_wconf 69' lang='lat' dir='ltr'><strong>petens</strong></span> 
     </span>
    </p>
   </div>
   <div class='ocr_carea' id='block_1_52' title="bbox 1889 2224 3473 2295">
    <p class='ocr_par' dir='ltr' id='par_1_52' title="bbox 1889 2224 3473 2295">
     <span class='ocr_line' id='line_1_52' title="bbox 1889 2224 3473 2295; baseline -0.002 -14"><span class='ocrx_word' id='word_1_383' title='bbox 1889 2228 1940 2281; x_wconf 92' lang='lat' dir='ltr'><strong>ei</strong></span> <span class='ocrx_word' id='word_1_384' title='bbox 1985 2226 2128 2294; x_wconf 92' lang='lat' dir='ltr'><strong>quod</strong></span> <span class='ocrx_word' id='word_1_385' title='bbox 2177 2224 2447 2279; x_wconf 56' lang='lat' dir='ltr'><strong>Bitoricas»</strong></span> <span class='ocrx_word' id='word_1_386' title='bbox 2487 2232 2545 2279; x_wconf 91' lang='lat' dir='ltr'><strong>et</strong></span> <span class='ocrx_word' id='word_1_387' title='bbox 2593 2226 2826 2294; x_wconf 89' lang='lat' dir='ltr'><strong>reliquas</strong></span> <span class='ocrx_word' id='word_1_388' title='bbox 2873 2225 3120 2280; x_wconf 76' lang='lat' dir='ltr'><strong>civitates</strong></span> <span class='ocrx_word' id='word_1_389' title='bbox 3164 2225 3473 2295; x_wconf 55' lang='lat' dir='ltr'><strong>Aquitania}</strong></span> 
     </span>
    </p>
   </div>
   <div class='ocr_carea' id='block_1_53' title="bbox 1890 2320 3469 2391">
    <p class='ocr_par' dir='ltr' id='par_1_53' title="bbox 1890 2320 3469 2391">
     <span class='ocr_line' id='line_1_53' title="bbox 1890 2320 3469 2391; baseline 0.001 -19"><span class='ocrx_word' id='word_1_390' title='bbox 1890 2321 2176 2387; x_wconf 68' lang='lat' dir='ltr'><strong>provinciae</strong></span> <span class='ocrx_word' id='word_1_391' title='bbox 2200 2368 2214 2388; x_wconf 89' lang='lat'><strong>,</strong></span> <span class='ocrx_word' id='word_1_392' title='bbox 2254 2337 2384 2390; x_wconf 89' lang='lat' dir='ltr'><strong>quas</strong></span> <span class='ocrx_word' id='word_1_393' title='bbox 2406 2322 2474 2377; x_wconf 90' lang='lat' dir='ltr'><strong>de</strong></span> <span class='ocrx_word' id='word_1_394' title='bbox 2503 2337 2663 2376; x_wconf 90' lang='lat' dir='ltr'><strong>manu</strong></span> <span class='ocrx_word' id='word_1_395' title='bbox 2704 2321 2822 2391; x_wconf 73' lang='lat' dir='ltr'><strong>ejus</strong></span> <span class='ocrx_word' id='word_1_396' title='bbox 2860 2321 3140 2391; x_wconf 69' lang='lat' dir='ltr'><strong>pra-dictus</strong></span> <span class='ocrx_word' id='word_1_397' title='bbox 3166 2337 3259 2376; x_wconf 82' lang='lat' dir='ltr'><strong>rex</strong></span> <span class='ocrx_word' id='word_1_398' title='bbox 3289 2320 3469 2374; x_wconf 86' lang='lat' dir='ltr'><strong>abstu-</strong></span> 
     </span>
    </p>
   </div>
   <div class='ocr_carea' id='block_1_54' title="bbox 1890 2410 3481 2479">
    <p class='ocr_par' dir='ltr' id='par_1_54' title="bbox 1890 2410 3481 2479">
     <span class='ocr_line' id='line_1_54' title="bbox 1890 2410 3481 2479; baseline 0 -14"><span class='ocrx_word' id='word_1_399' title='bbox 1890 2412 2045 2473; x_wconf 62' lang='lat' dir='ltr'><strong>lerat,</strong></span> <span class='ocrx_word' id='word_1_400' title='bbox 2069 2413 2117 2465; x_wconf 86' lang='lat' dir='ltr'><strong>ei</strong></span> <span class='ocrx_word' id='word_1_401' title='bbox 2148 2412 2431 2477; x_wconf 87' lang='lat' dir='ltr'><strong>redderet,</strong></span> <span class='ocrx_word' id='word_1_402' title='bbox 2463 2422 2518 2465; x_wconf 92' lang='lat' dir='ltr'><strong>et</strong></span> <span class='ocrx_word' id='word_1_403' title='bbox 2549 2422 2729 2479; x_wconf 88' lang='lat' dir='ltr'><strong>postea</strong></span> <span class='ocrx_word' id='word_1_404' title='bbox 2764 2413 2909 2479; x_wconf 80' lang='lat' dir='ltr'><strong>ipsas</strong></span> <span class='ocrx_word' id='word_1_405' title='bbox 2938 2410 3228 2465; x_wconf 79' lang='lat' dir='ltr'><strong>Wailarius</strong></span> <span class='ocrx_word' id='word_1_406' title='bbox 3254 2410 3481 2465; x_wconf 74' lang='lat' dir='ltr'><strong>ditionis</strong></span> 
     </span>
    </p>
   </div>
   <div class='ocr_carea' id='block_1_55' title="bbox 1888 2500 3482 2572">
    <p class='ocr_par' dir='ltr' id='par_1_55' title="bbox 1888 2500 3482 2572">
     <span class='ocr_line' id='line_1_55' title="bbox 1888 2500 3482 2572; baseline 0.004 -20"><span class='ocrx_word' id='word_1_407' title='bbox 1888 2515 1998 2553; x_wconf 71' lang='lat' dir='ltr'><strong>suae</strong></span> <span class='ocrx_word' id='word_1_408' title='bbox 2028 2500 2221 2555; x_wconf 63' lang='lat' dir='ltr'><strong>fact-ret</strong></span> <span class='ocrx_word' id='word_1_409' title='bbox 2247 2519 2261 2567; x_wconf 91' lang='lat'><strong>;</strong></span> <span class='ocrx_word' id='word_1_410' title='bbox 2299 2503 2608 2556; x_wconf 70' lang='lat' dir='ltr'><strong>tributavt-l</strong></span> <span class='ocrx_word' id='word_1_411' title='bbox 2640 2518 2859 2557; x_wconf 86' lang='lat' dir='ltr'><strong>numera</strong></span> <span class='ocrx_word' id='word_1_412' title='bbox 2887 2546 2902 2569; x_wconf 91' lang='lat'><strong>,</strong></span> <span class='ocrx_word' id='word_1_413' title='bbox 2933 2518 3054 2572; x_wconf 64' lang='lat' dir='ltr'><strong>quae</strong></span> <span class='ocrx_word' id='word_1_414' title='bbox 3100 2511 3482 2558; x_wconf 76' lang='lat' dir='ltr'><strong>antecessores</strong></span> 
     </span>
    </p>
   </div>
   <div class='ocr_carea' id='block_1_56' title="bbox 1889 2589 3485 2663">
    <p class='ocr_par' dir='ltr' id='par_1_56' title="bbox 1889 2589 3485 2663">
     <span class='ocr_line' id='line_1_56' title="bbox 1889 2589 3485 2663; baseline 0.006 -22"><span class='ocrx_word' id='word_1_415' title='bbox 1889 2590 1969 2643; x_wconf 91' lang='lat' dir='ltr'><strong>sui</strong></span> <span class='ocrx_word' id='word_1_416' title='bbox 2000 2605 2154 2659; x_wconf 79' lang='lat' dir='ltr'><strong>reges</strong></span> <span class='ocrx_word' id='word_1_417' title='bbox 2178 2589 2507 2645; x_wconf 85' lang='lat' dir='ltr'><strong>Francorum</strong></span> <span class='ocrx_word' id='word_1_418' title='bbox 2532 2592 2599 2646; x_wconf 91' lang='lat' dir='ltr'><strong>de</strong></span> <span class='ocrx_word' id='word_1_419' title='bbox 2630 2592 2913 2661; x_wconf 88' lang='lat' dir='ltr'><strong>Aquitania</strong></span> <span class='ocrx_word' id='word_1_420' title='bbox 2950 2594 3161 2663; x_wconf 87' lang='lat' dir='ltr'><strong>provim</strong></span> <span class='ocrx_word' id='word_1_421' title='bbox 3176 2595 3225 2648; x_wconf 87' lang='lat' dir='ltr'><strong>ia</strong></span> <span class='ocrx_word' id='word_1_422' title='bbox 3258 2593 3485 2663; x_wconf 76' lang='lat' dir='ltr'><strong>exigere-</strong></span> 
     </span>
    </p>
   </div>
   <div class='ocr_carea' id='block_1_57' title="bbox 1889 2684 3477 2754">
    <p class='ocr_par' dir='ltr' id='par_1_57' title="bbox 1889 2684 3477 2754">
     <span class='ocr_line' id='line_1_57' title="bbox 1889 2684 3477 2754; baseline 0.004 -20"><span class='ocrx_word' id='word_1_423' title='bbox 1889 2693 2317 2745; x_wconf 83' lang='lat' dir='ltr'><strong>consueveraut,</strong></span> <span class='ocrx_word' id='word_1_424' title='bbox 2346 2684 2503 2736; x_wconf 90' lang='lat' dir='ltr'><strong>annis</strong></span> <span class='ocrx_word' id='word_1_425' title='bbox 2542 2684 2766 2753; x_wconf 79' lang='lat' dir='ltr'><strong>singuls</strong></span> <span class='ocrx_word' id='word_1_426' title='bbox 2801 2684 3039 2751; x_wconf 86' lang='lat' dir='ltr'><strong>partibus</strong></span> <span class='ocrx_word' id='word_1_427' title='bbox 3074 2685 3330 2754; x_wconf 64' lang='lat' dir='ltr'><strong>praedicto</strong></span> <span class='ocrx_word' id='word_1_428' title='bbox 3358 2685 3477 2753; x_wconf 71' lang='lat' dir='ltr'><strong>regi</strong></span> 
     </span>
    </p>
   </div>
   <div class='ocr_carea' id='block_1_58' title="bbox 1888 2773 3471 2844">
    <p class='ocr_par' dir='ltr' id='par_1_58' title="bbox 1888 2773 3471 2844">
     <span class='ocr_line' id='line_1_58' title="bbox 1888 2773 3471 2844; baseline 0.004 -17"><span class='ocrx_word' id='word_1_429' title='bbox 1888 2773 2114 2844; x_wconf 83' lang='lat' dir='ltr'><strong>Pippino</strong></span> <span class='ocrx_word' id='word_1_430' title='bbox 2140 2775 2351 2830; x_wconf 77' lang='lat' dir='ltr'><strong>Solvere</strong></span> <span class='ocrx_word' id='word_1_431' title='bbox 2381 2775 2621 2833; x_wconf 87' lang='lat' dir='ltr'><strong>deberet.</strong></span> <span class='ocrx_word' id='word_1_432' title='bbox 2669 2776 2771 2830; x_wconf 90' lang='lat' dir='ltr'><strong>Sed</strong></span> <span class='ocrx_word' id='word_1_433' title='bbox 2801 2776 2903 2831; x_wconf 83' lang='lat' dir='ltr'><strong>hoc</strong></span> <span class='ocrx_word' id='word_1_434' title='bbox 2932 2792 3025 2830; x_wconf 87' lang='lat' dir='ltr'><strong>rex</strong></span> <span class='ocrx_word' id='word_1_435' title='bbox 3058 2793 3152 2844; x_wconf 89' lang='lat' dir='ltr'><strong>per</strong></span> <span class='ocrx_word' id='word_1_436' title='bbox 3180 2778 3471 2833; x_wconf 82' lang='lat' dir='ltr'><strong>consilium</strong></span> 
     </span>
    </p>
   </div>
   <div class='ocr_carea' id='block_1_59' title="bbox 1887 2865 3470 2939">
    <p class='ocr_par' dir='ltr' id='par_1_59' title="bbox 1887 2865 3470 2939">
     <span class='ocr_line' id='line_1_59' title="bbox 1887 2865 3470 2939; baseline 0.004 -20"><span class='ocrx_word' id='word_1_437' title='bbox 1887 2866 2215 2922; x_wconf 83' lang='lat' dir='ltr'><strong>Francorum</strong></span> <span class='ocrx_word' id='word_1_438' title='bbox 2239 2865 2264 2905; x_wconf 77' lang='grc'><strong>¹¹</strong></span> <span class='ocrx_word' id='word_1_439' title='bbox 2293 2876 2349 2923; x_wconf 89' lang='lat' dir='ltr'><strong>et</strong></span> <span class='ocrx_word' id='word_1_440' title='bbox 2374 2884 2651 2935; x_wconf 85' lang='lat' dir='ltr'><strong>procerum</strong></span> <span class='ocrx_word' id='word_1_441' title='bbox 2678 2884 2896 2924; x_wconf 91' lang='lat' dir='ltr'><strong>suorum</strong></span> <span class='ocrx_word' id='word_1_442' title='bbox 2923 2868 3100 2924; x_wconf 78' lang='lat' dir='ltr'><strong>facere</strong></span> <span class='ocrx_word' id='word_1_443' title='bbox 3122 2870 3470 2939; x_wconf 82' lang='lat' dir='ltr'><strong>contempsit.</strong></span> 
     </span>
    </p>
   </div>
   <div class='ocr_carea' id='block_1_60' title="bbox 1956 2957 3470 3032">
    <p class='ocr_par' dir='ltr' id='par_1_60' title="bbox 1956 2957 3470 3032">
     <span class='ocr_line' id='line_1_60' title="bbox 1956 2957 3470 3032; baseline 0.002 -20"><span class='ocrx_word' id='word_1_444' title='bbox 1956 2959 2054 3012; x_wconf 73' lang='lat' dir='ltr'><strong>Aa.</strong></span> <span class='ocrx_word' id='word_1_445' title='bbox 2087 2973 2408 3013; x_wconf 66' lang='lat' dir='ltr'><strong>necuvu—</strong></span> <span class='ocrx_word' id='word_1_446' title='bbox 2427 2957 2662 3014; x_wconf 77' lang='lat' dir='ltr'><strong>CXXXI.</strong></span> <span class='ocrx_word' id='word_1_447' title='bbox 2691 2960 2916 3014; x_wconf 83' lang='lat' dir='ltr'><strong>Evoluto</strong></span> <span class='ocrx_word' id='word_1_448' title='bbox 2944 2960 3103 3032; x_wconf 82' lang='lat' dir='ltr'><strong>igitur</strong></span> <span class='ocrx_word' id='word_1_449' title='bbox 3140 2975 3302 3026; x_wconf 87' lang='lat' dir='ltr'><strong>anno,</strong></span> <span class='ocrx_word' id='word_1_450' title='bbox 3322 2976 3470 3015; x_wconf 84' lang='lat' dir='ltr'><strong>com-</strong></span> 
     </span>
    </p>
   </div>
   <div class='ocr_carea' id='block_1_61' title="bbox 1889 3051 3468 3121">
    <p class='ocr_par' dir='ltr' id='par_1_61' title="bbox 1889 3051 3468 3121">
     <span class='ocr_line' id='line_1_61' title="bbox 1889 3051 3468 3121; baseline 0.002 -17"><span class='ocrx_word' id='word_1_451' title='bbox 1889 3060 2037 3105; x_wconf 90' lang='lat' dir='ltr'><strong>moto</strong></span> <span class='ocrx_word' id='word_1_452' title='bbox 2087 3052 2234 3106; x_wconf 90' lang='lat' dir='ltr'><strong>omni</strong></span> <span class='ocrx_word' id='word_1_453' title='bbox 2263 3051 2499 3106; x_wconf 91' lang='lat' dir='ltr'><strong>exercitu</strong></span> <span class='ocrx_word' id='word_1_454' title='bbox 2547 3053 2871 3107; x_wconf 85' lang='lat' dir='ltr'><strong>Francorum</strong></span> <span class='ocrx_word' id='word_1_455' title='bbox 2893 3096 2908 3119; x_wconf 95' lang='lat'><strong>,</strong></span> <span class='ocrx_word' id='word_1_456' title='bbox 2943 3053 3027 3108; x_wconf 93' lang='lat' dir='ltr'><strong>vel</strong></span> <span class='ocrx_word' id='word_1_457' title='bbox 3059 3053 3342 3121; x_wconf 89' lang='lat' dir='ltr'><strong>plurimum</strong></span> <span class='ocrx_word' id='word_1_458' title='bbox 3371 3069 3468 3107; x_wconf 87' lang='lat' dir='ltr'><strong>na-</strong></span> 
     </span>
    </p>
   </div>
   <div class='ocr_carea' id='block_1_62' title="bbox 206 3136 1799 3214">
    <p class='ocr_par' dir='ltr' id='par_1_62' title="bbox 206 3136 1783 3208">
     <span class='ocr_line' id='line_1_62' title="bbox 206 3136 1783 3208; baseline -0.009 -8"><span class='ocrx_word' id='word_1_459' title='bbox 206 3144 601 3199; x_wconf 85' lang='lat' dir='ltr'><strong>Autisioderum</strong></span> <span class='ocrx_word' id='word_1_460' title='bbox 630 3182 645 3205; x_wconf 93' lang='lat'><strong>,</strong></span> <span class='ocrx_word' id='word_1_461' title='bbox 693 3138 974 3208; x_wconf 76' lang='lat' dir='ltr'><strong>usquead</strong></span> <span class='ocrx_word' id='word_1_462' title='bbox 1018 3136 1341 3192; x_wconf 82' lang='lat' dir='ltr'><strong>Nievernum</strong></span> <span class='ocrx_word' id='word_1_463' title='bbox 1374 3144 1399 3173; x_wconf 75' lang='grc' dir='ltr'><strong>ε</strong></span> <span class='ocrx_word' id='word_1_464' title='bbox 1431 3136 1615 3190; x_wconf 91' lang='lat' dir='ltr'><strong>urbem</strong></span> <span class='ocrx_word' id='word_1_465' title='bbox 1663 3149 1783 3189; x_wconf 90' lang='lat' dir='ltr'><strong>cum</strong></span> 
     </span>
    </p>
   </div>
   <div class='ocr_carea' id='block_1_63' title="bbox 1891 3136 3469 3214">
    <p class='ocr_par' dir='ltr' id='par_1_63' title="bbox 1894 3144 3469 3214">
     <span class='ocr_line' id='line_1_63' title="bbox 1894 3144 3469 3214; baseline 0.002 -17"><span class='ocrx_word' id='word_1_466' title='bbox 1894 3144 2117 3209; x_wconf 87' lang='lat' dir='ltr'><strong>tinuum,</strong></span> <span class='ocrx_word' id='word_1_467' title='bbox 2152 3160 2271 3211; x_wconf 72' lang='lat' dir='ltr'><strong>qua:</strong></span> <span class='ocrx_word' id='word_1_468' title='bbox 2299 3145 2352 3197; x_wconf 91' lang='lat' dir='ltr'><strong>in</strong></span> <span class='ocrx_word' id='word_1_469' title='bbox 2383 3158 2549 3213; x_wconf 87' lang='lat' dir='ltr'><strong>regno</strong></span> <span class='ocrx_word' id='word_1_470' title='bbox 2575 3159 2672 3197; x_wconf 90' lang='lat' dir='ltr'><strong>suo</strong></span> <span class='ocrx_word' id='word_1_471' title='bbox 2701 3145 3197 3214; x_wconf 87' lang='lat' dir='ltr'><strong>commorabantur,</strong></span> <span class='ocrx_word' id='word_1_472' title='bbox 3216 3159 3381 3214; x_wconf 86' lang='lat' dir='ltr'><strong>usque</strong></span> <span class='ocrx_word' id='word_1_473' title='bbox 3403 3144 3469 3200; x_wconf 89' lang='lat' dir='ltr'><strong>ad</strong></span> 
     </span>
    </p>
   </div>
   <div class='ocr_carea' id='block_1_64' title="bbox 208 3226 1782 3300">
    <p class='ocr_par' dir='ltr' id='par_1_64' title="bbox 208 3226 1782 3300">
     <span class='ocr_line' id='line_1_64' title="bbox 208 3226 1782 3300; baseline -0.005 -10"><span class='ocrx_word' id='word_1_474' title='bbox 208 3240 345 3292; x_wconf 91' lang='lat' dir='ltr'><strong>omni</strong></span> <span class='ocrx_word' id='word_1_475' title='bbox 379 3238 619 3293; x_wconf 83' lang='lat' dir='ltr'><strong>exercitu</strong></span> <span class='ocrx_word' id='word_1_476' title='bbox 647 3234 891 3299; x_wconf 89' lang='lat' dir='ltr'><strong>veniens,</strong></span> <span class='ocrx_word' id='word_1_477' title='bbox 924 3231 1103 3300; x_wconf 84' lang='lat' dir='ltr'><strong>ibique</strong></span> <span class='ocrx_word' id='word_1_478' title='bbox 1124 3245 1243 3284; x_wconf 91' lang='lat' dir='ltr'><strong>cum</strong></span> <span class='ocrx_word' id='word_1_479' title='bbox 1274 3226 1292 3266; x_wconf 70' lang='grc' dir='ltr'>ί</span> <span class='ocrx_word' id='word_1_480' title='bbox 1330 3228 1554 3283; x_wconf 89' lang='lat' dir='ltr'><strong>Francis</strong></span> <span class='ocrx_word' id='word_1_481' title='bbox 1575 3237 1630 3282; x_wconf 92' lang='lat' dir='ltr'><strong>et</strong></span> <span class='ocrx_word' id='word_1_482' title='bbox 1658 3242 1782 3297; x_wconf 90' lang='lat' dir='ltr'><strong>pro-</strong></span> 
     </span>
    </p>
   </div>
   <div class='ocr_carea' id='block_1_65' title="bbox 209 3320 1782 3396">
    <p class='ocr_par' dir='ltr' id='par_1_65' title="bbox 209 3320 1782 3396">
     <span class='ocr_line' id='line_1_65' title="bbox 209 3320 1782 3396; baseline -0.009 -11"><span class='ocrx_word' id='word_1_483' title='bbox 209 3332 421 3385; x_wconf 88' lang='lat' dir='ltr'><strong>ceribus</strong></span> <span class='ocrx_word' id='word_1_484' title='bbox 471 3329 584 3383; x_wconf 90' lang='lat' dir='ltr'><strong>suis</strong></span> <span class='ocrx_word' id='word_1_485' title='bbox 629 3327 885 3396; x_wconf 79' lang='lat' dir='ltr'><strong>placitum</strong></span> <span class='ocrx_word' id='word_1_486' title='bbox 938 3337 1093 3378; x_wconf 90' lang='lat' dir='ltr'><strong>suum</strong></span> <span class='ocrx_word' id='word_1_487' title='bbox 1147 3320 1349 3389; x_wconf 84' lang='lat' dir='ltr'><strong>Campo</strong></span> <span class='ocrx_word' id='word_1_488' title='bbox 1379 3320 1782 3375; x_wconf 82' lang='lat' dir='ltr'><strong>Madiotcnens.</strong></span> 
     </span>
    </p>
   </div>
   <div class='ocr_carea' id='block_1_66' title="bbox 209 3411 1785 3487">
    <p class='ocr_par' dir='ltr' id='par_1_66' title="bbox 209 3411 1785 3487">
     <span class='ocr_line' id='line_1_66' title="bbox 209 3411 1785 3487; baseline -0.006 -12"><span class='ocrx_word' id='word_1_489' title='bbox 209 3421 396 3475; x_wconf 86' lang='lat' dir='ltr'><strong>Postea</strong></span> <span class='ocrx_word' id='word_1_490' title='bbox 428 3420 616 3487; x_wconf 89' lang='lat' dir='ltr'><strong>Ligere</strong></span> <span class='ocrx_word' id='word_1_491' title='bbox 645 3423 936 3477; x_wconf 79' lang='lat' dir='ltr'><strong>transacto,</strong></span> <span class='ocrx_word' id='word_1_492' title='bbox 973 3411 1310 3483; x_wconf 87' lang='lat' dir='ltr'><strong>Aquitaniam</strong></span> <span class='ocrx_word' id='word_1_493' title='bbox 1340 3426 1585 3480; x_wconf 85' lang='lat' dir='ltr'><strong>pergens,</strong></span> <span class='ocrx_word' id='word_1_494' title='bbox 1619 3424 1785 3479; x_wconf 83' lang='lat' dir='ltr'><strong>uSque</strong></span> 
     </span>
    </p>
   </div>
   <div class='ocr_carea' id='block_1_67' title="bbox 209 3504 1782 3574">
    <p class='ocr_par' dir='ltr' id='par_1_67' title="bbox 209 3504 1782 3574">
     <span class='ocr_line' id='line_1_67' title="bbox 209 3504 1782 3574; baseline -0.005 -10"><span class='ocrx_word' id='word_1_495' title='bbox 209 3516 267 3566; x_wconf 84' lang='lat' dir='ltr'><strong>ad</strong></span> <span class='ocrx_word' id='word_1_496' title='bbox 301 3512 620 3567; x_wconf 89' lang='lat' dir='ltr'><strong>Lemodicas</strong></span> <span class='ocrx_word' id='word_1_497' title='bbox 666 3508 933 3569; x_wconf 80' lang='lat' dir='ltr'><strong>accessit,</strong></span> <span class='ocrx_word' id='word_1_498' title='bbox 986 3515 1148 3561; x_wconf 89' lang='lat' dir='ltr'><strong>totam</strong></span> <span class='ocrx_word' id='word_1_499' title='bbox 1184 3504 1455 3574; x_wconf 86' lang='lat' dir='ltr'><strong>regionem</strong></span> <span class='ocrx_word' id='word_1_500' title='bbox 1495 3505 1637 3557; x_wconf 92' lang='lat' dir='ltr'><strong>illam</strong></span> <span class='ocrx_word' id='word_1_501' title='bbox 1687 3519 1782 3557; x_wconf 86' lang='lat' dir='ltr'><strong>va-</strong></span> 
     </span>
    </p>
   </div>
   <div class='ocr_carea' id='block_1_68' title="bbox 208 3593 1780 3672">
    <p class='ocr_par' dir='ltr' id='par_1_68' title="bbox 208 3593 1780 3672">
     <span class='ocr_line' id='line_1_68' title="bbox 208 3593 1780 3672; baseline -0.007 -16"><span class='ocrx_word' id='word_1_502' title='bbox 208 3617 373 3672; x_wconf 80' lang='lat' dir='ltr'><strong>stans,</strong></span> <span class='ocrx_word' id='word_1_503' title='bbox 411 3603 564 3656; x_wconf 89' lang='lat' dir='ltr'><strong>villas</strong></span> <span class='ocrx_word' id='word_1_504' title='bbox 597 3600 832 3670; x_wconf 88' lang='lat' dir='ltr'><strong>publicas</strong></span> <span class='ocrx_word' id='word_1_505' title='bbox 858 3641 873 3665; x_wconf 92' lang='lat'><strong>,</strong></span> <span class='ocrx_word' id='word_1_506' title='bbox 909 3612 1025 3666; x_wconf 72' lang='lat' dir='ltr'><strong>qua:</strong></span> <span class='ocrx_word' id='word_1_507' title='bbox 1066 3595 1281 3649; x_wconf 84' lang='lat' dir='ltr'><strong>ditionis</strong></span> <span class='ocrx_word' id='word_1_508' title='bbox 1326 3593 1566 3647; x_wconf 84' lang='lat' dir='ltr'><strong>Waifarii</strong></span> <span class='ocrx_word' id='word_1_509' title='bbox 1606 3603 1780 3660; x_wconf 87' lang='lat' dir='ltr'><strong>erant,</strong></span> 
     </span>
    </p>
   </div>
   <div class='ocr_carea' id='block_1_69' title="bbox 210 3686 1784 3767">
    <p class='ocr_par' dir='ltr' id='par_1_69' title="bbox 210 3686 1784 3767">
     <span class='ocr_line' id='line_1_69' title="bbox 210 3686 1784 3767; baseline -0.008 -15"><span class='ocrx_word' id='word_1_510' title='bbox 210 3708 345 3752; x_wconf 89' lang='lat' dir='ltr'><strong>totas</strong></span> <span class='ocrx_word' id='word_1_511' title='bbox 379 3698 502 3767; x_wconf 84' lang='lat' dir='ltr'><strong>igne</strong></span> <span class='ocrx_word' id='word_1_512' title='bbox 545 3707 893 3749; x_wconf 86' lang='lat' dir='ltr'><strong>concremare</strong></span> <span class='ocrx_word' id='word_1_513' title='bbox 936 3690 1209 3761; x_wconf 65' lang='lat' dir='ltr'><strong>praecepit.</strong></span> <span class='ocrx_word' id='word_1_514' title='bbox 1257 3688 1388 3742; x_wconf 89' lang='lat' dir='ltr'><strong>Tota</strong></span> <span class='ocrx_word' id='word_1_515' title='bbox 1440 3687 1656 3754; x_wconf 83' lang='lat' dir='ltr'><strong>regione</strong></span> <span class='ocrx_word' id='word_1_516' title='bbox 1692 3686 1784 3740; x_wconf 87' lang='lat' dir='ltr'><strong>illa</strong></span> 
     </span>
    </p>
   </div>
   <div class='ocr_carea' id='block_1_70' title="bbox 208 3778 1786 3859">
    <p class='ocr_par' dir='ltr' id='par_1_70' title="bbox 208 3778 1786 3859">
     <span class='ocr_line' id='line_1_70' title="bbox 208 3778 1786 3859; baseline -0.006 -19"><span class='ocrx_word' id='word_1_517' title='bbox 208 3806 344 3859; x_wconf 83' lang='lat' dir='ltr'><strong>pene</strong></span> <span class='ocrx_word' id='word_1_518' title='bbox 373 3798 599 3851; x_wconf 89' lang='lat' dir='ltr'><strong>vastata,</strong></span> <span class='ocrx_word' id='word_1_519' title='bbox 630 3783 970 3839; x_wconf 90' lang='lat' dir='ltr'><strong>monasteriis</strong></span> <span class='ocrx_word' id='word_1_520' title='bbox 996 3780 1175 3835; x_wconf 89' lang='lat' dir='ltr'><strong>multis</strong></span> <span class='ocrx_word' id='word_1_521' title='bbox 1200 3778 1538 3848; x_wconf 87' lang='lat' dir='ltr'><strong>depopulatis</strong></span> <span class='ocrx_word' id='word_1_522' title='bbox 1564 3818 1580 3841; x_wconf 94' lang='lat'><strong>,</strong></span> <span class='ocrx_word' id='word_1_523' title='bbox 1616 3791 1786 3841; x_wconf 87' lang='lat' dir='ltr'><strong>usque</strong></span> 
     </span>
    </p>
   </div>
   <div class='ocr_carea' id='block_1_71' title="bbox 208 3868 1781 3937">
    <p class='ocr_par' dir='ltr' id='par_1_71' title="bbox 208 3868 1781 3937">
     <span class='ocr_line' id='line_1_71' title="bbox 208 3868 1781 3937; baseline -0.009 -3"><span class='ocrx_word' id='word_1_524' title='bbox 208 3878 566 3934; x_wconf 86' lang='lat' dir='ltr'><strong>Hisandonem</strong></span> <span class='ocrx_word' id='word_1_525' title='bbox 596 3885 628 3922; x_wconf 68' lang='grc' dir='ltr'><strong>ιι</strong></span> <span class='ocrx_word' id='word_1_526' title='bbox 649 3874 893 3937; x_wconf 91' lang='lat' dir='ltr'><strong>veniens,</strong></span> <span class='ocrx_word' id='word_1_527' title='bbox 919 3874 1061 3926; x_wconf 91' lang='lat' dir='ltr'><strong>unde</strong></span> <span class='ocrx_word' id='word_1_528' title='bbox 1084 3870 1367 3924; x_wconf 76' lang='lat' dir='ltr'><strong>maximam</strong></span> <span class='ocrx_word' id='word_1_529' title='bbox 1397 3878 1601 3936; x_wconf 87' lang='lat' dir='ltr'><strong>partem</strong></span> <span class='ocrx_word' id='word_1_530' title='bbox 1627 3868 1781 3937; x_wconf 91' lang='lat' dir='ltr'><strong>Aqui-</strong></span> 
     </span>
    </p>
   </div>
   <div class='ocr_carea' id='block_1_72' title="bbox 210 3960 1785 4037">
    <p class='ocr_par' dir='ltr' id='par_1_72' title="bbox 210 3960 1785 4037">
     <span class='ocr_line' id='line_1_72' title="bbox 210 3960 1785 4037; baseline -0.008 -13"><span class='ocrx_word' id='word_1_531' title='bbox 210 3971 390 4035; x_wconf 65' lang='lat' dir='ltr'><strong>taniae,</strong></span> <span class='ocrx_word' id='word_1_532' title='bbox 422 3968 514 4021; x_wconf 88' lang='lat' dir='ltr'><strong>ubi</strong></span> <span class='ocrx_word' id='word_1_533' title='bbox 546 3965 834 4037; x_wconf 90' lang='lat' dir='ltr'><strong>plurimum</strong></span> <span class='ocrx_word' id='word_1_534' title='bbox 866 3964 1145 4017; x_wconf 90' lang='lat' dir='ltr'><strong>vinearum</strong></span> <span class='ocrx_word' id='word_1_535' title='bbox 1172 3967 1289 4015; x_wconf 84' lang='lat' dir='ltr'><strong>erat</strong></span> <span class='ocrx_word' id='word_1_536' title='bbox 1308 4000 1322 4023; x_wconf 96' lang='lat'><strong>,</strong></span> <span class='ocrx_word' id='word_1_537' title='bbox 1349 3960 1492 4027; x_wconf 87' lang='lat' dir='ltr'><strong>cepit</strong></span> <span class='ocrx_word' id='word_1_538' title='bbox 1520 3973 1582 4012; x_wconf 89' lang='lat' dir='ltr'><strong>ac</strong></span> <span class='ocrx_word' id='word_1_539' title='bbox 1610 3968 1785 4012; x_wconf 84' lang='lat' dir='ltr'><strong>vasta-</strong></span> 
     </span>
    </p>
   </div>
   <div class='ocr_carea' id='block_1_73' title="bbox 276 4074 1783 4150">
    <p class='ocr_par' dir='ltr' id='par_1_73' title="bbox 276 4074 1783 4150">
     <span class='ocr_line' id='line_1_73' title="bbox 276 4074 1783 4150; baseline -0.007 -12"><span class='ocrx_word' id='word_1_540' title='bbox 276 4092 305 4121; x_wconf 80' lang='grc' dir='ltr'>ι</span> <span class='ocrx_word' id='word_1_541' title='bbox 345 4084 493 4137; x_wconf 88' lang='lat' dir='ltr'><strong>Alias</strong></span> <span class='ocrx_word' id='word_1_542' title='bbox 519 4080 974 4150; x_wconf 74' lang='lat' dir='ltr'><strong>Argentomagus,</strong></span> <span class='ocrx_word' id='word_1_543' title='bbox 1022 4074 1462 4150; x_wconf 43' lang='lat' dir='ltr'><strong>vulgojrgenton</strong></span> <span class='ocrx_word' id='word_1_544' title='bbox 1482 4114 1497 4137; x_wconf 92' lang='lat'><strong>,</strong></span> <span class='ocrx_word' id='word_1_545' title='bbox 1530 4074 1783 4150; x_wconf 84' lang='lat' dir='ltr'><strong>o_p_pi_d_um</strong></span> 
     </span>
    </p>
   </div>
   <div class='ocr_carea' id='block_1_74' title="bbox 209 4144 1783 4220">
    <p class='ocr_par' dir='ltr' id='par_1_74' title="bbox 209 4144 1783 4220">
     <span class='ocr_line' id='line_1_74' title="bbox 209 4144 1783 4220; baseline -0.004 -15"><span class='ocrx_word' id='word_1_546' title='bbox 209 4155 270 4207; x_wconf 83' lang='lat' dir='ltr'><strong>ad</strong></span> <span class='ocrx_word' id='word_1_547' title='bbox 299 4153 578 4208; x_wconf 80' lang='lat' dir='ltr'><strong>Crausiam</strong></span> <span class='ocrx_word' id='word_1_548' title='bbox 598 4144 694 4220; x_wconf 53' lang='lat' dir='ltr'><strong>&#39;(Ia</strong></span> <span class='ocrx_word' id='word_1_549' title='bbox 725 4144 960 4212; x_wconf 62' lang='lat' dir='ltr'><strong>Creusa),</strong></span> <span class='ocrx_word' id='word_1_550' title='bbox 1005 4144 1145 4215; x_wconf 88' lang='lat' dir='ltr'><strong>apud</strong></span> <span class='ocrx_word' id='word_1_551' title='bbox 1184 4146 1477 4214; x_wconf 84' lang='lat' dir='ltr'><strong>Bituriges,</strong></span> <span class='ocrx_word' id='word_1_552' title='bbox 1518 4144 1783 4220; x_wconf 41' lang='lat' dir='ltr'><strong>ubiUMar-</strong></span> 
     </span>
    </p>
   </div>
   <div class='ocr_carea' id='block_1_75' title="bbox 208 4216 1787 4288">
    <p class='ocr_par' dir='ltr' id='par_1_75' title="bbox 208 4216 1787 4288">
     <span class='ocr_line' id='line_1_75' title="bbox 208 4216 1787 4288; baseline -0.006 -11"><span class='ocrx_word' id='word_1_553' title='bbox 208 4228 374 4279; x_wconf 83' lang='lat' dir='ltr'><strong>cellus</strong></span> <span class='ocrx_word' id='word_1_554' title='bbox 402 4236 455 4278; x_wconf 87' lang='lat' dir='ltr'><strong>et</strong></span> <span class='ocrx_word' id='word_1_555' title='bbox 484 4216 798 4276; x_wconf 76' lang='lat' dir='ltr'><strong>Anastasius</strong></span> <span class='ocrx_word' id='word_1_556' title='bbox 828 4220 1140 4288; x_wconf 85' lang='lat' dir='ltr'><strong>martyrium</strong></span> <span class='ocrx_word' id='word_1_557' title='bbox 1173 4230 1576 4288; x_wconf 74' lang='lat' dir='ltr'><strong>consummasse</strong></span> <span class='ocrx_word' id='word_1_558' title='bbox 1597 4216 1787 4288; x_wconf 82' lang='lat' dir='ltr'><strong>dicun-</strong></span> 
     </span>
    </p>
   </div>
   <div class='ocr_carea' id='block_1_76' title="bbox 209 4286 1784 4360">
    <p class='ocr_par' dir='ltr' id='par_1_76' title="bbox 209 4286 1784 4360">
     <span class='ocr_line' id='line_1_76' title="bbox 209 4286 1784 4360; baseline -0.003 -13"><span class='ocrx_word' id='word_1_559' title='bbox 209 4304 291 4349; x_wconf 88' lang='lat' dir='ltr'><strong>tur</strong></span> <span class='ocrx_word' id='word_1_560' title='bbox 318 4296 459 4360; x_wconf 89' lang='lat' dir='ltr'><strong>apud</strong></span> <span class='ocrx_word' id='word_1_561' title='bbox 486 4294 785 4349; x_wconf 86' lang='lat' dir='ltr'><strong>Usuardum</strong></span> <span class='ocrx_word' id='word_1_562' title='bbox 816 4302 869 4345; x_wconf 90' lang='lat' dir='ltr'><strong>et</strong></span> <span class='ocrx_word' id='word_1_563' title='bbox 905 4286 1369 4359; x_wconf 27' lang='lat' dir='ltr'><strong>in‘Martyrologio</strong></span> <span class='ocrx_word' id='word_1_564' title='bbox 1401 4286 1662 4353; x_wconf 83' lang='lat' dir='ltr'><strong>Romano,</strong></span> <span class='ocrx_word' id='word_1_565' title='bbox 1695 4286 1784 4343; x_wconf 90' lang='lat' dir='ltr'><strong>die</strong></span> 
     </span>
    </p>
   </div>
   <div class='ocr_carea' id='block_1_77' title="bbox 205 4365 467 4420">
    <p class='ocr_par' dir='ltr' id='par_1_77' title="bbox 205 4365 467 4420">
     <span class='ocr_line' id='line_1_77' title="bbox 205 4365 467 4420; baseline -0.011 0"><span class='ocrx_word' id='word_1_566' title='bbox 205 4368 271 4420; x_wconf 73' lang='lat'><strong>9.9</strong></span> <span class='ocrx_word' id='word_1_567' title='bbox 299 4365 467 4420; x_wconf 84' lang='lat' dir='ltr'><strong>Junii.</strong></span> 
     </span>
    </p>
   </div>
   <div class='ocr_carea' id='block_1_78' title="bbox 277 4432 1121 4502">
    <p class='ocr_par' dir='ltr' id='par_1_78' title="bbox 277 4432 1121 4502">
     <span class='ocr_line' id='line_1_78' title="bbox 277 4432 1121 4502; baseline -0.008 -12"><span class='ocrx_word' id='word_1_568' title='bbox 277 4436 303 4475; x_wconf 72' lang='grc' dir='ltr'><strong>ι’</strong></span> <span class='ocrx_word' id='word_1_569' title='bbox 346 4435 513 4502; x_wconf 81' lang='lat' dir='ltr'><strong>Editi,</strong></span> <span class='ocrx_word' id='word_1_570' title='bbox 547 4450 663 4488; x_wconf 83' lang='lat' dir='ltr'><strong>cum</strong></span> <span class='ocrx_word' id='word_1_571' title='bbox 685 4434 755 4487; x_wconf 83' lang='lat' dir='ltr'><strong>eis</strong></span> <span class='ocrx_word' id='word_1_572' title='bbox 780 4432 1121 4485; x_wconf 77' lang='lat' dir='ltr'><strong>medietatem.</strong></span> 
     </span>
    </p>
   </div>
   <div class='ocr_carea' id='block_1_79' title="bbox 1886 3233 3469 3306">
    <p class='ocr_par' dir='ltr' id='par_1_79' title="bbox 1886 3233 3469 3306">
     <span class='ocr_line' id='line_1_79' title="bbox 1886 3233 3469 3306; baseline 0.003 -19"><span class='ocrx_word' id='word_1_573' title='bbox 1886 3234 2188 3288; x_wconf 85' lang='lat' dir='ltr'><strong>Aurelianis</strong></span> <span class='ocrx_word' id='word_1_574' title='bbox 2236 3233 2453 3287; x_wconf 91' lang='lat' dir='ltr'><strong>veniens</strong></span> <span class='ocrx_word' id='word_1_575' title='bbox 2478 3275 2492 3298; x_wconf 92' lang='lat'><strong>,</strong></span> <span class='ocrx_word' id='word_1_576' title='bbox 2544 3233 2615 3288; x_wconf 90' lang='lat' dir='ltr'><strong>ibi</strong></span> <span class='ocrx_word' id='word_1_577' title='bbox 2648 3235 2901 3303; x_wconf 89' lang='lat' dir='ltr'><strong>placitum</strong></span> <span class='ocrx_word' id='word_1_578' title='bbox 2948 3250 3101 3290; x_wconf 87' lang='lat' dir='ltr'><strong>suum</strong></span> <span class='ocrx_word' id='word_1_579' title='bbox 3130 3237 3332 3306; x_wconf 86' lang='lat' dir='ltr'><strong>Campo</strong></span> <span class='ocrx_word' id='word_1_580' title='bbox 3359 3236 3469 3291; x_wconf 81' lang='lat' dir='ltr'><strong>Ma-</strong></span> 
     </span>
    </p>
   </div>
   <div class='ocr_carea' id='block_1_80' title="bbox 1885 3320 3470 3393">
    <p class='ocr_par' dir='ltr' id='par_1_80' title="bbox 1885 3320 3470 3393">
     <span class='ocr_line' id='line_1_80' title="bbox 1885 3320 3470 3393; baseline 0.004 -17"><span class='ocrx_word' id='word_1_581' title='bbox 1885 3324 1975 3378; x_wconf 89' lang='lat' dir='ltr'><strong>dio</strong></span> <span class='ocrx_word' id='word_1_582' title='bbox 2005 3320 2024 3361; x_wconf 79' lang='lat'>1</span> <span class='ocrx_word' id='word_1_583' title='bbox 2063 3339 2159 3391; x_wconf 92' lang='lat' dir='ltr'><strong>pro</strong></span> <span class='ocrx_word' id='word_1_584' title='bbox 2186 3324 2418 3378; x_wconf 72' lang='lat' dir='ltr'><strong>utilitate</strong></span> <span class='ocrx_word' id='word_1_585' title='bbox 2452 3324 2781 3381; x_wconf 82' lang='lat' dir='ltr'><strong>Francorum</strong></span> <span class='ocrx_word' id='word_1_586' title='bbox 2813 3326 3063 3391; x_wconf 89' lang='lat' dir='ltr'><strong>instituit,</strong></span> <span class='ocrx_word' id='word_1_587' title='bbox 3094 3337 3300 3393; x_wconf 88' lang='lat' dir='ltr'><strong>tenens,</strong></span> <span class='ocrx_word' id='word_1_588' title='bbox 3334 3329 3470 3382; x_wconf 91' lang='lat' dir='ltr'><strong>mul-</strong></span> 
     </span>
    </p>
   </div>
   <div class='ocr_carea' id='block_1_81' title="bbox 1887 3413 3469 3488">
    <p class='ocr_par' dir='ltr' id='par_1_81' title="bbox 1887 3413 3469 3488">
     <span class='ocr_line' id='line_1_81' title="bbox 1887 3413 3469 3488; baseline 0.008 -24"><span class='ocrx_word' id='word_1_589' title='bbox 1887 3413 1955 3467; x_wconf 89' lang='lat' dir='ltr'><strong>tis</strong></span> <span class='ocrx_word' id='word_1_590' title='bbox 2005 3415 2311 3469; x_wconf 89' lang='lat' dir='ltr'><strong>muneribus</strong></span> <span class='ocrx_word' id='word_1_591' title='bbox 2356 3430 2384 3467; x_wconf 89' lang='lat' dir='ltr'><strong>a</strong></span> <span class='ocrx_word' id='word_1_592' title='bbox 2434 3415 2657 3470; x_wconf 86' lang='lat' dir='ltr'><strong>Francis</strong></span> <span class='ocrx_word' id='word_1_593' title='bbox 2686 3426 2743 3472; x_wconf 90' lang='lat' dir='ltr'><strong>et</strong></span> <span class='ocrx_word' id='word_1_594' title='bbox 2789 3419 3102 3488; x_wconf 88' lang='lat' dir='ltr'><strong>proceribus</strong></span> <span class='ocrx_word' id='word_1_595' title='bbox 3131 3420 3242 3474; x_wconf 87' lang='lat' dir='ltr'><strong>suis</strong></span> <span class='ocrx_word' id='word_1_596' title='bbox 3270 3419 3469 3476; x_wconf 88' lang='lat' dir='ltr'><strong>ditatus</strong></span> 
     </span>
    </p>
   </div>
   <div class='ocr_carea' id='block_1_82' title="bbox 1885 3507 3471 3580">
    <p class='ocr_par' dir='ltr' id='par_1_82' title="bbox 1885 3507 3471 3580">
     <span class='ocr_line' id='line_1_82' title="bbox 1885 3507 3471 3580; baseline 0.001 -19"><span class='ocrx_word' id='word_1_597' title='bbox 1885 3516 1986 3561; x_wconf 92' lang='lat' dir='ltr'><strong>est.</strong></span> <span class='ocrx_word' id='word_1_598' title='bbox 2015 3507 2213 3561; x_wconf 88' lang='lat' dir='ltr'><strong>lterum</strong></span> <span class='ocrx_word' id='word_1_599' title='bbox 2246 3507 2435 3577; x_wconf 82' lang='lat' dir='ltr'><strong>Ligere</strong></span> <span class='ocrx_word' id='word_1_600' title='bbox 2469 3517 2759 3572; x_wconf 87' lang='lat' dir='ltr'><strong>transacto,</strong></span> <span class='ocrx_word' id='word_1_601' title='bbox 2792 3518 2956 3563; x_wconf 88' lang='lat' dir='ltr'><strong>totam</strong></span> <span class='ocrx_word' id='word_1_602' title='bbox 2983 3510 3321 3580; x_wconf 85' lang='lat' dir='ltr'><strong>Aquitaniam</strong></span> <span class='ocrx_word' id='word_1_603' title='bbox 3349 3526 3471 3580; x_wconf 83' lang='lat' dir='ltr'><strong>per-</strong></span> 
     </span>
    </p>
   </div>
   <div class='ocr_carea' id='block_1_83' title="bbox 1886 3597 3467 3669">
    <p class='ocr_par' dir='ltr' id='par_1_83' title="bbox 1886 3597 3467 3669">
     <span class='ocr_line' id='line_1_83' title="bbox 1886 3597 3467 3669; baseline 0.006 -20"><span class='ocrx_word' id='word_1_604' title='bbox 1886 3611 2050 3666; x_wconf 85' lang='lat' dir='ltr'><strong>gens,</strong></span> <span class='ocrx_word' id='word_1_605' title='bbox 2101 3613 2269 3666; x_wconf 90' lang='lat' dir='ltr'><strong>usque</strong></span> <span class='ocrx_word' id='word_1_606' title='bbox 2316 3597 2381 3650; x_wconf 91' lang='lat' dir='ltr'><strong>ad</strong></span> <span class='ocrx_word' id='word_1_607' title='bbox 2417 3600 2682 3668; x_wconf 72' lang='lat' dir='ltr'><strong>Aginnum</strong></span> <span class='ocrx_word' id='word_1_608' title='bbox 2716 3599 2969 3665; x_wconf 86' lang='lat' dir='ltr'><strong>veniens,</strong></span> <span class='ocrx_word' id='word_1_609' title='bbox 3000 3610 3163 3655; x_wconf 89' lang='lat' dir='ltr'><strong>totam</strong></span> <span class='ocrx_word' id='word_1_610' title='bbox 3196 3603 3467 3669; x_wconf 81' lang='lat' dir='ltr'><strong>regionem</strong></span> 
     </span>
    </p>
   </div>
   <div class='ocr_carea' id='block_1_84' title="bbox 1888 3690 3468 3759">
    <p class='ocr_par' dir='ltr' id='par_1_84' title="bbox 1888 3690 3468 3759">
     <span class='ocr_line' id='line_1_84' title="bbox 1888 3690 3468 3759; baseline 0.004 -16"><span class='ocrx_word' id='word_1_611' title='bbox 1888 3691 2031 3743; x_wconf 91' lang='lat' dir='ltr'><strong>illam</strong></span> <span class='ocrx_word' id='word_1_612' title='bbox 2064 3690 2381 3746; x_wconf 90' lang='lat' dir='ltr'><strong>devastavit.</strong></span> <span class='ocrx_word' id='word_1_613' title='bbox 2418 3691 2674 3747; x_wconf 68' lang='lat' dir='ltr'><strong>Videntcs</strong></span> <span class='ocrx_word' id='word_1_614' title='bbox 2708 3701 2816 3746; x_wconf 90' lang='lat' dir='ltr'><strong>tam</strong></span> <span class='ocrx_word' id='word_1_615' title='bbox 2850 3692 3144 3748; x_wconf 85' lang='lat' dir='ltr'><strong>Wascones</strong></span> <span class='ocrx_word' id='word_1_616' title='bbox 3170 3709 3325 3759; x_wconf 88' lang='lat' dir='ltr'><strong>quam</strong></span> <span class='ocrx_word' id='word_1_617' title='bbox 3354 3710 3468 3749; x_wconf 88' lang='lat' dir='ltr'><strong>ma-</strong></span> 
     </span>
    </p>
   </div>
   <div class='ocr_carea' id='block_1_85' title="bbox 1881 3770 3467 3854">
    <p class='ocr_par' dir='ltr' id='par_1_85' title="bbox 1881 3770 3467 3854">
     <span class='ocr_line' id='line_1_85' title="bbox 1881 3770 3467 3854; baseline 0.002 -18"><span class='ocrx_word' id='word_1_618' title='bbox 1881 3781 2029 3852; x_wconf 90' lang='lat' dir='ltr'><strong>jores</strong></span> <span class='ocrx_word' id='word_1_619' title='bbox 2070 3792 2195 3836; x_wconf 91' lang='lat' dir='ltr'><strong>natu</strong></span> <span class='ocrx_word' id='word_1_620' title='bbox 2225 3770 2526 3851; x_wconf 70' lang='lat' dir='ltr'><strong>Aquitaniae</strong></span> <span class='ocrx_word' id='word_1_621' title='bbox 2549 3823 2566 3847; x_wconf 91' lang='lat'><strong>,</strong></span> <span class='ocrx_word' id='word_1_622' title='bbox 2614 3785 2934 3839; x_wconf 83' lang='lat' dir='ltr'><strong>necessitate</strong></span> <span class='ocrx_word' id='word_1_623' title='bbox 2961 3784 3222 3851; x_wconf 88' lang='lat' dir='ltr'><strong>compulsi</strong></span> <span class='ocrx_word' id='word_1_624' title='bbox 3254 3784 3467 3854; x_wconf 91' lang='lat' dir='ltr'><strong>plurimi</strong></span> 
     </span>
    </p>
   </div>
   <div class='ocr_carea' id='block_1_86' title="bbox 1886 3874 3464 3940">
    <p class='ocr_par' dir='ltr' id='par_1_86' title="bbox 1886 3874 3464 3940">
     <span class='ocr_line' id='line_1_86' title="bbox 1886 3874 3464 3940; baseline 0.001 -12"><span class='ocrx_word' id='word_1_625' title='bbox 1886 3874 1952 3928; x_wconf 91' lang='lat' dir='ltr'><strong>ad</strong></span> <span class='ocrx_word' id='word_1_626' title='bbox 1979 3888 2103 3928; x_wconf 91' lang='lat' dir='ltr'><strong>eum</strong></span> <span class='ocrx_word' id='word_1_627' title='bbox 2136 3884 2439 3940; x_wconf 88' lang='lat' dir='ltr'><strong>venerunt,</strong></span> <span class='ocrx_word' id='word_1_628' title='bbox 2488 3883 2825 3929; x_wconf 89' lang='lat' dir='ltr'><strong>sacramenta</strong></span> <span class='ocrx_word' id='word_1_629' title='bbox 2869 3875 2934 3930; x_wconf 91' lang='lat' dir='ltr'><strong>ad</strong></span> <span class='ocrx_word' id='word_1_630' title='bbox 2983 3892 3104 3929; x_wconf 89' lang='lat' dir='ltr'><strong>eum</strong></span> <span class='ocrx_word' id='word_1_631' title='bbox 3135 3876 3329 3931; x_wconf 91' lang='lat' dir='ltr'><strong>ibidem</strong></span> <span class='ocrx_word' id='word_1_632' title='bbox 3370 3879 3464 3930; x_wconf 89' lang='lat' dir='ltr'><strong>do-</strong></span> 
     </span>
    </p>
   </div>
   <div class='ocr_carea' id='block_1_87' title="bbox 1887 3965 3460 4037">
    <p class='ocr_par' dir='ltr' id='par_1_87' title="bbox 1887 3965 3460 4037">
     <span class='ocr_line' id='line_1_87' title="bbox 1887 3965 3460 4037; baseline 0.003 -19"><span class='ocrx_word' id='word_1_633' title='bbox 1887 3975 2044 4029; x_wconf 89' lang='lat' dir='ltr'><strong>nant,</strong></span> <span class='ocrx_word' id='word_1_634' title='bbox 2073 3973 2127 4019; x_wconf 91' lang='lat' dir='ltr'><strong>et</strong></span> <span class='ocrx_word' id='word_1_635' title='bbox 2153 3979 2212 4019; x_wconf 89' lang='lat' dir='ltr'><strong>se</strong></span> <span class='ocrx_word' id='word_1_636' title='bbox 2262 3965 2481 4019; x_wconf 89' lang='lat' dir='ltr'><strong>ditionis</strong></span> <span class='ocrx_word' id='word_1_637' title='bbox 2507 3980 2620 4020; x_wconf 71' lang='lat' dir='ltr'><strong>sua:</strong></span> <span class='ocrx_word' id='word_1_638' title='bbox 2644 3965 2872 4021; x_wconf 86' lang='lat' dir='ltr'><strong>faciunt.</strong></span> <span class='ocrx_word' id='word_1_639' title='bbox 2900 3969 2973 4021; x_wconf 88' lang='lat' dir='ltr'><strong>lla</strong></span> <span class='ocrx_word' id='word_1_640' title='bbox 3003 3970 3146 4021; x_wconf 87' lang='lat' dir='ltr'><strong>omni</strong></span> <span class='ocrx_word' id='word_1_641' title='bbox 3180 3970 3460 4037; x_wconf 84' lang='lat' dir='ltr'><strong>Aquitania</strong></span> 
     </span>
    </p>
   </div>
   <div class='ocr_carea' id='block_1_88' title="bbox 1887 4078 3460 4150">
    <p class='ocr_par' dir='ltr' id='par_1_88' title="bbox 1887 4078 3460 4150">
     <span class='ocr_line' id='line_1_88' title="bbox 1887 4078 3460 4150; baseline 0.003 -18"><span class='ocrx_word' id='word_1_642' title='bbox 1887 4078 2119 4133; x_wconf 87' lang='lat' dir='ltr'><strong>Annales</strong></span> <span class='ocrx_word' id='word_1_643' title='bbox 2141 4079 2428 4150; x_wconf 79' lang='lat' dir='ltr'><strong>Mettenses</strong></span> <span class='ocrx_word' id='word_1_644' title='bbox 2461 4080 2783 4148; x_wconf 81' lang='lat' dir='ltr'><strong>colloquium</strong></span> <span class='ocrx_word' id='word_1_645' title='bbox 2815 4096 2998 4135; x_wconf 89' lang='lat' dir='ltr'><strong>mense</strong></span> <span class='ocrx_word' id='word_1_646' title='bbox 3038 4084 3273 4150; x_wconf 86' lang='lat' dir='ltr'><strong>Augusto</strong></span> <span class='ocrx_word' id='word_1_647' title='bbox 3308 4082 3460 4136; x_wconf 85' lang='lat' dir='ltr'><strong>habi-</strong></span> 
     </span>
    </p>
   </div>
   <div class='ocr_carea' id='block_1_89' title="bbox 1887 4149 3491 4221">
    <p class='ocr_par' dir='ltr' id='par_1_89' title="bbox 1887 4149 3491 4221">
     <span class='ocr_line' id='line_1_89' title="bbox 1887 4149 3491 4221; baseline 0.003 -20"><span class='ocrx_word' id='word_1_648' title='bbox 1887 4158 1997 4203; x_wconf 91' lang='lat' dir='ltr'><strong>tum</strong></span> <span class='ocrx_word' id='word_1_649' title='bbox 2030 4165 2119 4203; x_wconf 90' lang='lat' dir='ltr'><strong>an.</strong></span> <span class='ocrx_word' id='word_1_650' title='bbox 2153 4150 2254 4205; x_wconf 84' lang='lat'><strong>567</strong></span> <span class='ocrx_word' id='word_1_651' title='bbox 2283 4149 2530 4219; x_wconf 71' lang='lat' dir='ltr'><strong>Campum</strong></span> <span class='ocrx_word' id='word_1_652' title='bbox 2562 4150 2721 4221; x_wconf 75' lang='lat' dir='ltr'><strong>Magn&quot;</strong></span> <span class='ocrx_word' id='word_1_653' title='bbox 2742 4152 3032 4219; x_wconf 85' lang='lat' dir='ltr'><strong>appellant,</strong></span> <span class='ocrx_word' id='word_1_654' title='bbox 3064 4149 3185 4206; x_wconf 81' lang='lat' dir='ltr'><strong>licet</strong></span> <span class='ocrx_word' id='word_1_655' title='bbox 3217 4153 3318 4206; x_wconf 89' lang='lat' dir='ltr'><strong>hoc</strong></span> <span class='ocrx_word' id='word_1_656' title='bbox 3342 4154 3491 4219; x_wconf 83' lang='lat' dir='ltr'><strong>ipso-</strong></span> 
     </span>
    </p>
   </div>
   <div class='ocr_carea' id='block_1_90' title="bbox 1885 4222 3459 4344">
    <p class='ocr_par' dir='ltr' id='par_1_90' title="bbox 1885 4222 3459 4344">
     <span class='ocr_line' id='line_1_90' title="bbox 1885 4222 3459 4344; baseline 0.004 -72"><span class='ocrx_word' id='word_1_657' title='bbox 1885 4236 2026 4344; x_wconf 56' lang='lat' dir='ltr'><strong>anu?</strong></span> <span class='ocrx_word' id='word_1_658' title='bbox 2051 4232 2342 4302; x_wconf 75' lang='lat' dir='ltr'><strong>conventus</strong></span> <span class='ocrx_word' id='word_1_659' title='bbox 2369 4222 2622 4276; x_wconf 85' lang='lat' dir='ltr'><strong>solemnis</strong></span> <span class='ocrx_word' id='word_1_660' title='bbox 2670 4236 2728 4277; x_wconf 88' lang='lat' dir='ltr'><strong>re</strong></span> <span class='ocrx_word' id='word_1_661' title='bbox 2767 4223 2882 4291; x_wconf 90' lang='lat' dir='ltr'><strong>ipsa</strong></span> <span class='ocrx_word' id='word_1_662' title='bbox 2927 4237 3112 4278; x_wconf 83' lang='lat' dir='ltr'><strong>mense</strong></span> <span class='ocrx_word' id='word_1_663' title='bbox 3138 4222 3276 4278; x_wconf 73' lang='lat' dir='ltr'><strong>Maio</strong></span> <span class='ocrx_word' id='word_1_664' title='bbox 3309 4223 3459 4279; x_wconf 80' lang='lat' dir='ltr'><strong>habi-</strong></span> 
     </span>
     <span class='ocr_line' id='line_1_91' title="bbox 1888 4302 2211 4344; baseline 0 0"><span class='ocrx_word' id='word_1_665' title='bbox 1888 4302 1973 4344; x_wconf 76' lang='grc'><strong>1115</strong></span> <span class='ocrx_word' id='word_1_666' title='bbox 2025 4303 2211 4344; x_wconf 84' lang='lat' dir='ltr'><strong>uisset.</strong></span> 
     </span>
    </p>
   </div>
   <div class='ocr_carea' id='block_1_91' title="bbox 1888 4302 2211 4347">
    <p class='ocr_par' dir='ltr' id='par_1_91' title="bbox 1888 4302 2211 4347">
     <span class='ocr_line' id='line_1_92' title="bbox 1888 4302 2211 4347; baseline -0.006 0"><span class='ocrx_word' id='word_1_667' title='bbox 1888 4302 1973 4347; x_wconf 82' lang='lat' dir='ltr'><strong>tus</strong></span> <span class='ocrx_word' id='word_1_668' title='bbox 2004 4302 2211 4347; x_wconf 80' lang='lat' dir='ltr'><strong>luisset.</strong></span> 
     </span>
    </p>
   </div>
   <div class='ocr_carea' id='block_1_92' title="bbox 1959 4360 3461 4429">
    <p class='ocr_par' dir='ltr' id='par_1_92' title="bbox 1959 4360 3461 4429">
     <span class='ocr_line' id='line_1_93' title="bbox 1959 4360 3461 4429; baseline 0.003 -14"><span class='ocrx_word' id='word_1_669' title='bbox 1959 4371 1984 4409; x_wconf 77' lang='lat'><strong>8</strong></span> <span class='ocrx_word' id='word_1_670' title='bbox 2025 4364 2180 4426; x_wconf 68' lang='lat' dir='ltr'><strong>Bolu,</strong></span> <span class='ocrx_word' id='word_1_671' title='bbox 2206 4361 2471 4417; x_wconf 79' lang='lat' dir='ltr'><strong>H‘issando</strong></span> <span class='ocrx_word' id='word_1_672' title='bbox 2496 4405 2511 4429; x_wconf 94' lang='lat'><strong>,</strong></span> <span class='ocrx_word' id='word_1_673' title='bbox 2553 4363 2684 4417; x_wconf 88' lang='lat' dir='ltr'><strong>alias</strong></span> <span class='ocrx_word' id='word_1_674' title='bbox 2722 4360 2946 4417; x_wconf 70' lang='lat' dir='ltr'><strong>[nando</strong></span> <span class='ocrx_word' id='word_1_675' title='bbox 2989 4374 3042 4418; x_wconf 91' lang='lat' dir='ltr'><strong>et</strong></span> <span class='ocrx_word' id='word_1_676' title='bbox 3072 4361 3312 4417; x_wconf 65' lang='lat' dir='ltr'><strong>Eirando.</strong></span> <span class='ocrx_word' id='word_1_677' title='bbox 3349 4364 3461 4420; x_wconf 88' lang='lat' dir='ltr'><strong>lloc</strong></span> 
     </span>
    </p>
   </div>
   <div class='ocr_carea' id='block_1_93' title="bbox 1890 4433 3458 4504">
    <p class='ocr_par' dir='ltr' id='par_1_93' title="bbox 1890 4433 3458 4504">
     <span class='ocr_line' id='line_1_94' title="bbox 1890 4433 3458 4504; baseline 0.001 -17"><span class='ocrx_word' id='word_1_678' title='bbox 1890 4433 2145 4502; x_wconf 87' lang='lat' dir='ltr'><strong>oppidum</strong></span> <span class='ocrx_word' id='word_1_679' title='bbox 2177 4437 2474 4501; x_wconf 88' lang='lat' dir='ltr'><strong>appellatur</strong></span> <span class='ocrx_word' id='word_1_680' title='bbox 2506 4435 2657 4504; x_wconf 87' lang='lat' dir='ltr'><strong>vulgo</strong></span> <span class='ocrx_word' id='word_1_681' title='bbox 2678 4433 2958 4501; x_wconf 79' lang='lat' dir='ltr'><strong>luaudon,</strong></span> <span class='ocrx_word' id='word_1_682' title='bbox 2982 4438 3049 4488; x_wconf 88' lang='lat' dir='ltr'><strong>ad</strong></span> <span class='ocrx_word' id='word_1_683' title='bbox 3082 4434 3328 4504; x_wconf 80' lang='lat' dir='ltr'><strong>Vigeram</strong></span> <span class='ocrx_word' id='word_1_684' title='bbox 3364 4438 3458 4489; x_wconf 84' lang='lat' dir='ltr'><strong>llu-</strong></span> 
     </span>
    </p>
   </div>
   <div class='ocr_carea' id='block_1_94' title="bbox 275 4498 2556 4595">
    <p class='ocr_par' dir='ltr' id='par_1_94' title="bbox 275 4498 2556 4595">
     <span class='ocr_line' id='line_1_95' title="bbox 275 4498 2556 4595; baseline -0.002 -35"><span class='ocrx_word' id='word_1_685' title='bbox 275 4519 297 4545; x_wconf 73' lang='grc' dir='ltr'><strong>ε</strong></span> <span class='ocrx_word' id='word_1_686' title='bbox 346 4498 508 4595; x_wconf 41' lang='lat' dir='ltr'><strong>Bal},</strong></span> <span class='ocrx_word' id='word_1_687' title='bbox 538 4520 697 4589; x_wconf 67' lang='lat' dir='ltr'><strong>usque</strong></span> <span class='ocrx_word' id='word_1_688' title='bbox 740 4502 890 4584; x_wconf 70' lang='lat' dir='ltr'><strong>Care.</strong></span> <span class='ocrx_word' id='word_1_689' title='bbox 931 4502 1102 4595; x_wconf 54' lang='lat' dir='ltr'><strong>tiarasl</strong></span> <span class='ocrx_word' id='word_1_690' title='bbox 1147 4514 1246 4581; x_wconf 75' lang='lat' dir='ltr'><strong>seu</strong></span> <span class='ocrx_word' id='word_1_691' title='bbox 1287 4498 1477 4595; x_wconf 72' lang='lat' dir='ltr'><strong>Caris,</strong></span> <span class='ocrx_word' id='word_1_692' title='bbox 1525 4499 1685 4595; x_wconf 74' lang='lat' dir='ltr'><strong>vulgo</strong></span> <span class='ocrx_word' id='word_1_693' title='bbox 1733 4500 1782 4582; x_wconf 70' lang='lat' dir='ltr'><strong>le</strong></span> <span class='ocrx_word' id='word_1_694' title='bbox 1807 4534 1862 4595; x_wconf 66' lang='grc' dir='ltr'><strong>Ι)</strong></span> <span class='ocrx_word' id='word_1_695' title='bbox 1890 4498 2556 4595; x_wconf 45' lang='lat' dir='ltr'><strong>viilmnaptid&#39;Lernovices;</strong></span> 
     </span>
    </p>
   </div>
   <div class='ocr_carea' id='block_1_95' title="bbox 204 4572 1777 4645">
    <p class='ocr_par' dir='ltr' id='par_1_95' title="bbox 204 4572 1777 4645">
     <span class='ocr_line' id='line_1_96' title="bbox 204 4572 1777 4645; baseline -0.005 -14"><span class='ocrx_word' id='word_1_696' title='bbox 204 4579 359 4643; x_wconf 67' lang='lat' dir='ltr'><strong>Cicer,</strong></span> <span class='ocrx_word' id='word_1_697' title='bbox 393 4578 683 4645; x_wconf 76' lang='lat' dir='ltr'><strong>Biturigum</strong></span> <span class='ocrx_word' id='word_1_698' title='bbox 719 4573 1041 4641; x_wconf 80' lang='lat' dir='ltr'><strong>provinciam</strong></span> <span class='ocrx_word' id='word_1_699' title='bbox 1071 4572 1204 4645; x_wconf 79' lang='lat' dir='ltr'><strong>duas</strong></span> <span class='ocrx_word' id='word_1_700' title='bbox 1235 4572 1299 4645; x_wconf 76' lang='lat' dir='ltr'><strong>in</strong></span> <span class='ocrx_word' id='word_1_701' title='bbox 1313 4582 1487 4645; x_wconf 80' lang='lat' dir='ltr'><strong>partes</strong></span> <span class='ocrx_word' id='word_1_702' title='bbox 1515 4572 1777 4645; x_wconf 67' lang='lat' dir='ltr'><strong>secat,qui</strong></span> 
     </span>
    </p>
   </div>
   <div class='ocr_carea' id='block_1_96' title="bbox 204 4640 1780 4712">
    <p class='ocr_par' dir='ltr' id='par_1_96' title="bbox 204 4640 1780 4712">
     <span class='ocr_line' id='line_1_97' title="bbox 204 4640 1780 4712; baseline -0.004 -10"><span class='ocrx_word' id='word_1_703' title='bbox 204 4640 388 4703; x_wconf 87' lang='lat' dir='ltr'><strong>multis</strong></span> <span class='ocrx_word' id='word_1_704' title='bbox 416 4640 607 4701; x_wconf 67' lang='lat' dir='ltr'><strong>auctiis</strong></span> <span class='ocrx_word' id='word_1_705' title='bbox 655 4640 881 4699; x_wconf 82' lang='lat' dir='ltr'><strong>ﬂuvialis</strong></span> <span class='ocrx_word' id='word_1_706' title='bbox 913 4646 1125 4697; x_wconf 85' lang='lat' dir='ltr'><strong>tandem</strong></span> <span class='ocrx_word' id='word_1_707' title='bbox 1160 4640 1211 4694; x_wconf 90' lang='lat' dir='ltr'><strong>iu</strong></span> <span class='ocrx_word' id='word_1_708' title='bbox 1244 4641 1472 4712; x_wconf 81' lang='lat' dir='ltr'><strong>Ligerim</strong></span> <span class='ocrx_word' id='word_1_709' title='bbox 1515 4641 1780 4695; x_wconf 87' lang='lat' dir='ltr'><strong>delabitur</strong></span> 
     </span>
    </p>
   </div>
   <div class='ocr_carea' id='block_1_97' title="bbox 202 4718 813 4789">
    <p class='ocr_par' dir='ltr' id='par_1_97' title="bbox 202 4718 813 4789">
     <span class='ocr_line' id='line_1_98' title="bbox 202 4718 813 4789; baseline -0.003 -19"><span class='ocrx_word' id='word_1_710' title='bbox 202 4723 360 4789; x_wconf 85' lang='lat' dir='ltr'><strong>paulo</strong></span> <span class='ocrx_word' id='word_1_711' title='bbox 386 4718 520 4772; x_wconf 78' lang='lat' dir='ltr'><strong>infra</strong></span> <span class='ocrx_word' id='word_1_712' title='bbox 532 4718 813 4789; x_wconf 21' lang='lat' dir='ltr'><strong>iTurones.</strong></span> 
     </span>
    </p>
   </div>
   <div class='ocr_carea' id='block_1_98' title="bbox 272 4780 1777 4855">
    <p class='ocr_par' dir='ltr' id='par_1_98' title="bbox 272 4780 1777 4855">
     <span class='ocr_line' id='line_1_99' title="bbox 272 4780 1777 4855; baseline -0.006 -11"><span class='ocrx_word' id='word_1_713' title='bbox 272 4788 299 4827; x_wconf 72' lang='grc' dir='ltr'>ἀ</span> <span class='ocrx_word' id='word_1_714' title='bbox 343 4792 502 4855; x_wconf 80' lang='lat' dir='ltr'><strong>Boh.,</strong></span> <span class='ocrx_word' id='word_1_715' title='bbox 520 4787 814 4841; x_wconf 74' lang='lat' dir='ltr'><strong>Pictoris...</strong></span> <span class='ocrx_word' id='word_1_716' title='bbox 839 4785 1146 4847; x_wconf 78' lang='lat' dir='ltr'><strong>Lemovicas,</strong></span> <span class='ocrx_word' id='word_1_717' title='bbox 1166 4780 1777 4855; x_wconf 36' lang='lat' dir='ltr'><strong>PqtrecoristEgolisma.</strong></span> 
     </span>
    </p>
   </div>
   <div class='ocr_carea' id='block_1_99' title="bbox 200 4851 1778 4925">
    <p class='ocr_par' dir='ltr' id='par_1_99' title="bbox 200 4851 1778 4925">
     <span class='ocr_line' id='line_1_100' title="bbox 200 4851 1778 4925; baseline -0.007 -8"><span class='ocrx_word' id='word_1_718' title='bbox 200 4862 297 4917; x_wconf 72' lang='lat' dir='ltr'><strong>lla:</strong></span> <span class='ocrx_word' id='word_1_719' title='bbox 336 4851 499 4915; x_wconf 81' lang='lat' dir='ltr'><strong>urbes</strong></span> <span class='ocrx_word' id='word_1_720' title='bbox 536 4856 919 4917; x_wconf 75' lang='lat' dir='ltr'><strong>suntl’oitiers,</strong></span> <span class='ocrx_word' id='word_1_721' title='bbox 939 4854 1435 4925; x_wconf 79' lang='lat' dir='ltr'><strong>Limogcs,Saintes,</strong></span> <span class='ocrx_word' id='word_1_722' title='bbox 1463 4851 1778 4925; x_wconf 69' lang='lat' dir='ltr'><strong>Périgueux,</strong></span> 
     </span>
    </p>
   </div>
   <div class='ocr_carea' id='block_1_100' title="bbox 203 4924 1781 5004">
    <p class='ocr_par' dir='ltr' id='par_1_100' title="bbox 203 4924 1781 5004">
     <span class='ocr_line' id='line_1_101' title="bbox 203 4924 1781 5004; baseline -0.006 -18"><span class='ocrx_word' id='word_1_723' title='bbox 203 4932 555 5004; x_wconf 81' lang='lat' dir='ltr'><strong>Angauléme,</strong></span> <span class='ocrx_word' id='word_1_724' title='bbox 606 4927 997 4999; x_wconf 86' lang='lat' dir='ltr'><strong>provinciarum</strong></span> <span class='ocrx_word' id='word_1_725' title='bbox 1047 4924 1165 4995; x_wconf 75' lang='lat' dir='ltr'><strong>qua:</strong></span> <span class='ocrx_word' id='word_1_726' title='bbox 1215 4925 1283 4979; x_wconf 86' lang='lat' dir='ltr'><strong>ab</strong></span> <span class='ocrx_word' id='word_1_727' title='bbox 1323 4927 1401 4978; x_wconf 86' lang='lat' dir='ltr'><strong>eis</strong></span> <span class='ocrx_word' id='word_1_728' title='bbox 1440 4925 1654 4976; x_wconf 89' lang='lat' dir='ltr'><strong>nomina</strong></span> <span class='ocrx_word' id='word_1_729' title='bbox 1688 4924 1781 4976; x_wconf 87' lang='lat' dir='ltr'><strong>ha-</strong></span> 
     </span>
    </p>
   </div>
   <div class='ocr_carea' id='block_1_101' title="bbox 203 5004 554 5069">
    <p class='ocr_par' dir='ltr' id='par_1_101' title="bbox 203 5004 554 5069">
     <span class='ocr_line' id='line_1_102' title="bbox 203 5004 554 5069; baseline -0.009 -13"><span class='ocrx_word' id='word_1_730' title='bbox 203 5007 333 5056; x_wconf 80' lang='lat' dir='ltr'><strong>bent</strong></span> <span class='ocrx_word' id='word_1_731' title='bbox 360 5020 419 5056; x_wconf 87' lang='lat' dir='ltr'><strong>ca</strong></span> <span class='ocrx_word' id='word_1_732' title='bbox 429 5004 554 5069; x_wconf 83' lang='lat' dir='ltr'><strong>pila.</strong></span> 
     </span>
    </p>
   </div>
   <div class='ocr_carea' id='block_1_102' title="bbox 276 5064 1766 5138">
    <p class='ocr_par' dir='ltr' id='par_1_102' title="bbox 276 5064 1766 5138">
     <span class='ocr_line' id='line_1_103' title="bbox 276 5064 1766 5138; baseline -0.008 -11"><span class='ocrx_word' id='word_1_733' title='bbox 276 5085 301 5111; x_wconf 74' lang='grc' dir='ltr'>ε</span> <span class='ocrx_word' id='word_1_734' title='bbox 343 5064 501 5138; x_wconf 74' lang='grc' dir='ltr'><strong>Βυῐι..</strong></span> <span class='ocrx_word' id='word_1_735' title='bbox 539 5071 851 5136; x_wconf 76' lang='lat' dir='ltr'><strong>Nevernnm,</strong></span> <span class='ocrx_word' id='word_1_736' title='bbox 888 5068 1047 5123; x_wconf 83' lang='lat' dir='ltr'><strong>Freli.</strong></span> <span class='ocrx_word' id='word_1_737' title='bbox 1074 5064 1302 5132; x_wconf 69' lang='lat' dir='ltr'><strong>etCam,</strong></span> <span class='ocrx_word' id='word_1_738' title='bbox 1332 5064 1608 5129; x_wconf 82' lang='lat' dir='ltr'><strong>mendose,</strong></span> <span class='ocrx_word' id='word_1_739' title='bbox 1637 5064 1766 5117; x_wconf 71' lang='lat' dir='ltr'><strong>Acer</strong></span> 
     </span>
    </p>
   </div>
   <div class='ocr_carea' id='block_1_103' title="bbox 200 5162 342 5197">
    <p class='ocr_par' dir='ltr' id='par_1_103' title="bbox 200 5162 342 5197">
     <span class='ocr_line' id='line_1_104' title="bbox 200 5162 342 5197; baseline 0 -1"><span class='ocrx_word' id='word_1_740' title='bbox 200 5162 342 5197; x_wconf 81' lang='lat' dir='ltr'><strong>num.</strong></span> 
     </span>
    </p>
   </div>
   <div class='ocr_carea' id='block_1_104' title="bbox 280 5213 1781 5280">
    <p class='ocr_par' dir='ltr' id='par_1_104' title="bbox 280 5213 1781 5280">
     <span class='ocr_line' id='line_1_105' title="bbox 280 5213 1781 5280; baseline -0.009 -10"><span class='ocrx_word' id='word_1_741' title='bbox 280 5218 295 5252; x_wconf 73' lang='grc' dir='ltr'><em>τ</em></span> <span class='ocrx_word' id='word_1_742' title='bbox 345 5216 466 5269; x_wconf 64' lang='grc' dir='ltr'><strong>Ιιειξο</strong></span> <span class='ocrx_word' id='word_1_743' title='bbox 492 5214 675 5275; x_wconf 89' lang='lat' dir='ltr'><strong>verba,</strong></span> <span class='ocrx_word' id='word_1_744' title='bbox 707 5213 871 5280; x_wconf 85' lang='lat' dir='ltr'><strong>ibique</strong></span> <span class='ocrx_word' id='word_1_745' title='bbox 898 5226 1012 5262; x_wconf 82' lang='lat' dir='ltr'><strong>cum</strong></span> <span class='ocrx_word' id='word_1_746' title='bbox 1036 5250 1049 5270; x_wconf 85' lang='lat'><strong><em>.</em></strong></span> <span class='ocrx_word' id='word_1_747' title='bbox 1080 5218 1186 5261; x_wconf 92' lang='lat' dir='ltr'><strong>etc.</strong></span> <span class='ocrx_word' id='word_1_748' title='bbox 1215 5246 1230 5270; x_wconf 88' lang='lat'><strong>,</strong></span> <span class='ocrx_word' id='word_1_749' title='bbox 1262 5222 1429 5275; x_wconf 89' lang='lat' dir='ltr'><strong>usque</strong></span> <span class='ocrx_word' id='word_1_750' title='bbox 1457 5215 1629 5280; x_wconf 74' lang='lat' dir='ltr'><strong>tenens</strong></span> <span class='ocrx_word' id='word_1_751' title='bbox 1649 5245 1664 5280; x_wconf 85' lang='lat'><strong>,_</strong></span> <span class='ocrx_word' id='word_1_752' title='bbox 1687 5220 1781 5280; x_wconf 84' lang='lat' dir='ltr'><strong>ex-</strong></span> 
     </span>
    </p>
   </div>
   <div class='ocr_carea' id='block_1_105' title="bbox 202 5277 1779 5355">
    <p class='ocr_par' dir='ltr' id='par_1_105' title="bbox 202 5277 1779 5355">
     <span class='ocr_line' id='line_1_106' title="bbox 202 5277 1779 5355; baseline -0.009 -15"><span class='ocrx_word' id='word_1_753' title='bbox 202 5286 486 5355; x_wconf 86' lang='lat' dir='ltr'><strong>pungenda</strong></span> <span class='ocrx_word' id='word_1_754' title='bbox 517 5277 987 5351; x_wconf 29' lang='lat' dir='ltr'><strong>censet‘Cointius.</strong></span> <span class='ocrx_word' id='word_1_755' title='bbox 1020 5280 1160 5346; x_wconf 88' lang='lat' dir='ltr'><strong>quod</strong></span> <span class='ocrx_word' id='word_1_756' title='bbox 1183 5292 1248 5332; x_wconf 90' lang='lat' dir='ltr'><strong>eo</strong></span> <span class='ocrx_word' id='word_1_757' title='bbox 1278 5292 1442 5355; x_wconf 74' lang='lat' dir='ltr'><strong>anno,</strong></span> <span class='ocrx_word' id='word_1_758' title='bbox 1465 5277 1539 5329; x_wconf 89' lang='lat' dir='ltr'><strong>uti</strong></span> <span class='ocrx_word' id='word_1_759' title='bbox 1570 5277 1677 5355; x_wconf 70' lang='lat' dir='ltr'><strong>ipsi</strong></span> <span class='ocrx_word' id='word_1_760' title='bbox 1700 5279 1779 5355; x_wconf 72' lang='lat' dir='ltr'><strong>vi-</strong></span> 
     </span>
    </p>
   </div>
   <div class='ocr_carea' id='block_1_106' title="bbox 203 5344 1772 5421">
    <p class='ocr_par' dir='ltr' id='par_1_106' title="bbox 203 5344 1772 5421">
     <span class='ocr_line' id='line_1_107' title="bbox 203 5344 1772 5421; baseline -0.005 -15"><span class='ocrx_word' id='word_1_761' title='bbox 203 5344 394 5421; x_wconf 61' lang='lat' dir='ltr'><strong>iletdr,</strong></span> <span class='ocrx_word' id='word_1_762' title='bbox 445 5346 775 5411; x_wconf 83' lang='lat' dir='ltr'><strong>Francorum</strong></span> <span class='ocrx_word' id='word_1_763' title='bbox 816 5344 1150 5421; x_wconf 53' lang='lat' dir='ltr'><strong>conventus,</strong></span> <span class='ocrx_word' id='word_1_764' title='bbox 1211 5348 1593 5421; x_wconf 28' lang='lat' dir='ltr'><strong>SCIIACamttlls</strong></span> <span class='ocrx_word' id='word_1_765' title='bbox 1631 5344 1772 5421; x_wconf 63' lang='lat' dir='ltr'><strong>Maii,</strong></span> 
     </span>
    </p>
   </div>
   <div class='ocr_carea' id='block_1_107' title="bbox 202 5417 1773 5495">
    <p class='ocr_par' dir='ltr' id='par_1_107' title="bbox 202 5417 1773 5495">
     <span class='ocr_line' id='line_1_108' title="bbox 202 5417 1773 5495; baseline -0.009 -16"><span class='ocrx_word' id='word_1_766' title='bbox 202 5428 343 5495; x_wconf 85' lang='lat' dir='ltr'><strong>apud</strong></span> <span class='ocrx_word' id='word_1_767' title='bbox 376 5417 699 5481; x_wconf 77' lang='lat' dir='ltr'><strong>Attiniacum</strong></span> <span class='ocrx_word' id='word_1_768' title='bbox 733 5427 785 5478; x_wconf 90' lang='lat' dir='ltr'><strong>in</strong></span> <span class='ocrx_word' id='word_1_769' title='bbox 820 5422 1065 5495; x_wconf 49' lang='lat' dir='ltr'><strong>[ictucusi</strong></span> <span class='ocrx_word' id='word_1_770' title='bbox 1094 5417 1773 5495; x_wconf 41' lang='lat' dir='ltr'><strong>(iampaiiialiabitns.fue-</strong></span> 
     </span>
    </p>
   </div>
   <div class='ocr_carea' id='block_1_108' title="bbox 204 5489 1771 5553">
    <p class='ocr_par' dir='ltr' id='par_1_108' title="bbox 204 5489 1771 5553">
     <span class='ocr_line' id='line_1_109' title="bbox 204 5489 1771 5553; baseline -0.006 -4"><span class='ocrx_word' id='word_1_771' title='bbox 204 5489 288 5551; x_wconf 78' lang='lat' dir='ltr'><strong>rit.</strong></span> <span class='ocrx_word' id='word_1_772' title='bbox 323 5498 601 5553; x_wconf 76' lang='lat' dir='ltr'><strong>[labentur</strong></span> <span class='ocrx_word' id='word_1_773' title='bbox 651 5505 824 5548; x_wconf 89' lang='lat' dir='ltr'><strong>tamen</strong></span> <span class='ocrx_word' id='word_1_774' title='bbox 872 5493 925 5546; x_wconf 91' lang='lat' dir='ltr'><strong>in</strong></span> <span class='ocrx_word' id='word_1_775' title='bbox 976 5491 1222 5544; x_wconf 86' lang='lat' dir='ltr'><strong>omnibus</strong></span> <span class='ocrx_word' id='word_1_776' title='bbox 1266 5489 1433 5541; x_wconf 84' lang='lat' dir='ltr'><strong>Editis</strong></span> <span class='ocrx_word' id='word_1_777' title='bbox 1461 5498 1514 5540; x_wconf 89' lang='lat' dir='ltr'><strong>et</strong></span> <span class='ocrx_word' id='word_1_778' title='bbox 1539 5489 1771 5553; x_wconf 85' lang='lat' dir='ltr'><strong>scriptis.</strong></span> 
     </span>
    </p>
   </div>
   <div class='ocr_carea' id='block_1_109' title="bbox 202 5557 1774 5636">
    <p class='ocr_par' dir='ltr' id='par_1_109' title="bbox 202 5557 1774 5636">
     <span class='ocr_line' id='line_1_110' title="bbox 202 5557 1774 5636; baseline -0.005 -17"><span class='ocrx_word' id='word_1_779' title='bbox 202 5586 333 5636; x_wconf 83' lang='lat' dir='ltr'><strong>quos</strong></span> <span class='ocrx_word' id='word_1_780' title='bbox 360 5571 546 5624; x_wconf 90' lang='lat' dir='ltr'><strong>videre</strong></span> <span class='ocrx_word' id='word_1_781' title='bbox 581 5567 744 5621; x_wconf 90' lang='lat' dir='ltr'><strong>licuit.</strong></span> <span class='ocrx_word' id='word_1_782' title='bbox 784 5564 889 5619; x_wconf 88' lang='lat' dir='ltr'><strong>Sed</strong></span> <span class='ocrx_word' id='word_1_783' title='bbox 914 5564 999 5615; x_wconf 88' lang='lat' dir='ltr'><strong>hic</strong></span> <span class='ocrx_word' id='word_1_784' title='bbox 1026 5561 1159 5614; x_wconf 80' lang='lat' dir='ltr'><strong>forte</strong></span> <span class='ocrx_word' id='word_1_785' title='bbox 1180 5565 1349 5626; x_wconf 87' lang='lat' dir='ltr'><strong>campi</strong></span> <span class='ocrx_word' id='word_1_786' title='bbox 1374 5558 1531 5636; x_wconf 63' lang='lat' dir='ltr'><strong>Madii</strong></span> <span class='ocrx_word' id='word_1_787' title='bbox 1560 5557 1774 5611; x_wconf 71' lang='lat' dir='ltr'><strong>nooniue</strong></span> 
     </span>
    </p>
   </div>
   <div class='ocr_carea' id='block_1_110' title="bbox 203 5628 1770 5706">
    <p class='ocr_par' dir='ltr' id='par_1_110' title="bbox 203 5628 1770 5706">
     <span class='ocr_line' id='line_1_111' title="bbox 203 5628 1770 5706; baseline -0.007 -15"><span class='ocrx_word' id='word_1_788' title='bbox 203 5628 329 5692; x_wconf 78' lang='lat' dir='ltr'><strong>nihil</strong></span> <span class='ocrx_word' id='word_1_789' title='bbox 360 5641 507 5695; x_wconf 88' lang='lat' dir='ltr'><strong>aliud</strong></span> <span class='ocrx_word' id='word_1_790' title='bbox 556 5636 1064 5706; x_wconf 10' lang='lat' dir='ltr'><strong>intelligiturmquam</strong></span> <span class='ocrx_word' id='word_1_791' title='bbox 1110 5628 1770 5706; x_wconf 35' lang='lat' dir='ltr'><strong>conventus“Francorum</strong></span> 
     </span>
    </p>
   </div>
   <div class='ocr_carea' id='block_1_111' title="bbox 202 5699 1768 5773">
    <p class='ocr_par' dir='ltr' id='par_1_111' title="bbox 202 5699 1768 5773">
     <span class='ocr_line' id='line_1_112' title="bbox 202 5699 1768 5773; baseline -0.008 -12"><span class='ocrx_word' id='word_1_792' title='bbox 202 5712 264 5762; x_wconf 86' lang='lat' dir='ltr'><strong>ad</strong></span> <span class='ocrx_word' id='word_1_793' title='bbox 292 5710 702 5766; x_wconf 88' lang='lat' dir='ltr'><strong>deliberandum</strong></span> <span class='ocrx_word' id='word_1_794' title='bbox 730 5699 798 5762; x_wconf 73' lang='lat' dir='ltr'><strong>de</strong></span> <span class='ocrx_word' id='word_1_795' title='bbox 841 5699 1041 5773; x_wconf 84' lang='lat' dir='ltr'><strong>aliquot</strong></span> <span class='ocrx_word' id='word_1_796' title='bbox 1075 5701 1212 5754; x_wconf 89' lang='lat' dir='ltr'><strong>circa</strong></span> <span class='ocrx_word' id='word_1_797' title='bbox 1249 5699 1639 5773; x_wconf 65' lang='lat' dir='ltr'><strong>expeditionem</strong></span> <span class='ocrx_word' id='word_1_798' title='bbox 1668 5699 1768 5773; x_wconf 82' lang='lat' dir='ltr'><strong>dit-</strong></span> 
     </span>
    </p>
   </div>
   <div class='ocr_carea' id='block_1_112' title="bbox 198 5769 1743 5843">
    <p class='ocr_par' dir='ltr' id='par_1_112' title="bbox 198 5769 1743 5843">
     <span class='ocr_line' id='line_1_113' title="bbox 198 5769 1743 5843; baseline -0.006 -7"><span class='ocrx_word' id='word_1_799' title='bbox 198 5783 530 5841; x_wconf 71' lang='lat' dir='ltr'><strong>h&#39;cultatibus</strong></span> <span class='ocrx_word' id='word_1_800' title='bbox 576 5789 811 5836; x_wconf 73' lang='lat' dir='ltr'><strong>coactus.</strong></span> <span class='ocrx_word' id='word_1_801' title='bbox 839 5769 1014 5843; x_wconf 78' lang='lat' dir='ltr'><strong>Certe,</strong></span> <span class='ocrx_word' id='word_1_802' title='bbox 1042 5784 1099 5830; x_wconf 90' lang='lat' dir='ltr'><strong>ut</strong></span> <span class='ocrx_word' id='word_1_803' title='bbox 1118 5774 1231 5843; x_wconf 84' lang='lat' dir='ltr'><strong>ipse</strong></span> <span class='ocrx_word' id='word_1_804' title='bbox 1260 5771 1495 5829; x_wconf 80' lang='lat' dir='ltr'><strong>Coiutius</strong></span> <span class='ocrx_word' id='word_1_805' title='bbox 1518 5769 1743 5827; x_wconf 83' lang='lat' dir='ltr'><strong>advertit</strong></span> 
     </span>
    </p>
   </div>
   <div class='ocr_carea' id='block_1_113' title="bbox 1957 4572 3460 4639">
    <p class='ocr_par' dir='ltr' id='par_1_113' title="bbox 1957 4572 3460 4639">
     <span class='ocr_line' id='line_1_114' title="bbox 1957 4572 3460 4639; baseline 0.005 -14"><span class='ocrx_word' id='word_1_806' title='bbox 1957 4572 1986 4610; x_wconf 71' lang='grc' dir='ltr'><strong>ιι</strong></span> <span class='ocrx_word' id='word_1_807' title='bbox 2025 4574 2245 4639; x_wconf 84' lang='lat' dir='ltr'><strong>Bolier.,</strong></span> <span class='ocrx_word' id='word_1_808' title='bbox 2285 4573 2506 4628; x_wconf 85' lang='lat' dir='ltr'><strong>Vacceli.</strong></span> <span class='ocrx_word' id='word_1_809' title='bbox 2537 4574 2666 4629; x_wconf 72' lang='lat' dir='ltr'><strong>(Ian.</strong></span> <span class='ocrx_word' id='word_1_810' title='bbox 2694 4586 2752 4631; x_wconf 91' lang='lat' dir='ltr'><strong>et</strong></span> <span class='ocrx_word' id='word_1_811' title='bbox 2777 4574 2966 4639; x_wconf 56' lang='lat' dir='ltr'><strong>Frelu,</strong></span> <span class='ocrx_word' id='word_1_812' title='bbox 3006 4574 3197 4633; x_wconf 63' lang='lat' dir='ltr'><strong>Voisci.</strong></span> <span class='ocrx_word' id='word_1_813' title='bbox 3236 4576 3297 4631; x_wconf 88' lang='lat' dir='ltr'><strong>lli</strong></span> <span class='ocrx_word' id='word_1_814' title='bbox 3324 4578 3460 4633; x_wconf 82' lang='lat' dir='ltr'><strong>forte</strong></span> 
     </span>
    </p>
   </div>
   <div class='ocr_carea' id='block_1_114' title="bbox 1888 4643 3463 4768">
    <p class='ocr_par' dir='ltr' id='par_1_114' title="bbox 1888 4643 3463 4768">
     <span class='ocr_line' id='line_1_115' title="bbox 1888 4643 3463 4768; baseline 0.004 -70"><span class='ocrx_word' id='word_1_815' title='bbox 1888 4655 2012 4768; x_wconf 59' lang='lat' dir='ltr'><strong>sunt</strong></span> <span class='ocrx_word' id='word_1_816' title='bbox 2044 4643 2191 4699; x_wconf 84' lang='lat' dir='ltr'><strong>Vasci</strong></span> <span class='ocrx_word' id='word_1_817' title='bbox 2218 4685 2233 4711; x_wconf 89' lang='lat'><strong>,</strong></span> <span class='ocrx_word' id='word_1_818' title='bbox 2285 4661 2378 4699; x_wconf 83' lang='lat' dir='ltr'><strong>seu</strong></span> <span class='ocrx_word' id='word_1_819' title='bbox 2412 4647 2613 4715; x_wconf 82' lang='lat' dir='ltr'><strong>Bascli,</strong></span> <span class='ocrx_word' id='word_1_820' title='bbox 2643 4664 2776 4717; x_wconf 85' lang='lat' dir='ltr'><strong>quos</strong></span> <span class='ocrx_word' id='word_1_821' title='bbox 2814 4646 3079 4716; x_wconf 89' lang='lat' dir='ltr'><strong>hodieque</strong></span> <span class='ocrx_word' id='word_1_822' title='bbox 3110 4646 3335 4716; x_wconf 73' lang='lat' dir='ltr'><strong>Basques</strong></span> <span class='ocrx_word' id='word_1_823' title='bbox 3365 4666 3463 4719; x_wconf 91' lang='lat' dir='ltr'><strong>ap-</strong></span> 
     </span>
     <span class='ocr_line' id='line_1_116' title="bbox 1890 4730 2166 4768; baseline -0.004 0"><span class='ocrx_word' id='word_1_824' title='bbox 1890 4730 1952 4768; x_wconf 88' lang='lat' dir='ltr'><strong>ne</strong></span> <span class='ocrx_word' id='word_1_825' title='bbox 1994 4730 2166 4767; x_wconf 87' lang='lat' dir='ltr'><strong>amns.</strong></span> 
     </span>
    </p>
   </div>
   <div class='ocr_carea' id='block_1_115' title="bbox 1908 4730 2166 4769">
    <p class='ocr_par' dir='ltr' id='par_1_115' title="bbox 1908 4730 2166 4769">
     <span class='ocr_line' id='line_1_117' title="bbox 1908 4730 2166 4769; baseline -0.008 0"><span class='ocrx_word' id='word_1_826' title='bbox 1908 4730 2166 4769; x_wconf 74' lang='lat' dir='ltr'><strong>)ellalllllS.</strong></span> 
     </span>
    </p>
   </div>
   <div class='ocr_carea' id='block_1_116' title="bbox 1889 4731 3458 4860">
    <p class='ocr_par' dir='ltr' id='par_1_116' title="bbox 1889 4731 3458 4860">
     <span class='ocr_line' id='line_1_118' title="bbox 2029 4731 2166 4767; baseline 0.015 -2"><span class='ocrx_word' id='word_1_827' title='bbox 2029 4731 2076 4765; x_wconf 83' lang='grc'><strong>111</strong></span> <span class='ocrx_word' id='word_1_828' title='bbox 2152 4753 2166 4767; x_wconf 81' lang='grc' dir='ltr'><strong>ο</strong></span> 
     </span>
     <span class='ocr_line' id='line_1_119' title="bbox 1889 4731 3458 4860; baseline 0.005 -23"><span class='ocrx_word' id='word_1_829' title='bbox 1889 4731 2183 4860; x_wconf 36' lang='lat' dir='ltr'><strong>ﬂandi?”</strong></span> <span class='ocrx_word' id='word_1_830' title='bbox 2210 4785 2279 4860; x_wconf 68' lang='lat' dir='ltr'><strong>ad</strong></span> <span class='ocrx_word' id='word_1_831' title='bbox 2306 4785 2568 4860; x_wconf 66' lang='lat' dir='ltr'><strong>Digentia.</strong></span> <span class='ocrx_word' id='word_1_832' title='bbox 2597 4788 2731 4842; x_wconf 83' lang='lat' dir='ltr'><strong>Can.</strong></span> <span class='ocrx_word' id='word_1_833' title='bbox 2762 4797 2816 4843; x_wconf 92' lang='lat' dir='ltr'><strong>et</strong></span> <span class='ocrx_word' id='word_1_834' title='bbox 2840 4786 3023 4851; x_wconf 61' lang='lat' dir='ltr'><strong>Frelu,</strong></span> <span class='ocrx_word' id='word_1_835' title='bbox 3051 4788 3115 4842; x_wconf 87' lang='lat' dir='ltr'><strong>ad</strong></span> <span class='ocrx_word' id='word_1_836' title='bbox 3151 4789 3458 4860; x_wconf 81' lang='lat' dir='ltr'><strong>Degontum.</strong></span> 
     </span>
    </p>
   </div>
   <div class='ocr_carea' id='block_1_117' title="bbox 1888 4857 3462 4930">
    <p class='ocr_par' dir='ltr' id='par_1_117' title="bbox 1888 4857 3462 4930">
     <span class='ocr_line' id='line_1_120' title="bbox 1888 4857 3462 4930; baseline 0.001 -19"><span class='ocrx_word' id='word_1_837' title='bbox 1888 4857 2057 4926; x_wconf 83' lang='lat' dir='ltr'><strong>Vulgo</strong></span> <span class='ocrx_word' id='word_1_838' title='bbox 2075 4857 2374 4930; x_wconf 79' lang='lat' dir='ltr'><strong>appellatur</strong></span> <span class='ocrx_word' id='word_1_839' title='bbox 2398 4858 2633 4927; x_wconf 82' lang='lat' dir='ltr'><strong>Digoim,</strong></span> <span class='ocrx_word' id='word_1_840' title='bbox 2662 4876 2754 4915; x_wconf 89' lang='lat' dir='ltr'><strong>seu</strong></span> <span class='ocrx_word' id='word_1_841' title='bbox 2781 4860 3015 4930; x_wconf 83' lang='lat' dir='ltr'><strong>Digoine.</strong></span> <span class='ocrx_word' id='word_1_842' title='bbox 3061 4857 3243 4917; x_wconf 75' lang='lat' dir='ltr'><strong>Locus</strong></span> <span class='ocrx_word' id='word_1_843' title='bbox 3262 4870 3341 4914; x_wconf 88' lang='lat' dir='ltr'><strong>est</strong></span> <span class='ocrx_word' id='word_1_844' title='bbox 3368 4863 3462 4913; x_wconf 77' lang='lat' dir='ltr'><strong>ba—</strong></span> 
     </span>
    </p>
   </div>
   <div class='ocr_carea' id='block_1_118' title="bbox 1888 4927 3458 5007">
    <p class='ocr_par' dir='ltr' id='par_1_118' title="bbox 1888 4927 3458 5007">
     <span class='ocr_line' id='line_1_121' title="bbox 1888 4927 3458 5007; baseline 0.001 -27"><span class='ocrx_word' id='word_1_845' title='bbox 1888 4938 2129 5007; x_wconf 45' lang='lat' dir='ltr'><strong>uenatus</strong></span> <span class='ocrx_word' id='word_1_846' title='bbox 2162 4927 2318 5007; x_wconf 73' lang='lat' dir='ltr'><strong>titulo</strong></span> <span class='ocrx_word' id='word_1_847' title='bbox 2357 4930 2653 5007; x_wconf 62' lang='lat' dir='ltr'><strong>insignitus</strong></span> <span class='ocrx_word' id='word_1_848' title='bbox 2678 4973 2694 4997; x_wconf 96' lang='lat'><strong>,</strong></span> <span class='ocrx_word' id='word_1_849' title='bbox 2744 4930 2796 5007; x_wconf 82' lang='lat' dir='ltr'><strong>iu</strong></span> <span class='ocrx_word' id='word_1_850' title='bbox 2848 4927 2981 5007; x_wconf 72' lang='lat' dir='ltr'><strong>pago</strong></span> <span class='ocrx_word' id='word_1_851' title='bbox 3021 4930 3355 5007; x_wconf 65' lang='lat' dir='ltr'><strong>Qadrelleusi</strong></span> <span class='ocrx_word' id='word_1_852' title='bbox 3385 4931 3458 4998; x_wconf 73' lang='lat' dir='ltr'><strong>(le</strong></span> 
     </span>
    </p>
   </div>
   <div class='ocr_carea' id='block_1_119' title="bbox 1889 4996 3456 5071">
    <p class='ocr_par' dir='ltr' id='par_1_119' title="bbox 1889 4996 3456 5071">
     <span class='ocr_line' id='line_1_122' title="bbox 1889 4996 3456 5071; baseline 0.003 -20"><span class='ocrx_word' id='word_1_853' title='bbox 1889 4996 2202 5071; x_wconf 61' lang='lat' dir='ltr'><strong>Cluirolais),</strong></span> <span class='ocrx_word' id='word_1_854' title='bbox 2224 4996 2509 5071; x_wconf 17' lang='lat' dir='ltr'><strong>AadArotii</strong></span> <span class='ocrx_word' id='word_1_855' title='bbox 2542 4996 2761 5071; x_wconf 69' lang='lat' dir='ltr'><strong>(FArOu)</strong></span> <span class='ocrx_word' id='word_1_856' title='bbox 2800 4996 2857 5054; x_wconf 85' lang='lat' dir='ltr'><strong>et</strong></span> <span class='ocrx_word' id='word_1_857' title='bbox 2874 4996 3072 5071; x_wconf 70' lang='lat' dir='ltr'><strong>Ligeris</strong></span> <span class='ocrx_word' id='word_1_858' title='bbox 3102 4996 3456 5056; x_wconf 82' lang='lat' dir='ltr'><strong>conﬂuentes.</strong></span> 
     </span>
    </p>
   </div>
   <div class='ocr_carea' id='block_1_120' title="bbox 1962 5068 3185 5136">
    <p class='ocr_par' dir='ltr' id='par_1_120' title="bbox 1962 5068 3185 5136">
     <span class='ocr_line' id='line_1_123' title="bbox 1962 5068 3185 5136; baseline 0.003 -18"><span class='ocrx_word' id='word_1_859' title='bbox 1962 5069 1976 5118; x_wconf 81' lang='lat' dir='ltr'><strong>l</strong></span> <span class='ocrx_word' id='word_1_860' title='bbox 2023 5068 2111 5124; x_wconf 82' lang='lat' dir='ltr'><strong>Sic</strong></span> <span class='ocrx_word' id='word_1_861' title='bbox 2144 5068 2275 5121; x_wconf 72' lang='lat' dir='ltr'><strong>lioh.</strong></span> <span class='ocrx_word' id='word_1_862' title='bbox 2311 5070 2406 5123; x_wconf 83' lang='lat' dir='ltr'><strong>Ed.</strong></span> <span class='ocrx_word' id='word_1_863' title='bbox 2437 5068 2581 5136; x_wconf 86' lang='lat' dir='ltr'><strong>vero,</strong></span> <span class='ocrx_word' id='word_1_864' title='bbox 2614 5068 2874 5125; x_wconf 78' lang='lat' dir='ltr'><strong>remeavit.</strong></span> <span class='ocrx_word' id='word_1_865' title='bbox 2900 5068 2981 5122; x_wconf 83' lang='lat' dir='ltr'><strong>Ibi</strong></span> <span class='ocrx_word' id='word_1_866' title='bbox 3004 5074 3185 5123; x_wconf 81' lang='lat' dir='ltr'><strong>victus.</strong></span> 
     </span>
    </p>
   </div>
   <div class='ocr_carea' id='block_1_121' title="bbox 1959 5137 3469 5209">
    <p class='ocr_par' dir='ltr' id='par_1_121' title="bbox 1959 5137 3469 5209">
     <span class='ocr_line' id='line_1_124' title="bbox 1959 5137 3469 5209; baseline 0.001 -18"><span class='ocrx_word' id='word_1_867' title='bbox 1959 5137 1984 5175; x_wconf 74' lang='grc' dir='ltr'><strong>¹ι</strong></span> <span class='ocrx_word' id='word_1_868' title='bbox 2028 5140 2183 5192; x_wconf 81' lang='lat' dir='ltr'><strong>Freli.</strong></span> <span class='ocrx_word' id='word_1_869' title='bbox 2214 5151 2265 5192; x_wconf 90' lang='lat' dir='ltr'><strong>et</strong></span> <span class='ocrx_word' id='word_1_870' title='bbox 2296 5139 2428 5194; x_wconf 82' lang='lat' dir='ltr'><strong>Can.</strong></span> <span class='ocrx_word' id='word_1_871' title='bbox 2462 5142 2547 5193; x_wconf 87' lang='lat' dir='ltr'><strong>hic</strong></span> <span class='ocrx_word' id='word_1_872' title='bbox 2571 5141 2769 5194; x_wconf 86' lang='lat' dir='ltr'><strong>addunt</strong></span> <span class='ocrx_word' id='word_1_873' title='bbox 2798 5157 2845 5194; x_wconf 73' lang='lat' dir='ltr'><strong>ei</strong></span> <span class='ocrx_word' id='word_1_874' title='bbox 2868 5141 3209 5209; x_wconf 80' lang='lat' dir='ltr'><strong>plurimorum</strong></span> <span class='ocrx_word' id='word_1_875' title='bbox 3235 5139 3469 5193; x_wconf 53' lang='lat' dir='ltr'><strong>nationi:</strong></span> 
     </span>
    </p>
   </div>
   <div class='ocr_carea' id='block_1_122' title="bbox 1882 5209 3453 5280">
    <p class='ocr_par' dir='ltr' id='par_1_122' title="bbox 1882 5209 3453 5280">
     <span class='ocr_line' id='line_1_125' title="bbox 1882 5209 3453 5280; baseline 0.003 -19"><span class='ocrx_word' id='word_1_876' title='bbox 1882 5210 1971 5277; x_wconf 84' lang='lat' dir='ltr'><strong>qui</strong></span> <span class='ocrx_word' id='word_1_877' title='bbox 2000 5209 2053 5262; x_wconf 81' lang='lat' dir='ltr'><strong>in</strong></span> <span class='ocrx_word' id='word_1_878' title='bbox 2074 5225 2227 5278; x_wconf 83' lang='lat' dir='ltr'><strong>regno</strong></span> <span class='ocrx_word' id='word_1_879' title='bbox 2247 5226 2340 5263; x_wconf 71' lang='lat' dir='ltr'><strong>suo</strong></span> <span class='ocrx_word' id='word_1_880' title='bbox 2368 5213 2829 5277; x_wconf 81' lang='lat' dir='ltr'><strong>commorabantur,</strong></span> <span class='ocrx_word' id='word_1_881' title='bbox 2853 5225 2973 5280; x_wconf 72' lang='lat' dir='ltr'><strong>qua:</strong></span> <span class='ocrx_word' id='word_1_882' title='bbox 2994 5210 3153 5264; x_wconf 86' lang='lat' dir='ltr'><strong>verba</strong></span> <span class='ocrx_word' id='word_1_883' title='bbox 3178 5210 3235 5265; x_wconf 87' lang='lat' dir='ltr'><strong>in</strong></span> <span class='ocrx_word' id='word_1_884' title='bbox 3262 5210 3453 5265; x_wconf 72' lang='lat' dir='ltr'><strong>iisdem</strong></span> 
     </span>
    </p>
   </div>
   <div class='ocr_carea' id='block_1_123' title="bbox 1881 5280 2430 5348">
    <p class='ocr_par' dir='ltr' id='par_1_123' title="bbox 1881 5280 2430 5348">
     <span class='ocr_line' id='line_1_126' title="bbox 1881 5280 2430 5348; baseline 0.002 -16"><span class='ocrx_word' id='word_1_885' title='bbox 1881 5285 2076 5333; x_wconf 87' lang='lat' dir='ltr'><strong>desunt</strong></span> <span class='ocrx_word' id='word_1_886' title='bbox 2098 5280 2147 5333; x_wconf 89' lang='lat' dir='ltr'><strong>in</strong></span> <span class='ocrx_word' id='word_1_887' title='bbox 2173 5296 2289 5347; x_wconf 85' lang='lat' dir='ltr'><strong>cap.</strong></span> <span class='ocrx_word' id='word_1_888' title='bbox 2317 5296 2430 5348; x_wconf 78' lang='lat' dir='ltr'><strong>Seq.</strong></span> 
     </span>
    </p>
   </div>
   <div class='ocr_carea' id='block_1_124' title="bbox 1957 5348 3455 5419">
    <p class='ocr_par' dir='ltr' id='par_1_124' title="bbox 1957 5348 3455 5419">
     <span class='ocr_line' id='line_1_127' title="bbox 1957 5348 3455 5419; baseline 0.001 -15"><span class='ocrx_word' id='word_1_889' title='bbox 1957 5348 1993 5388; x_wconf 59' lang='grc' dir='ltr'>ι</span> <span class='ocrx_word' id='word_1_890' title='bbox 2019 5351 2132 5404; x_wconf 77' lang='lat' dir='ltr'><strong>.lam</strong></span> <span class='ocrx_word' id='word_1_891' title='bbox 2159 5364 2340 5419; x_wconf 84' lang='lat' dir='ltr'><strong>supra,</strong></span> <span class='ocrx_word' id='word_1_892' title='bbox 2368 5366 2488 5419; x_wconf 88' lang='lat' dir='ltr'><strong>cap.</strong></span> <span class='ocrx_word' id='word_1_893' title='bbox 2517 5349 2641 5415; x_wconf 76' lang='grc'><strong>125,</strong></span> <span class='ocrx_word' id='word_1_894' title='bbox 2674 5348 2921 5412; x_wconf 83' lang='lat' dir='ltr'><strong>Campum</strong></span> <span class='ocrx_word' id='word_1_895' title='bbox 2952 5349 3185 5405; x_wconf 74' lang='lat' dir='ltr'><strong>Modiam</strong></span> <span class='ocrx_word' id='word_1_896' title='bbox 3214 5350 3455 5419; x_wconf 87' lang='lat' dir='ltr'><strong>appella-</strong></span> 
     </span>
    </p>
   </div>
   <div class='ocr_carea' id='block_1_125' title="bbox 1881 5419 3452 5479">
    <p class='ocr_par' dir='ltr' id='par_1_125' title="bbox 1881 5419 3452 5479">
     <span class='ocr_line' id='line_1_128' title="bbox 1881 5419 3452 5479; baseline 0.003 -7"><span class='ocrx_word' id='word_1_897' title='bbox 1881 5424 1971 5475; x_wconf 89' lang='lat' dir='ltr'><strong>vit.</strong></span> <span class='ocrx_word' id='word_1_898' title='bbox 2002 5421 2157 5479; x_wconf 70' lang='lat' dir='ltr'><strong>llanc,</strong></span> <span class='ocrx_word' id='word_1_899' title='bbox 2176 5437 2301 5474; x_wconf 90' lang='lat' dir='ltr'><strong>vero</strong></span> <span class='ocrx_word' id='word_1_900' title='bbox 2333 5422 2676 5475; x_wconf 89' lang='lat' dir='ltr'><strong>mutationem</strong></span> <span class='ocrx_word' id='word_1_901' title='bbox 2699 5436 2842 5474; x_wconf 91' lang='lat' dir='ltr'><strong>anno</strong></span> <span class='ocrx_word' id='word_1_902' title='bbox 2861 5419 2966 5474; x_wconf 79' lang='lat'><strong>755</strong></span> <span class='ocrx_word' id='word_1_903' title='bbox 2994 5421 3185 5475; x_wconf 78' lang='lat' dir='ltr'><strong>factam</strong></span> <span class='ocrx_word' id='word_1_904' title='bbox 3215 5423 3452 5478; x_wconf 82' lang='lat' dir='ltr'><strong>referunt</strong></span> 
     </span>
    </p>
   </div>
   <div class='ocr_carea' id='block_1_126' title="bbox 1879 5492 3451 5564">
    <p class='ocr_par' dir='ltr' id='par_1_126' title="bbox 1879 5492 3451 5564">
     <span class='ocr_line' id='line_1_129' title="bbox 1879 5492 3451 5564; baseline 0.003 -19"><span class='ocrx_word' id='word_1_905' title='bbox 1879 5494 2112 5564; x_wconf 79' lang='lat' dir='ltr'><strong>Annales</strong></span> <span class='ocrx_word' id='word_1_906' title='bbox 2138 5492 2432 5546; x_wconf 88' lang='lat' dir='ltr'><strong>Petaviaui.</strong></span> <span class='ocrx_word' id='word_1_907' title='bbox 2464 5492 2787 5564; x_wconf 83' lang='lat' dir='ltr'><strong>llincmarus</strong></span> <span class='ocrx_word' id='word_1_908' title='bbox 2811 5493 2861 5545; x_wconf 92' lang='lat' dir='ltr'><strong>in</strong></span> <span class='ocrx_word' id='word_1_909' title='bbox 2890 5493 3002 5546; x_wconf 84' lang='lat' dir='ltr'><strong>Vita</strong></span> <span class='ocrx_word' id='word_1_910' title='bbox 3026 5492 3195 5546; x_wconf 82' lang='lat' dir='ltr'><strong>sancti</strong></span> <span class='ocrx_word' id='word_1_911' title='bbox 3224 5494 3451 5564; x_wconf 69' lang='lat' dir='ltr'><strong>Remigii</strong></span> 
     </span>
    </p>
   </div>
   <div class='ocr_carea' id='block_1_127' title="bbox 1876 5562 3454 5631">
    <p class='ocr_par' dir='ltr' id='par_1_127' title="bbox 1876 5562 3454 5631">
     <span class='ocr_line' id='line_1_130' title="bbox 1876 5562 3454 5631; baseline -0.001 -14"><span class='ocrx_word' id='word_1_912' title='bbox 1876 5563 2133 5631; x_wconf 85' lang='lat' dir='ltr'><strong>Campum</strong></span> <span class='ocrx_word' id='word_1_913' title='bbox 2160 5564 2405 5617; x_wconf 82' lang='lat' dir='ltr'><strong>Martium</strong></span> <span class='ocrx_word' id='word_1_914' title='bbox 2453 5577 2481 5615; x_wconf 87' lang='lat' dir='ltr'><strong>a</strong></span> <span class='ocrx_word' id='word_1_915' title='bbox 2514 5562 2681 5631; x_wconf 73' lang='lat' dir='ltr'><strong>Marte</strong></span> <span class='ocrx_word' id='word_1_916' title='bbox 2711 5565 2789 5616; x_wconf 89' lang='lat' dir='ltr'><strong>sic</strong></span> <span class='ocrx_word' id='word_1_917' title='bbox 2830 5564 2991 5617; x_wconf 72' lang='lat' dir='ltr'><strong>fuisse</strong></span> <span class='ocrx_word' id='word_1_918' title='bbox 3023 5564 3343 5630; x_wconf 86' lang='lat' dir='ltr'><strong>appellatum</strong></span> <span class='ocrx_word' id='word_1_919' title='bbox 3369 5562 3454 5617; x_wconf 68' lang='lat' dir='ltr'><strong>iii-</strong></span> 
     </span>
    </p>
   </div>
   <div class='ocr_carea' id='block_1_128' title="bbox 1875 5630 3453 5704">
    <p class='ocr_par' dir='ltr' id='par_1_128' title="bbox 1875 5630 3453 5704">
     <span class='ocr_line' id='line_1_131' title="bbox 1875 5630 3453 5704; baseline 0.001 -17"><span class='ocrx_word' id='word_1_920' title='bbox 1875 5636 1980 5698; x_wconf 90' lang='lat' dir='ltr'><strong>cit,</strong></span> <span class='ocrx_word' id='word_1_921' title='bbox 2015 5630 2164 5704; x_wconf 71' lang='lat' dir='ltr'><strong>quem</strong></span> <span class='ocrx_word' id='word_1_922' title='bbox 2220 5634 2520 5699; x_wconf 80' lang='lat' dir='ltr'><strong>poslcriores</strong></span> <span class='ocrx_word' id='word_1_923' title='bbox 2552 5630 2742 5686; x_wconf 73' lang='lat' dir='ltr'><strong>Franci</strong></span> <span class='ocrx_word' id='word_1_924' title='bbox 2785 5633 2885 5687; x_wconf 84' lang='lat' dir='ltr'><strong>Mai</strong></span> <span class='ocrx_word' id='word_1_925' title='bbox 2924 5633 3213 5701; x_wconf 83' lang='lat' dir='ltr'><strong>Campum,</strong></span> <span class='ocrx_word' id='word_1_926' title='bbox 3237 5637 3453 5704; x_wconf 84' lang='lat' dir='ltr'><strong>quando</strong></span> 
     </span>
    </p>
   </div>
   <div class='ocr_carea' id='block_1_129' title="bbox 1877 5704 3443 5779">
    <p class='ocr_par' dir='ltr' id='par_1_129' title="bbox 1877 5704 3443 5779">
     <span class='ocr_line' id='line_1_132' title="bbox 1877 5704 3443 5779; baseline 0.001 -20"><span class='ocrx_word' id='word_1_927' title='bbox 1877 5720 2030 5779; x_wconf 70' lang='lat' dir='ltr'><strong>reges</strong></span> <span class='ocrx_word' id='word_1_928' title='bbox 2057 5706 2122 5761; x_wconf 89' lang='lat' dir='ltr'><strong>ad</strong></span> <span class='ocrx_word' id='word_1_929' title='bbox 2155 5706 2290 5763; x_wconf 83' lang='lat' dir='ltr'><strong>bella</strong></span> <span class='ocrx_word' id='word_1_930' title='bbox 2320 5704 2501 5762; x_wconf 81' lang='lat' dir='ltr'><strong>solent</strong></span> <span class='ocrx_word' id='word_1_931' title='bbox 2525 5706 2833 5776; x_wconf 82' lang='lat' dir='ltr'><strong>procedere,</strong></span> <span class='ocrx_word' id='word_1_932' title='bbox 2854 5704 3048 5765; x_wconf 84' lang='lat' dir='ltr'><strong>vocari</strong></span> <span class='ocrx_word' id='word_1_933' title='bbox 3078 5705 3443 5763; x_wconf 81' lang='lat' dir='ltr'><strong>instituenuit.</strong></span> 
     </span>
    </p>
   </div>
  </div>
