4020 6194
633 268 734 323 6:25
1231 262 1649 321 FItIiDECAIlII
1689 256 2131 317 SCIIOLASTICI
2188 255 2438 313 (IIIRON.
2480 258 2752 317 CONTIN.
2793 262 2969 319 PARS
3006 264 3311 332 QUARTA.
3824 271 3949 326 636

631 386 753 460 [AL
803 380 1135 453 Equitanize]
1191 381 1459 450 provincia
1509 378 1734 433 nimium
1785 382 1987 428 vastata
2012 415 2026 439 ,
2082 384 2201 423 cu'n
2233 368 2280 427 Α
2311 369 2499 428 farium
2532 378 2610 431 ire
2633 379 2944 434 destinavit.
2978 379 3237 436 Bertrada
3256 380 3442 450 regina
3469 381 3801 438 Aurelianis
3835 400 3945 438 ve-

632 479 793 532 mulL-t
829 475 1003 543 praeda
1032 489 1095 529 ac
1124 474 1341 543 spoliis,
1392 487 1485 541 per
1513 485 1704 540 pagum
1731 465 2125 535 Petregoricum
2156 470 2209 516 et
2315 467 2465 520 niens
2490 508 2506 533 ,
2538 481 2592 522 et
2618 470 2741 524 inde
2763 472 2934 525 navali
2966 473 3243 527 evectione
3271 487 3366 541 per
3405 472 3652 543 Ligerem
3676 473 3940 529 ﬂuvium

632 569 1011 637 Eqnolismatu,
1022 568 1134 638 jam
1164 583 1300 637 pene
1322 566 1467 621 omni
1500 562 1783 633 Aquitania
1802 558 2205 626 acquisita,cum
2313 573 2481 626 usque
2501 562 2567 613 ad
2589 561 2767 617 Sellus
2798 560 2817 599 ¹
2852 574 3089 617 castrum
3116 579 3277 633 super
3303 564 3521 618 ﬂuvium
3545 563 3724 630 ipsius
3760 565 3939 635 Lige-

627 661 773 715 umni
801 660 1036 715 exercitu
1073 659 1397 713 Francorum
1445 657 1637 710 iterum
1676 668 1743 707 eo
1772 666 1914 705 anno
1959 661 2208 702 reversus
2312 650 2385 702 ris
2416 655 2660 715 pervenit
2706 654 2838 726 [A1,
2890 654 3270 731 pervenias],
3325 656 3419 709 "is
3456 656 3636 725 itaque
3685 657 3888 726 ερειίε
3912 696 3931 722 ν

627 762 709 805 est
754 753 806 804 in
841 750 1115 805 Franciam
1148 765 1270 804 cum
1300 749 1412 802 suis
1434 746 1701 800 omnibus.
2311 743 2614 797 nuntiatum
2645 754 2730 799 est
2775 746 2889 815 regi
2914 747 3054 815 quod
3087 748 3234 801 missi
3278 748 3391 813 sui,
3423 762 3560 816 quos
3587 747 3817 802 dudum
3852 747 3927 801 ad

697 837 1574 910 700As.ncccxvn.—CXXXII.
1594 838 1784 891 Iterum
1798 834 2202 901 dcnuosequen-
2308 833 2621 888 Amormuni
2652 845 2677 883 ε
2702 852 2881 905 regem
2913 837 3331 893 Sarracenorum
3359 840 3599 902 tttiserat,
3630 851 3768 907 post
3802 849 3928 893 tres

628 932 663 984 ti
694 933 1291 993 anno,comtnotoomni
1306 935 1542 985 exercitu
1558 930 1885 984 Francorum
1906 942 1996 994 per
2014 941 2199 995 pagum
2308 940 2477 979 annos
2499 928 2563 980 ad
2592 928 2877 984 Massiliam
2905 931 3109 985 reversi
3138 931 3383 993 fuissent,
3408 932 3741 1003 legationem
3771 946 3927 999 pra:-

625 1024 998 1089 Trecasitmm,
1028 1025 1151 1080 inde
1173 1024 1238 1078 ad
1271 1026 1450 1078 urbem
1482 1022 1874 1077 Autisioderum
1897 1019 2114 1074 veniens
2138 1018 2202 1071 ad

624 1126 857 1167 castrum
910 1116 1049 1180 quod
1083 1125 1302 1169 vocatur
1350 1113 1600 1167 Gordiuis
1646 1122 1706 1177 η,
1737 1128 1857 1167 cum
1891 1112 2068 1181 regina
2107 1125 2200 1163 sua

629 1206 989 1267 licrtradane.
1034 1207 1143 1276 jam
1191 1206 1504 1261 fiducialiter
1550 1206 1738 1275 Ligere
1783 1212 2076 1269 transacto,
2127 1202 2193 1256 ad

626 1300 897 1353 lietOricas
942 1298 1209 1367 accessit,
1259 1299 1510 1368 palatium
1560 1298 1661 1352 sibi
1709 1298 1977 1352 (ediiieare
2019 1297 2194 1365 jubet.

624 1392 817 1445 Iterum
849 1390 1051 1459 Campo
1081 1392 1273 1458 Madiu,
1307 1392 1449 1445 sicut
1478 1405 1594 1443 mos
1622 1400 1759 1451 erat,
1787 1389 1981 1443 ibidem
2016 1396 2199 1441 tenere

621 1481 792 1552 jubet,
828 1482 1065 1552 initoque
1094 1483 1319 1538 consilio
1344 1498 1465 1537 cum
1500 1481 1808 1550 proceribus
1834 1478 1977 1540 suis,
2009 1481 2200 1547 prrel'a-

623 1581 731 1627 tam
763 1575 997 1643 reginam
1048 1576 1424 1629 Bertradauem
1451 1572 1478 1613 ι’
1502 1614 1517 1639 ,
1558 1590 1678 1627 cum
1725 1571 1945 1640 reliquis
1976 1570 2196 1625 Francis

622 1681 685 1720 ac
712 1668 997 1723 comitibus
1027 1669 1267 1724 fidelibus
1296 1669 1408 1723 suis
1427 1710 1441 1731 ,
1474 1669 1525 1721 in
1557 1667 1805 1735 przedicta
1848 1666 2086 1720 Betorica
2113 1665 2196 1719 di-

2308 1019 2432 1071 dieti
2466 1024 2779 1076 Amormuui
2828 1023 2976 1093 regis
3016 1024 3434 1079 Sarracenorum
3473 1025 3540 1079 ad
3566 1025 3924 1094 przedictum

2306 1125 2483 1179 regem
2535 1126 2654 1165 cum
2705 1113 2885 1167 multis
2937 1116 3247 1169 muneribus
3294 1131 3476 1170 secum
3528 1115 3920 1169 adduxerant.

2304 1204 2454 1270 Quod
2485 1220 2606 1259 cum
2652 1218 2986 1275 compertum
3034 1208 3144 1277 regi
3176 1208 3397 1274 luisset,
3438 1209 3634 1262 missos
3663 1220 3811 1260 suos
3846 1206 3919 1259 ad

2306 1308 2424 1347 eam
2457 1295 2695 1362 direxit,
2743 1298 2831 1364 qui
2883 1298 3051 1365 ipsam
3093 1298 3414 1369 legationem
3447 1297 3574 1370 [Ed.
3603 1339 3619 1362 ,
3648 1298 3749 1365 qui
3784 1294 3917 1366 eos]

2304 1388 2677 1442 venerabiliter
2704 1390 3031 1457 reciperent,
3048 1400 3103 1444 et
3130 1405 3296 1459 usque
3324 1390 3388 1443 ad
3413 1390 3591 1443 Mettis
3613 1388 3916 1442 civitatem

2300 1476 2363 1527 ad
2398 1476 2740 1530 hiemandum
2792 1478 3075 1534 ducerent.
3130 1478 3296 1548 Igitur
3331 1479 3685 1547 suprascripti
3718 1478 3915 1531 comi-

2303 1578 2419 1632 tes,
2449 1570 2539 1638 qui
2588 1570 2654 1623 ad
2701 1570 3067 1625 Itemistanum
3101 1571 3420 1639 capiendum
3464 1571 3613 1625 missi
3654 1570 3913 1632 fuerant,

2303 1676 2396 1729 per
2420 1662 2658 1716 divinum
2685 1662 2943 1732 judicium
2969 1673 3022 1718 et
3054 1665 3210 1719 {idem
3243 1664 3380 1733 regis
3406 1678 3526 1717 eum
3558 1663 3815 1731 capiunt,
3850 1670 3913 1717 et

625 1757 790 1810 misit.
845 1759 960 1827 Ipse
1006 1760 1290 1826 prmdictus
1332 1774 1427 1813 rex
1475 1773 1595 1812 cum
1635 1756 1854 1826 reliquis
1900 1755 2119 1810 Francis
2144 1765 2200 1809 et
2231 1750 2276 1810 Β
2306 1752 2521 1821 ligatum
2548 1755 2612 1807 ad
2664 1757 3006 1824 praesentiant
3042 1756 3179 1823 regis
3208 1769 3328 1809 cum
3362 1770 3535 1808 uxore
3575 1769 3674 1809 sua
3712 1753 3909 1807 addu-

621 1848 967 1916 optimatibus
1010 1849 1119 1902 suis
1161 1848 1226 1902 ad
1277 1850 1704 1920 persequendum
1756 1848 2068 1903 Waifarium
2119 1850 2198 1903 ire

621 1942 881 2007 perrexit.
930 1939 1170 2009 Cumque
1217 1942 1505 2009 praztlictus
1534 1957 1624 1997 rex
1671 1944 1842 2011 ipsum
1881 1940 2194 1996 Waifarium

621 2044 949 2099 persequens
979 2046 1081 2085 non
1114 2032 1411 2097 reperiret,
1449 2033 1559 2103 jam
1589 2042 1797 2103 tempus
1834 2034 2025 2088 hiemis
2055 2044 2193 2095 erat,

620 2135 741 2174 cum
771 2124 914 2174 omni
945 2125 1183 2177 exercitu
1208 2123 1273 2177 ad
1305 2124 1612 2189 Betoricas,
1642 2126 1727 2179 ubi
1757 2126 2028 2193 praefatam
2060 2125 2196 2194 regi-

620 2228 741 2267 nam
777 2214 1152 2270 Bertradanem
1184 2215 1485 2278 dimiserat,
1517 2232 1762 2270 reversus
1791 2225 1894 2271 est.

690 2302 972 2359 CXXXIII.
1021 2305 1151 2359 Dum
1203 2306 1317 2359 hzec
1351 2316 1654 2377 agerentur,
1689 2306 2026 2362 Itemistanns
2055 2306 2195 2361 filius

620 2395 838 2451 Eudone
867 2408 889 2434 ο
923 2399 1186 2465 quondam
1216 2399 1373 2453 fidem
1405 2415 1552 2453 suam
1573 2400 1599 2463 ,'
1616 2415 1771 2469 quam
1797 2401 2049 2468 praedicto
2080 2400 2192 2468 regi

620 2486 843 2554 Pippino
872 2490 1207 2556 promiserat,
1238 2478 1459 2557 fefellit;
1490 2501 1542 2545 et
1567 2492 1635 2547 ad
1662 2491 1972 2546 Waifarium
1998 2493 2190 2547 iterum

621 2576 879 2641 veniens,
928 2578 1148 2632 ditionis
1198 2595 1309 2633 suae
1357 2596 1415 2634 se
1445 2582 1665 2635 faciens.
1720 2582 1870 2648 Quod
1899 2581 2192 2637 Waifarius

619 2684 739 2723 cum
770 2685 962 2739 magno
991 2672 1187 2738 gaudio
1215 2687 1336 2725 eum
1381 2674 1616 2740 recepit,
1666 2683 1723 2729 et
1763 2673 2058 2742 adjutorem
2087 2674 2192 2730 sibi

617 2772 806 2816 contra
838 2762 1070 2819 Francos
1110 2772 1165 2820 et
1209 2764 1517 2833 praedictum
1563 2780 1741 2836 regem
1781 2781 1902 2820 eum
1940 2767 2190 2821 instituit.

621 2855 1023 2922 Superscriptus
1071 2854 1412 2911 liemistanus
1439 2866 1628 2910 contra
1668 2857 1978 2924 prazdictum
2012 2872 2188 2926 regem

618 2957 672 3000 (ιι
700 2947 951 3011 Francos,
986 2963 1080 3003 seu
1111 2948 1377 3003 custodias
1405 2964 1537 3018 quas
1572 2949 1686 3018 ipse
1722 2964 1813 3003 rex
1845 2949 1896 3003 iu
1922 2950 2088 3019 ipsius
2114 2949 2191 3004 ci-

618 3039 867 3093 vitatibus
895 3038 1191 3105 dimiserat,
1225 3039 1445 3094 nimium
1478 3040 1701 3095 infestus
1723 3043 1981 3107 accessit,
2008 3051 2062 3095 et
2087 3041 2186 3095 Be-

2301 1857 2517 1901 xeruut.
2550 1848 2719 1913 Quem
2747 1851 2925 1901 statim
2962 1865 3055 1902 rex
3095 1848 3349 1903 Unibcrto
3383 1856 3439 1901 et
3461 1847 3777 1902 Gbiselario
3802 1862 3908 1901 co-

2300 1939 2523 1995 mitibus
2580 1940 2838 1995 Betoricze
2890 1943 3120 1996 civitatis
3167 1942 3336 2011 ipsum
3398 1940 3775 1994 Remistanmn
3839 1943 3895 1995 in

2300 2034 2538 2103 patibulo
2584 2035 2841 2102 suspendi
2886 2034 3069 2103 jussit.
3133 2034 3424 2089 Prtedietus
3476 2050 3567 2087 rex
3628 2033 3896 2101 Pippinus

2296 2144 2468 2198 usque
2495 2129 2560 2182 ad
2590 2127 2894 2183 Garonnam
2926 2128 3180 2190 accessit;
3212 2127 3283 2181 ibi
3327 2126 3651 2189 Wascones,
3682 2126 3776 2194 qui
3810 2125 3896 2177 ul-

2299 2228 2380 2273 tra
2426 2219 2736 2274 Garunnam
2782 2227 3219 2285 commorantur,
3268 2218 3333 2270 ad
3382 2218 3497 2285 ejus
3537 2216 3894 2284 prmsentiam

2297 2321 2597 2379 venerunt,
2647 2325 2701 2368 et
2743 2322 3079 2368 sacramenta
3128 2321 3182 2368 et
3221 2312 3438 2366 obsides
3474 2311 3738 2381 praedicto
3769 2312 3891 2381 regi

2294 2404 2496 2457 donant
2519 2443 2534 2469 ,
2582 2411 2640 2457 ut
2685 2419 2899 2473 semper
2937 2402 3120 2458 fideles
3158 2404 3395 2472 partibus
3428 2403 3568 2473 regis
3593 2445 3607 2467 ,
3657 2417 3720 2455 ac
3754 2402 3891 2457 filiis

2294 2496 2405 2549 suis
2433 2494 2627 2549 Carolo
2664 2504 2719 2549 et
2758 2492 3118 2549 Carlomanuo
3146 2497 3291 2549 omni
3334 2506 3568 2563 tempore
3611 2509 3732 2548 esse
3770 2494 3885 2547 de-

2294 2585 2474 2639 beant.
2527 2586 2591 2639 Et
2637 2585 2756 2638 alia:
2808 2586 2989 2639 multm
3033 2586 3378 2655 quamplures
3403 2595 3586 2653 gentes
3620 2599 3686 2637 ex
3722 2595 3889 2652 parte

2294 2677 2535 2733 Waifarii
2564 2679 2629 2732 ad
2657 2694 2777 2733 eum
2805 2680 3082 2733 venientes
3106 2718 3121 2743 ,
3154 2690 3207 2733 et
3242 2696 3301 2732 se
3326 2677 3506 2732 ditioni
3543 2691 3651 2729 suae
3679 2675 3887 2732 subdi-

2293 2770 2507 2826 derunt.
2561 2770 2675 2825 Rex
2712 2785 2841 2825 vero
2880 2770 3133 2839 Pippinus
3178 2769 3474 2839 benigniter
3500 2782 3592 2822 eos
3629 2767 3681 2820 in
3714 2781 3882 2821 suam

2296 2862 2556 2916 ditionem
2582 2861 2803 2930 recepit.
2853 2859 3141 2915 Waifarius
3176 2877 3297 2916 cum
3330 2860 3508 2926 paucis
3537 2874 3628 2927 per
3656 2858 3881 2924 silvam,

2291 2969 2409 3023 qua:
2446 2960 2666 3007 vocatur
2710 2952 2949 3007 Edobola
2972 2948 3035 3017 ιι,
3083 2953 3135 3006 in
3170 2960 3303 3022 pago
3336 2952 3719 3005 Petrocorreco
3750 2950 3880 3005 lati-

2294 3056 2451 3112 tans,
2485 3044 2590 3099 huc
2633 3044 2865 3114 illucque
2914 3050 3136 3111 vagatur
3178 3042 3433 3096 incertus.
3489 3040 3751 3096 Praefatus
3778 3056 3878 3095 rex

616 3132 871 3198 torinum,
902 3146 996 3185 seu
1028 3130 1403 3187 Limoticiuum
1428 3173 1443 3198 ,
1480 3132 1623 3202 quod
1652 3134 1764 3201 ipse
1792 3148 1885 3186 rex
1915 3132 2181 3202 acquisie-
2213 3123 2259 3185 C
2292 3138 2542 3207 Pippiuus
2590 3137 2750 3207 702
2794 3136 2861 3190 ad
2909 3134 3224 3191 Waifarium
3270 3132 3592 3202 capiendum
3643 3134 3869 3189 insidias

616 3235 720 3288 rat,
751 3224 1042 3293 praedando
1063 3225 1283 3279 nimium
1312 3227 1559 3291 vastavit,
1582 3225 1652 3279 ita
1683 3237 1739 3280 ut
1761 3225 1936 3279 nullus
1963 3226 2187 3279 colonus

616 3323 769 3367 terra:
800 3312 866 3366 ad
896 3313 1391 3378 laborandum,tam
1419 3329 1576 3382 agros
1604 3329 1762 3384 quam
1793 3315 1978 3369 vineas
2008 3316 2187 3370 colere

617 3423 725 3461 non
755 3407 1007 3463 audebat.
1064 3407 1358 3463 Prazdictus
1387 3424 1483 3462 rex
1515 3407 1771 3477 Pippiuus
1814 3410 1865 3463 in
1914 3410 2187 3464 Betoricas

611 3512 707 3569 per
738 3500 966 3555 hiemem
995 3510 1156 3556 totam
1180 3516 1299 3554 cum
1327 3503 1505 3571 regina
1530 3517 1625 3556 sua
1655 3502 1979 3557 Bertradane
2010 3505 2061 3557 in
2095 3520 2186 3572 pa-

614 3592 741 3647 latio
788 3593 1009 3648 resedit.
1055 3594 1249 3648 'I‘otum
1295 3594 1589 3649 exercitth
1620 3609 1773 3648 suum
1815 3610 1908 3664 per
1944 3595 2185 3664 Burgun-

609 3685 750 3740 diam
774 3687 839 3741 ad
873 3687 1211 3743 biemandum
1243 3690 1458 3744 mittens
1484 3730 1498 3753 ,
1548 3688 1734 3743 Natale
1765 3688 1972 3743 Domini
2016 3692 2181 3743 nostri

608 3779 735 3834 Jesu
761 3780 957 3834 Christi
987 3789 1042 3835 et
1083 3790 1321 3835 sanetam
1363 3780 1710 3849 Epiphaniam
1740 3781 1876 3848 apud
1913 3781 2183 3834 Betoricas

608 3872 797 3926 urbem
832 3887 927 3940 per
963 3871 1246 3927 consilium
1294 3872 1666 3942 episcoporum
1717 3871 1798 3926 vel
1841 3872 2179 3925 sacerdotum

608 3966 987 4020 venerabiliter
1016 3966 1327 4021 celebravit.

676 4057 780 4113 Att.
815 4074 1174 4113 occcxvnn—
1194 4058 1479 4113 CXXXIV.
1508 4058 1732 4113 Evoluto
1762 4057 1917 4128 igitur
1944 4072 2008 4111 eo
2040 4070 2182 4110 anno

607 4150 769 4220 701
799 4166 921 4203 cum
950 4151 1003 4204 in
1036 4151 1308 4204 Betoricas
1332 4151 1613 4216 resideret,
1653 4150 1918 4204 mediante
1944 4146 2182 4202 Februa-

609 4259 708 4311 rio,
744 4258 957 4298 omnem
996 4247 1291 4298 exercitum
1317 4259 1509 4310 suum,
1549 4258 1708 4312 quem
1742 4244 1791 4296 in
1816 4240 2179 4311 Burgundiam

605 4336 671 4391 ad
699 4337 1040 4392 hiemandum
1072 4338 1330 4399 miserat,
1358 4337 1424 4390 ad
1468 4351 1534 4392 se'
1553 4336 1735 4390 venire
1762 4333 2047 4403 przecepit;
2078 4332 2179 4387 ini-

605 4440 767 4498 tuque
810 4431 1036 4485 consilio
1078 4442 1265 4487 contra
1313 4431 1680 4485 Retnistanum
1730 4429 1949 4483 insidias
2002 4438 2172 4496 parat,

2292 3232 2481 3285 iterum
2515 3237 2685 3298 parat.
2740 3227 2867 3301 Inde
2905 3227 2971 3281 ad
3018 3226 3256 3297 reginam
3296 3240 3446 3279 suam
3479 3226 3544 3278 ad
3575 3225 3752 3280 Sellus
3782 3239 3874 3278 ve-

2292 3324 2448 3377 niens
2473 3366 2488 3390 ,
2536 3321 2856 3391 legationem
2903 3318 3353 3383 Sarracenorum,
3405 3331 3566 3387 quam
3597 3316 3770 3369 Mettis
3799 3314 3871 3368 ad

2292 3413 2631 3469 hiemaudmn
2664 3410 2914 3475 miserat,
2948 3411 3013 3464 ad
3041 3410 3216 3466 Selius
3245 3420 3481 3463 castrum
3510 3407 3575 3461 ad
3604 3421 3662 3461 se
3684 3405 3869 3461 venire

2292 3504 2541 3576 prmcvpit
2561 3544 2575 3565 ,
2610 3512 2664 3558 et
2706 3501 2809 3571 ipsi
2852 3502 3131 3557 Sarraceni
3160 3516 3378 3556 munera
3407 3515 3526 3569 qua:
3554 3497 3863 3553 Amormuni

2292 3599 2694 3667 transmiserat,
2745 3596 2941 3653 ibidem
2982 3604 3330 3665 prtesentant.
3384 3593 3580 3647 Iterum
3611 3607 3704 3646 rex
3738 3591 3865 3659 ipsis

2290 3693 2601 3748 Sarracenis
2630 3692 2718 3762 qui
2752 3691 2818 3745 ad
2840 3690 3012 3756 ipsum
3038 3687 3185 3741 missi
3219 3685 3424 3739 fuerant
3449 3698 3669 3738 munera
3696 3682 3865 3748 dedit,

2289 3794 2344 3839 et
2386 3800 2555 3855 usque
2602 3785 2668 3839 ad
2721 3781 3007 3838 Massiliam
3049 3794 3169 3833 cum
3220 3778 3385 3832 multo
3431 3778 3634 3830 honore
3674 3775 3862 3830 adduci

2288 3877 2561 3945 precepit.
2617 3872 2899 3931 Sarraceni
2928 3886 3057 3925 vero
3085 3869 3260 3924 navali
3288 3869 3570 3923 evectione
3600 3881 3693 3936 per
3716 3881 3860 3921 mare

2286 3967 2511 4021 redeunt
2538 3965 2601 4019 ad
2635 3963 2869 4033 pr0pria.

2354 4056 2629 4112 CXXXV?
2649 4055 2943 4109 Praecelsus
2975 4069 3066 4107 rex
3098 4052 3351 4120 Pippinus
3380 4051 3572 4104 iterum
3596 4049 3663 4102 de
3685 4047 3858 4103 Srllus

2283 4161 2462 4207 eastro
2490 4166 2609 4205 cum
2643 4148 2824 4218 paucis
2866 4148 2932 4200 ad
2962 4144 3385 4214 persequendum
3434 4140 3743 4195 Waifarium
3789 4159 3855 4193 eo

2283 4262 2422 4301 anno
2452 4246 2643 4300 iterum
2671 4242 2936 4313 perrexit,
2965 4249 3020 4295 et
3049 4254 3217 4308 usque
3240 4238 3306 4291 ad
3336 4236 3591 4292 Santonis
3618 4237 3739 4287 mira
3765 4248 3854 4287 ce-

2283 4340 2491 4393 leritate
2520 4338 2723 4407 primus
2750 4349 2870 4390 cum
2896 4332 3078 4403 paucis
3106 4330 3269 4385 venit.
3294 4327 3424 4384 Cum
3456 4328 3557 4382 hoc
3576 4323 3853 4382 Waifarius

2280 4430 2541 4495 audisset,
2588 4424 2749 4481 solito
2777 4440 2925 4479 more
2956 4433 3099 4492 terga
3129 4421 3313 4476 vertit.
3360 4420 3467 4474 Rex
3522 4418 3765 4489 Pippiuus
3797 4418 3848 4471 itt

609 4497 1018 4577 Ilermenaldum
1048 4567 1064 4591 ,
1113 4525 1476 4595 Beringarium
1502 4565 1519 4591 ,
1548 4523 1929 4578 Childeradum
1958 4531 2012 4577 et
2041 4522 2174 4577 Uni-
2203 4497 2255 4557 D
2282 4532 2509 4592 quatuor
2537 4530 2717 4590 partes
2741 4518 2967 4571 comites
3009 4529 3134 4569 suos
3164 4512 3391 4568 scaritos
3439 4521 3494 4564 et
3522 4512 3703 4565 leudes
3731 4524 3853 4563 suos

601 4616 811 4667 bertam
836 4616 863 4650 ά
887 4616 1135 4671 comitem
1162 4616 1470 4671 Betorinum
1502 4630 1623 4670 cum
1656 4614 1875 4685 reliquis
1898 4614 2182 4669 comitibus

601 4715 657 4759 et
686 4705 955 4761 Leudibus
983 4708 1096 4761 suis
1143 4709 1206 4760 ad
1260 4709 1432 4774 ipsum
1461 4707 1826 4761 Remistanum
1864 4705 2181 4775 capiendum

601 4800 738 4853 clam
771 4810 794 4837 ο
827 4798 1063 4861 mittens.
1110 4800 1394 4869 praedictus
1445 4814 1536 4855 rex
1586 4798 1840 4868 Pippinus
1885 4813 2008 4853 cum
2037 4797 2184 4852 omni

600 4891 843 4947 exercitu
872 4889 1201 4946 Francorum
1231 4891 1422 4945 iterum
1471 4890 1536 4944 ad
1579 4889 2004 4959 persequendum
2036 4887 2185 4943 Wai-

670 5062 695 5088 ε
739 5052 936 5106 Lucum
966 5066 1130 5121 prope
1151 5049 1478 5121 Sincerrium
1502 5090 1516 5109 ,
1546 5064 1640 5104 seu
1673 5049 1907 5121 Sacrum
1942 5048 2173 5121 Caesaris

595 5123 841 5177 Castrum
888 5124 938 5177 in
967 5119 1309 5185 Biturigibus
1331 5120 1563 5190 (Gordon
1588 5162 1600 5181 ,
1636 5120 1753 5181 prés
1781 5121 1842 5173 de
1871 5119 2169 5186 Sancerre),

596 5196 973 5259 in'erpretatur
1002 5194 1259 5248 Cointius.

667 5262 693 5301 δ
736 5268 842 5333 AL,
874 5263 1145 5328 Bertrada,
1176 5279 1337 5333 quam
1368 5262 1605 5317 nonnulli
1635 5261 1842 5333 Bertatu
1875 5259 2167 5333 appellant.

667 5344 689 5371 ε
729 5330 859 5388 Cati.
917 5349 969 5389 et
1020 5330 1218 5398 Frebf,
1273 5334 1516 5387 Judome.
1562 5332 1864 5401 Legendutn
1916 5330 2165 5401 Brittonis,

592 5404 889 5467 Aquitania:
912 5407 1059 5458 «lucis
1084 5447 1098 5469 ,
1130 5406 1197 5459 de
1226 5422 1330 5473 quo
1356 5420 1515 5471 supra
1541 5448 1555 5470 ,
1608 5399 1695 5472 qui
1739 5412 1885 5464 pater
1912 5411 2023 5473 erat
2048 5399 2169 5473 Ilu-

593 5474 769 5526 noztltli
801 5486 856 5527 et
888 5474 1178 5527 Itetnistaui
1205 5516 1220 5537 ,
1246 5470 1343 5529 seu
1368 5516 1381 5532 .
1412 5485 1469 5527 ut
1494 5476 1582 5527 alii
1610 5470 1882 5536 scribunt,
1913 5470 2165 5523 Remissa-

592 5543 680 5610 gui
700 5558 718 5595 :
749 5544 1073 5613 proindeque
1102 5544 1387 5599 Waifarius
1423 5545 1681 5598 llunoahlt
1732 5544 1870 5595 filius
1900 5553 2163 5613 ,patrutlltl

595 5613 821 5665 habebat
862 5611 1224 5668 Itentistanum
1253 5657 1268 5675 ,
1320 5632 1476 5682 quam
1501 5629 1637 5681 luam
1670 5614 1965 5666 avunculus
1999 5611 2165 5679 ipsius

593 5683 802 5751 dicatur
828 5697 1009 5747 supra,
1038 5699 1153 5751 cap.
1190 5686 1312 5740 1‘28.

664 5750 690 5789 δ
722 5752 816 5807 Ed.
879 5750 1269 5819 Chunibertum;
1320 5765 1370 5811 et
1400 5753 1558 5821 infra,
1592 5752 1855 5808 Unibcrto.
1893 5751 2046 5818 Vide,
2069 5764 2163 5804 su-

2283 4614 2350 4669 ad
2400 4611 2812 4683 perquirendum
2848 4609 3158 4663 Waifarium
3194 4604 3508 4659 transmisit.
3564 4602 3695 4657 Dum
3739 4604 3850 4657 hmc

2284 4716 2586 4776 agerentur,
2611 4713 2667 4756 ut
2688 4710 2956 4763 asserunt,
2982 4698 3208 4755 consilio
3239 4696 3377 4765 regis
3407 4693 3627 4754 factum,
3658 4693 3849 4746 Waifa-

2284 4799 2393 4852 rius
2426 4797 2672 4867 princeps
2694 4794 2989 4862 Aquitaniae
3012 4807 3041 4845 a
3071 4792 3183 4845 suis
3217 4787 3528 4843 interfectus
3560 4795 3660 4841 est.
3706 4785 3848 4839 [τι-ςε-

2285 4890 2424 4945 fatus
2451 4904 2543 4943 rex
2568 4884 2842 4955 Pippiuus,
2868 4882 2978 4954 jam
3006 4892 3110 4937 tota
3138 4881 3417 4951 Aquitania
3446 4877 3717 4951 acquisita,
3745 4888 3847 4931 om-

2282 5060 2395 5116 pra,
2418 5045 2481 5097 ad
2513 5058 2631 5116 cap.
2668 5040 2788 5116 125.

2355 5127 2377 5152 θ
2408 5110 2729 5170 δυιιιεΒοιι.
2762 5112 2919 5165 habet
2946 5110 3097 5164 clam.

2355 5186 2372 5225 ί
2411 5188 2504 5240 llic
2530 5187 2678 5239 locus
2705 5200 2733 5237 a
2757 5183 2900 5237 Cella
2928 5180 3096 5245 sancti
3126 5177 3319 5232 Ensicii
3352 5177 3401 5229 in
3437 5176 3752 5245 Biturigibus
3780 5178 3844 5232 ad

2276 5257 2451 5311 Carim
2486 5256 2723 5317 fluvium,
2758 5252 2911 5319 vulgo
2944 5244 3128 5311 Sefles.
3162 5248 3570 5316 distinguendus
3599 5244 3697 5300 est.
3728 5249 3844 5319 βίαν

2280 5331 2387 5382 nitn
2419 5328 2591 5383 Selius
2613 5330 2677 5379 ad
2707 5316 2935 5395 Ligerim
2967 5322 3192 5386 eXslIlll,
3216 5322 3259 5374 si
3286 5329 3467 5372 nostro
3490 5320 3693 5371 auctori
3718 5316 3843 5371 ﬁdes

2276 5399 2787 5521 hageﬁiirauetores
2816 5462 3211 5517 Amiramomeni
3240 5458 3531 5528 appellant,
3566 5458 3835 5510 Almauso-

2272 5556 2384 5595 rem
2415 5539 2657 5592 Cointius
2680 5548 2734 5590 et
2761 5536 2962 5589 rzL-teri.
2999 5532 3069 5586 De
3101 5531 3223 5597 hoc,
3254 5544 3434 5593 supra,
3466 5528 3532 5581 ad
3562 5543 3679 5592 cap.
3715 5528 3832 5581 Ixi‘J.

2343 5610 2367 5645 ιι
2398 5609 2704 5672 Appellatur
2746 5608 2934 5676 vulgo.
2979 5612 3037 5658 ut
3067 5612 3279 5669 monet,
3309 5598 3580 5662 Valesius,
3622 5598 3674 5650 la
3711 5597 3835 5662 {om

2270 5683 2332 5736 de
2374 5679 2484 5734 Vt’r.
