4020 6194
228 295 337 350 697

869 291 1280 346 FREDECAR"
1314 292 1732 348 FRAGMENTA
1777 291 1864 345 DE
1922 290 2233 346 HISTORIA
2286 289 2722 345 FRANCORUM.

3366 292 3466 348 638

224 426 326 461 nes
353 408 563 461 adeum
595 407 866 460 venientes
894 406 1109 459 ditionis
1137 421 1266 473 sum,
1322 407 1463 460 sicut
1509 406 1797 476 antiquitus
1826 412 1870 462 A
1903 405 2040 458 inter
2066 402 2350 472 praedictos
2378 400 2517 455 lilios
2542 416 2668 456 suos
2689 402 2935 456 Carolutn
2966 412 3017 457 et
3039 400 3469 468 Carlomannum,

225 499 459 564 fusrant,
491 515 550 553 se
576 498 793 551 faciunt.
819 496 950 551 Cum
983 513 1174 569 magno
1206 500 1474 566 triumpho
1503 508 1557 551 et
1581 498 1800 553 victoria

225 592 502 655 Santonis,
536 590 622 646 ubi
651 590 903 644 Bertrada
930 590 1110 658 regina
1133 590 1421 654 residebat,
1456 589 1621 643 venit.

297 680 583 734 CXXXVI.
620 681 752 734 Dum
782 680 1031 736 Santonis
1064 681 1314 749 praefatus
1338 697 1428 733 rex
1458 682 1720 743 venisset,
1748 688 1801 733 et

225 786 419 825 causas
449 787 544 840 pro
573 773 746 826 salute
780 774 962 840 patriae
991 785 1043 825 et
1079 774 1305 828 utilitate
1337 774 1659 827 Francorum
1698 782 1805 826 tra-

226 873 426 926 eiaret,
456 878 484 915 a
514 864 741 931 quadam
776 863 922 917 febre
954 873 1174 917 vexatus
1202 871 1463 931 aegrotare
1490 865 1650 929 cmpit
1669 902 1684 927 ,
1713 876 1804 916 co-

227 960 388 1008 mites
423 972 549 1009 suos
594 971 656 1010 ac
698 956 909 1025 judices
950 956 1146 1012 ibidem
1197 956 1488 1010 constituit.
1543 955 1671 1008 Inde
1713 970 1805 1021 per

228 1045 477 1099 l’eetavis
521 1060 688 1114 usque
716 1047 781 1099 ad
830 1045 1058 1101 Toronis
1103 1046 1287 1099 urbem
1318 1044 1384 1098 ad
1424 1045 1804 1099 monasterium

227 1135 370 1191 beati
417 1135 633 1190 Martini
677 1134 1001 1190 confessoris
1048 1136 1315 1203 accessit,
1363 1132 1540 1204 ibique
1586 1136 1804 1188 multam

227 1232 630 1297 eleemosynam
650 1240 757 1284 tam
775 1229 1017 1285 ecclesiis
1037 1245 1194 1298 quam
1215 1230 1553 1284 monasteriis
1577 1227 1659 1282 vel
1681 1243 1807 1295 pau-

228 1326 450 1395 peribus
473 1326 693 1396 largitus
715 1334 817 1391 est,
842 1334 898 1379 et
916 1324 1171 1378 auxilium
1194 1323 1333 1378 beati
1360 1322 1571 1377 Martini
1599 1332 1804 1390 petens,

229 1428 289 1471 ut
322 1433 417 1484 pio
446 1417 564 1488 ejus
594 1417 916 1471 facinoribus
942 1416 1147 1469 Domini
1170 1414 1591 1470 misericordiam
1614 1414 1805 1481 depre~

228 1510 342 1563 cari
380 1510 708 1577 dignaretur.
741 1508 869 1562 inde
916 1522 1235 1576 promovens
1279 1522 1338 1561 se
1384 1522 1506 1561 cum
1553 1506 1806 1573 prtedicta

226 1599 413 1667 regina
434 1598 774 1665 Bertradane,
790 1609 844 1653 et
868 1598 987 1652 [iliis
1013 1599 1121 1651 suis
1144 1598 1335 1652 Carolo
1355 1607 1410 1679 et
1429 1596 1805 1663 Carlonianno,

230 1705 401 1760 usque
437 1690 502 1743 ad
536 1690 784 1754 Parisios,
838 1689 903 1742 ad
945 1688 1324 1742 monasterium
1375 1687 1514 1741 beati
1566 1685 1806 1756 Dionysii

1904 496 2030 549 dum
2060 496 2232 549 adhuc
2259 496 2375 563 ipse
2395 495 2631 555 viveret,
2664 492 2800 547 inter
2826 510 2918 548 eos
2947 495 3144 548 divisit.
3176 495 3227 548 Id
3258 505 3337 549 erit
3364 496 3474 549 Au-

1904 590 2219 642 strasiorum
2257 603 2475 656 regnum
2506 587 2696 639 Carolo
2736 586 2933 641 seniori
2967 587 3073 639 lilio
3116 602 3295 656 regem
3326 587 3476 641 insti-

1906 683 2025 748 tuit;
2055 682 2413 735 Carlornanno
2449 693 2579 732 vero
2625 678 2821 749 juniori
2854 678 2963 731 lilio
2989 694 3206 747 regnum
3241 678 3450 746 Burgun

1903 774 2012 839 dia,
2061 772 2372 834 Provincia,
2417 769 2650 832 Gotthia,
2698 769 2935 822 Alesacis
2982 776 3008 804 ι
3067 776 3120 820 et
3166 767 3473 821 Alamannis

1907 866 2145 920 tradidit.
2196 864 2567 932 Aquitaniam,
2622 876 2778 930 quam
2831 862 2945 928 ipse
2989 876 3080 914 rex
3136 859 3475 927 acquisierat,

1906 956 2045 1010 inter
2066 970 2158 1009 eos
2187 952 2389 1008 divisit.
2420 952 2514 1006 llis
2540 953 2707 1020 gestis
2732 967 2823 1005 res
2851 950 3106 1018 Pippinus
3136 960 3252 1017 post
3279 964 3477 1016 paucos

1906 1046 2045 1109 dies,
2093 1053 2149 1097 ut
2174 1043 2326 1098 dolor
2352 1041 2381 1080 ι
2411 1051 2494 1097 est
2537 1040 2603 1093 ad
2629 1040 2953 1103 dicendum,
2983 1040 3227 1093 ultimum
3258 1040 3397 1093 diem
3426 1047 3481 1092 et

1905 1137 2069 1190 vitam
2114 1133 2272 1188 simul
2315 1130 2508 1186 caruit.
2556 1129 2999 1197 Sepelieruntque
3052 1145 3173 1182 eum
3230 1128 3476 1194 praedioli

1907 1228 2071 1300 704
2095 1242 2248 1297 reges
2275 1224 2496 1280 Carolus
2530 1235 2582 1277 et
2607 1222 2992 1276 Carlomannus
3022 1221 3117 1275 lilii
3152 1220 3317 1288 ipsius
3340 1220 3481 1287 regis

1909 1322 1963 1375 in
1983 1318 2308 1375 monasterio
2329 1316 2499 1371 sancti
2524 1312 2757 1383 Dionysii
2778 1313 3048 1382 martyris,
3076 1322 3135 1365 ut
3155 1313 3269 1378 ipse
3295 1310 3479 1372 voluit,

1908 1427 2030 1466 cum
2059 1423 2253 1479 magno
2282 1410 2508 1472 honore,
2542 1404 2886 1473 regnavitque
2916 1402 3072 1456 annis
3115 1401 3301 1470 viginti
3327 1400 3483 1471 quin-

1908 1523 2012 1578 que
2042 1516 2089 1560 ο.

1981 1594 2287 1652 CXXXVII.
2317 1594 2411 1649 His
2440 1593 2748 1654 transactis,
2780 1588 3015 1659 prmdicti
3063 1600 3216 1655 reges
3263 1582 3484 1637 Carolus

1911 1696 1965 1743 et
1993 1686 2377 1740 Carlomannus
2396 1725 2411 1749 ,
2440 1684 2806 1751 unusquisque
2845 1694 2965 1733 cum
2994 1678 3237 1731 leudibus
3278 1674 3390 1727 suis
3419 1673 3483 1726 ad

229 1785 484 1855 martyris
533 1787 775 1848 veniens,
807 1783 983 1851 ibique
1034 1789 1393 1837 commoratus
1438 1788 1521 1835 est
1567 1778 1802 1847 aliquan-
1832 1783 1878 1842 B
1906 1779 2174 1849 propriam
2228 1774 2410 1830 sedem
2455 1772 2600 1840 regni
2656 1784 2841 1823 eorum
2892 1768 3189 1826 venientes,
3238 1763 3483 1816 instituto

226 1873 349 1940 diu;
397 1888 730 1942 cernensque
759 1875 902 1943 quod
941 1874 1063 1926 vita:
1094 1873 1383 1942 periculum
1424 1870 1654 1925 evadere
1700 1884 1805 1922 non

227 1968 512 2035 potuisset,
540 1982 727 2022 omnes
759 1980 1010 2035 proceres
1038 1980 1187 2031 suos,
1213 1966 1376 2019 duces
1406 1972 1461 2017 et
1505 1963 1664 2033 703
1710 1975 1804 2015 co-

225 2061 389 2114 mites
434 2059 782 2124 Francorum,
814 2068 921 2112 lam
958 2058 1239 2127 episcopos
1278 2071 1435 2126 quam
1476 2054 1803 2119 sacerdotes,

223 2152 294 2203 ad
323 2165 382 2206 se
432 2150 614 2205 venire
658 2150 946 2220 prazcepit,
978 2149 1156 2217 ibique
1212 2162 1312 2200 una
1366 2161 1487 2200 cum
1538 2158 1804 2198 consensu

223 2241 555 2296 Francomm
575 2253 627 2296 et
652 2254 930 2309 procerum
950 2254 1192 2305 suorum,
1218 2254 1312 2293 seu
1332 2248 1383 2293 et
1407 2236 1801 2306 episcoporum,

222 2353 448 2409 regnum
472 2337 820 2401 Francorum,
846 2336 986 2407 quod
1007 2334 1122 2404 ipse
1144 2340 1405 2397 tenuerat,
1435 2331 1623 2401 :cqnali
1651 2339 1796 2384 sorte

1911 1867 2125 1938 placito,
2160 1864 2396 1930 initoque
2446 1859 2672 1915 consilio
2720 1872 2839 1911 cum
2898 1855 3206 1923 proceribus
3260 1866 3468 1916 eorum,

1909 1974 2094 2013 mense
2117 1952 2434 2025 Septembri,
2466 1951 2555 2005 die
2590 1950 2861 2003 Dominicn
2880 1989 2893 2011 ,
2925 1963 3007 1999 slv
3035 1943 3299 1998 Kalendas
3323 1944 3484 1995 Octo-

1907 2049 2018 2103 bris
2044 2044 2095 2115 ἀ,
2122 2044 2343 2100 Carolus
2368 2042 2434 2095 ad
2464 2041 2770 2094 Noviomem
2797 2037 3002 2099 urbem,
3024 2045 3077 2088 et
3099 2032 3483 2086 Carlomannus

1908 2143 1973 2194 ad
2002 2139 2229 2194 Saxonis
2257 2136 2551 2198 civitatem,
2586 2132 2784 2199 pariter
2815 2146 2918 2181 uno
2947 2127 3032 2181 die
3080 2141 3110 2179 a
3168 2124 3480 2192 proceribus

1909 2248 2092 2288 eorum
2124 2242 2178 2285 et
2211 2229 2616 2285 consecratione
2660 2226 2995 2279 sacerdotum
3044 2221 3315 2277 sublimati
3359 2229 3485 2275 sunt

1906 2327 1961 2381 in
1993 2339 2173 2392 regno.

1032 2448 1248 2520 Explicit
1277 2445 1575 2517 Fredegarii
1601 2445 1912 2500 Chronicum
1940 2458 2056 2496 cum
2083 2441 2190 2495 suis
2218 2437 2678 2493 continuatoribus.

299 2596 324 2623 ἰ
351 2583 482 2640 Can.
511 2596 563 2641 et
592 2586 774 2648 ἳνα-11..
807 2587 1051 2650 Alesans;
1078 2583 1262 2649 Ches.,
1304 2581 1559 2637 Alexacis.
1606 2577 1658 2634 id
1690 2586 1798 2643 est,

221 2658 466 2721 Eiisatia,
492 2659 644 2720 vulgo
672 2658 910 2711 l'Alsace.

297 2730 323 2767 δ
352 2728 447 2782 Ch.
480 2739 533 2781 et
563 2728 745 2790 Freb.,
767 2738 820 2779 ut
848 2728 1015 2781 dolus.

298 2809 321 2837 ε
355 2800 509 2852 Nullo
538 2808 692 2866 pacto
729 2788 933 2851 admitti
985 2803 1156 2863 potest
1201 2794 1285 2848 hic
1314 2792 1570 2847 calculus.
1625 2788 1802 2857 Pippi-

222 2886 325 2923 nus
355 2870 567 2937 quidem
597 2885 660 2921 ex
694 2884 797 2933 quo
825 2882 915 2921 rex
949 2868 1269 2937 acc-Ismenis
1312 2873 1395 2937 est
1439 2868 1490 2937 in
1535 2870 1801 2914 conventu

221 2933 618 3003 Suessionensi,
653 2942 890 3007 regnavit
916 2952 1084 2991 annos
1110 2935 1416 3007 sexdecim,
1446 2933 1656 2986 nienses
1675 2945 1797 3007 snex;

222 3029 287 3064 ex
321 3027 426 3079 quo
457 3025 484 3061 a
517 2998 788 3075 Stephano
823 3024 954 3077 papa
984 3018 1270 3060 coronatus
1320 3005 1439 3069 fuit,
1471 3017 1643 3079 annos.
1690 2998 1803 3079 fere

223 3070 561 3149 quindecim;
596 3070 662 3131 ab
689 3070 834 3132 anno
859 3070 1034 3131 autem
1064 3093 1188 3144 quo,
1222 3088 1367 3144 patre
1397 3070 1806 3138 mortqumajo-

224 3157 303 3207 ris
347 3155 538 3205 domus
582 3150 893 3219 dignitatem
941 3151 1208 3212 obtinntt,
1261 3161 1433 3200 annos
1491 3151 1695 3210 septem
1750 3152 1806 3197 et

1907 2575 2116 2697 viginti.
2157 2573 2395 2627 Mortuus
2424 2579 2509 2625 est
2544 2579 2718 2624 autem
2750 2575 2930 2623 mense
2974 2566 3294 2635 Septembri,
3342 2580 3484 2621 anno

1917 2662 1933 2697 Α
1982 2676 1997 2697 ι
2019 2685 2031 2697 .

1917 2662 2031 2699 luti.

1978 2713 2004 2752 ἀ
2039 2715 2162 2768 Haec
2188 2714 2372 2774 verba,
2399 2726 2507 2765 xiv.
2541 2709 2664 2763 Kal.
2692 2708 2802 2761 Oc'.
2834 2708 2902 2761 ab
2928 2706 3303 2773 interpolatore
3331 2704 3483 2757 acidi-

1908 2794 1989 2840 tas
2021 2785 2183 2839 fuisse
2227 2784 2302 2836 ait
2329 2782 2600 2840 Cointins.
2651 2781 2790 2848 quod
2820 2779 2965 2847 juxta
3019 2792 3171 2848 suum
3203 2775 3480 2848 icalculum

1909 2857 2163 2924 Pippinus
2190 2870 2281 2907 vui
2312 2853 2427 2908 Kal.
2461 2847 2698 2924 ejusdem
2728 2849 2925 2902 mensis
2956 2847 3169 2924 abierit.
3201 2847 3271 2924 lia
3305 2856 3480 2924 tamen

1908 2916 2105 2980 habent
2134 2925 2273 2979 Editi
2305 2924 2462 2976 simul
2490 2916 2550 2975 et
2578 2922 2697 2974 Mss.
2732 2933 2850 2971 cum
2888 2918 3177 2971 Annalibus
3208 2916 3483 2969 Mettensi-

1909 2999 2026 3053 bus.
2046 2994 2271 3052 Carolus
2294 3003 2470 3047 autem
2501 2991 2739 3045 Novuomi
2765 2988 2998 3059 (Noyon)
3014 2990 3354 3059 inauguratus
3377 2996 3477 3045 est,

1906 3076 1963 3122 et
1990 3068 2106 3136 ejus
2136 3066 2298 3120 frater
2329 3064 2615 3136 Suessione
2643 3060 2954 3136 (Somnus),
2984 3072 3141 3128 quam
3173 3058 3366 3136 urbem.
3392 3069 3484 3107 ve«

1908 3124 2048 3193 tetes
2076 3137 2312 3191 nonnulli
2341 3135 2602 3191 Saxonem
2621 3124 2659 3197 ,”
2681 3129 2968 3185 Sessiouem
2987 3124 3162 3195 ,'etc.,
3195 3124 3485 3195 appellant.

225 3292 3488 3364 Μ

441 3493 1056 3600 MONITUM
1129 3492 1263 3598 IN
1342 3482 2333 3610 SUBSEQUENTIA
2409 3473 3255 3583 FRAGMENTA.

313 3708 616 3778 Fredegarii
648 3707 902 3761 Chronico
923 3704 1086 3757 visum
1114 3711 1185 3755 est
1216 3700 1524 3767 subjungere
1548 3698 1773 3766 ejusaem
1803 3704 2024 3745 auctoris
2049 3690 2364 3759 Fragmenta
2385 3688 2570 3741 selecta
2587 3689 2654 3740 ad
2685 3685 3004 3741 Francorum
3038 3683 3313 3736 llis-loriam
3336 3685 3492 3753 perti~

231 3807 428 3866 nentia,
451 3776 566 3871 qua:
611 3816 674 3854 ea:
706 3798 826 3852 aliis
847 3800 957 3869 ejus
982 3794 1218 3859 oneribus
1246 3790 1623 3859 descripsimus.
1653 3785 1894 3852 Quamvis
1924 3784 2057 3838 enim
2087 3790 2296 3833 testatur
2326 3781 2412 3832 ille
2436 3790 2614 3832 auctor
2638 3797 2692 3833 se
2711 3797 2769 3833 ea
2803 3784 2992 3849 referre
3019 3793 3131 3846 qua:
3153 3794 3215 3830 ea:
3245 3776 3487 3845 Eusebio,

233 3867 573 3963 Hieronymo,
616 3890 809 3954 Idalio,
862 3867 981 3953 etc.,
1011 3884 1336 3954 excerpserit,
1364 3879 1612 3935 nonnulla
1665 3888 1832 3929 tamen
1860 3876 2161 3944 quandoque
2190 3873 2335 3923 habet
2375 3872 2564 3940 quazin
2607 3872 2717 3923 istis
2765 3871 3057 3923 auctoribus
3098 3867 3489 3930 desiderantur;

244 3987 346 4037 sire
374 3956 685 4037 cavrelulerit
719 3994 779 4033 ea:
805 3974 1028 4041 antiquis
1059 3971 1419 4027 traditionibus
1458 3984 1573 4038 qua:
1599 3978 1713 4019 tunc
1761 3964 2264 4029 circumferebantur.
2292 3961 2393 4012 sive
2417 3958 2511 4011 illa
2550 3976 2612 4013 ea:
2636 3961 2838 4012 vetustis
2861 3956 3153 4011 auctoribus
3179 3958 3318 4009 nobis
3340 3957 3488 4025 igno-

246 4078 309 4129 tis
349 4077 688 4143 descripserit.
725 4071 804 4125 Fa:
844 4070 947 4123 illis
973 4084 1088 4121 vero
1118 4067 1382 4131 selegimus
1427 4078 1486 4115 ea
1515 4062 1681 4113 solum
1722 4072 1835 4118 qua:
1877 4056 1943 4108 ad
1974 4063 2201 4107 nostram
2249 4051 2534 4105 Historiam
2575 4051 2844 4115 pertinent,
2891 4064 3103 4117 quicque
3152 4047 3302 4099 reteri
3336 4048 3492 4114 siglo,

236 4176 386 4237 prout
429 4141 532 4219 tuin
561 4169 614 4219 in
640 4165 811 4217 codice
839 4179 934 4215 ms.
982 4161 1183 4233 collegii
1211 4157 1516 4211 Parisiensis
1558 4151 1827 4209 Societatis
1865 4148 2013 4215 Jesu,
2037 4147 2260 4201 auctoris
2287 4154 2435 4201 (etate
2456 4145 2670 4213 scripto,
2694 4153 2802 4196 tum
2824 4143 2878 4196 in
2903 4143 3005 4195 alio
3037 4142 3325 4195 Divionensi
3350 4156 3413 4223 ea:
3432 4141 3495 4193 il-

239 4256 532 4310 lustrissimi
568 4255 663 4309 viri
688 4253 893 4307 Boherii
920 4251 1225 4305 bibliotheca
1250 4252 1511 4319 leguntur,
1534 4251 1973 4315 reprwsentamus.

225 3356 561 3368 .——.-—————

244 4391 3489 4442 MM

1213 4575 2579 4726 FRAGMENTA

706 4874 831 5003 EX
909 4869 1178 4998 ALIIS
1254 4860 1883 4997 FREDEGARII
1947 4852 2501 4986 EXCERPTIS
2584 4850 3069 4999 SELECTA,

923 5096 1106 5171 QUIE
1151 5093 1257 5155 AD
1307 5088 1751 5151 HISTORIAM
1814 5081 2305 5148 FRANCORUM
2367 5081 2820 5143 PER’I‘INENT

1123 5227 2639 5279 W—

250 5366 289 5421 1.
332 5394 405 5406 -
451 5361 594 5417 Inter
650 5358 908 5423 Excerpta
951 5374 1013 5410 ex
1072 5353 1271 5408 Eusebii
1341 5349 1591 5405 Chronico
1616 5390 1631 5413 ,
1692 5346 1822 5400 lIie—
1852 5350 1894 5407 (ζ
1932 5345 2054 5401 mali
2087 5342 2224 5412 quod
2252 5342 2408 5394 trium
2442 5339 2724 5392 mulierum
2769 5339 2835 5391 de
2863 5336 3271 5404 pulcritudinem
3300 5344 3505 5391 certan-

780 5444 988 5499 rouymo
1009 5429 1303 5493 interprete.

317 5546 480 5620 705
507 5542 677 5598 lnillo
709 5549 949 5608 tempore
991 5537 1139 5607 (Cap.
1183 5535 1241 5605 5)
1276 5533 1518 5590 Priamus
1570 5528 1824 5583 Heli-nam

256 5639 451 5707 rapuit.
482 5633 774 5703 Troianum
817 5631 1013 5685 bellum
1044 5628 1337 5683 decennale
1373 5623 1624 5682 surrexit.
1656 5620 1847 5677 Causa°

326 5762 351 5788 ⁵
384 5753 541 5817 Can.,
574 5745 950 5819 pastorijudici
978 5744 1263 5814 pollicente.

1931 5439 2062 5493 tium
2090 5435 2363 5505 przcmium
2405 5432 2502 5487 fuit
2525 5446 2629 5485 una
2657 5446 2841 5486 earum
2898 5430 3120 5495 Helena,
3174 5440 3388 5501 pastore
3426 5430 3507 5497 ju-

1932 5530 2051 5584 dice
2076 5528 2356 5598 pollicente
2374 5534 2422 5579 ⁸.
2448 5525 2693 5579 Memnon
2715 5532 2767 5577 et
2791 5528 3085 5577 Amazones
3106 5524 3318 5578 Priamo
3342 5524 3507 5577 tul‘ero

1935 5620 2253 5677 subsidium.
2284 5617 2492 5673 Exinde
2520 5615 2671 5687 origo
2715 5615 3046 5671 Francorum
3077 5616 3192 5672 fuit.
3241 5617 3507 5672 Priamum
