4020 6194
447 288 551 342 σου

1607 262 2025 332 FREDEGAR“
2068 263 2487 321 FRAGMENTA

3588 257 3689 309 TUU

445 416 623 471 regem
674 402 847 471 primo
902 398 1233 461 habuerunt;
1273 404 1455 464 postea
1490 408 1587 463 per
1653 380 2294 446 HistoriarumAAsiam
2357 387 2708 451 pervagantes
2768 375 3010 448 pluribus
3073 372 3277 444 proeliis
3327 372 3679 437 transissent,

446 495 611 547 libros
642 492 895 561 scriptum
925 499 1007 545 est
1032 500 1056 525 ⁸
1095 489 1327 556 qualiter
1360 486 1660 541 habuerunt
1690 500 1867 552 regem
1898 481 2014 535 Fri-

444 601 600 651 gain,
653 595 835 654 postea
884 583 1060 651 partiti
1105 581 1311 635 suntin
1361 580 1566 633 duabus
1598 578 1871 647 partibus;
1912 589 2011 627 una

444 693 568 748 pars
594 678 827 745 perrexit
852 678 901 731 in
935 675 1322 736 Macedoniam,
1351 675 1524 727 vocati
1549 679 1673 725 sunt
1701 668 2014 723 Macedones

442 769 735 824 secundum
760 768 1009 838 pupulum
1046 781 1072 817 a
1104 780 1210 833 quo
1239 763 1437 832 recepti
1469 772 1613 825 sunt,
1642 770 1695 815 et
1740 760 2011 827 regiOnem

442 856 622 930 [Cau.,
651 857 851 929 regem]
877 857 1218 919 Illacedonitr,
1243 855 1330 919 qui
1355 853 1755 922 opprimebatur
1774 868 1802 903 a
1828 860 2013 919 gentes

442 951 645 1003 vicinas
693 951 899 1004 invitati
941 950 1008 1002 ab
1059 947 1185 1015 ipsis
1228 946 1479 1009 fuerunt,
1522 958 1578 999 ut
1621 945 1700 999 eis
1752 943 2007 997 auxilium

444 1040 760 1107 praaberent.
785 1040 886 1093 Per
908 1053 1039 1107 quos
1064 1048 1244 1106 postea
1272 1053 1389 1092 cum
1413 1036 1675 1104 subiuncti
1696 1036 1748 1087 in
1783 1035 2010 1103 plurima

452 1131 818 1197 procreatione
857 1132 1173 1189 crevissent,
1207 1145 1269 1182 ex
1309 1129 1424 1194 ipso
1463 1140 1661 1194 genere
1696 1124 2011 1178 Macedones

442 1222 718 1276 fortissimi
752 1233 1070 1289 pugnatores
1112 1219 1282 1274 ellecti
1314 1228 1457 1273 sunt.
1490 1216 1639 1283 Quod
1692 1217 1744 1269 in
1796 1227 2007 1282 postre-

443 1327 589 1366 ntum
623 1314 671 1365 in
700 1312 889 1365 diebus
922 1311 1148 1377 Philippi
1190 1310 1329 1378 regis
1366 1318 1419 1360 et
1461 1306 1746 1361 Alexandri
1793 1306 1881 1358 lilii
1929 1305 2007 1358 sui

443 1402 581 1457 fama
642 1406 925 1458 conlirmat
980 1404 1189 1455 illorutn
1245 1401 1605 1453 fortitudinem
1655 1398 1826 1467 qualis
1891 1397 2005 1451 l'uit.

442 1494 571 1548 Nam
605 1505 657 1548 et
682 1496 769 1549 illa
802 1497 901 1548 alia
943 1511 1065 1564 pars
1091 1510 1205 1562 quae
1237 1493 1305 1547 de
1335 1493 1505 1560 Frigia
1540 1490 1566 1529 δ
1612 1504 1888 1560 progressa
1932 1500 2012 1543 est

445 1586 513 1638 ab
541 1585 694 1639 Olim
744 1584 832 1656 [Id
861 1596 953 1650 est,
997 1581 1206 1655 Ulysse]
1253 1599 1348 1652 per
1391 1582 1627 1636 fraudem
1667 1583 1894 1648 decepti,
1930 1593 2011 1632 ta-

443 1695 564 1732 men
608 1695 711 1732 non
756 1680 1026 1747 captivati,
1070 1680 1167 1731 nisr
1209 1678 1401 1731 exinde
1441 1676 1631 1743 deiecti
1683 1690 1774 1743 per
1831 1674 2011 1727 multis

444 1770 748 1839 regionibus
786 1780 1136 1837 pervagantes
1173 1783 1291 1821 cum
1317 1781 1507 1819 uxores
1538 1775 1591 1818 et
1616 1766 1832 1817 liberos.

513 1859 697 1912 Electa
722 1874 751 1911 a
781 1874 840 1913 se
870 1874 996 1929 rege
1025 1856 1175 1928 (Cap.
1208 1856 1264 1924 4)
1283 1899 1297 1923 ,
1332 1854 1623 1909 Francione
1651 1855 1885 1917 nomine,
1921 1867 2015 1919 per

445 1964 607 2019 quem.
627 1949 811 2003 Franci
844 1960 1119 2002 vocantur.
1152 1949 1205 2002 In
1238 1961 1526 2017 postremo,
1558 1961 1623 1998 eo
1648 1945 1785 2012 quod
1839 1943 2015 1997 fortis-

445 2041 610 2094 simus
639 2040 751 2109 ipse
794 2040 1021 2094 Francio
1052 2040 1102 2093 in
1130 2040 1328 2094 bellum
1359 2039 1523 2093 fuisse
1552 2035 1741 2101 fertur,
1769 2045 1822 2089 et
1848 2035 2014 2088 multo

443 2138 685 2197 tempore
710 2145 830 2184 cum
858 2130 1096 2198 plurimis
1117 2127 1361 2198 gentibus
1392 2142 1617 2196 pugnam
1647 2139 1859 2193 gerens,
1895 2138 2014 2191 par-

446 2230 550 2275 tem
586 2220 726 2274 Asize
754 2230 993 2275 vastans.
1024 2219 1074 2272 in
1105 2219 1365 2284 EurOpam
1396 2218 1652 2285 dirigens,
1692 2216 1829 2269 inter
1867 2213 2012 2268 Rhe-

447 2326 573 2369 nntn
596 2313 678 2364 vel
709 2312 871 2380 706
902 2312 1191 2363 Danuvium
1219 2318 1274 2364 et
1295 2322 1439 2361 mare
1467 2306 1727 2360 consedit.

518 2401 701 2467 Ibique
730 2412 940 2455 mortuo
985 2401 1279 2455 Francione
1322 2397 1478 2468 (Cap.
1522 2397 1600 2468 5),
1632 2413 1749 2451 cum
1776 2396 1885 2466 jam
1916 2410 2013 2463 pro

445 2491 637 2560 prmlia
684 2500 826 2544 tanta
873 2505 992 2560 quae
1039 2499 1299 2558 gesserat,
1340 2504 1506 2557 parva
1546 2504 1610 2541 ex
1653 2488 1779 2556 ipsis
1825 2503 2012 2541 manus

447 2582 804 2646 remanserit,
857 2583 1022 2637 duces
1068 2597 1137 2635 ex
1185 2596 1243 2635 se
1295 2583 1708 2635 constituerunt.
1759 2580 2007 2633 Attamen

447 2692 658 2745 semper
700 2676 918 2729 alterius
959 2676 1161 2729 diti0ne
1193 2684 1473 2743 negantes,
1517 2675 1682 2728 multo
1713 2684 1830 2741 post
1870 2682 2009 2728 tem-

445 2784 576 2839 pore
614 2784 731 2820 cum
777 2768 1000 2821 ducibus
1030 2776 1419 2835 transegerunt,
1457 2780 1626 2835 usque
1669 2765 1734 2818 ad
1769 2774 2011 2833 tempore

447 2865 722 2934 Pompegii
755 2867 1017 2930 consolis;
1050 2865 1138 2933 qui
1186 2874 1240 2918 et
1265 2880 1384 2917 cum
1433 2864 1560 2932 ipsis
1586 2864 1880 2929 demicans,
1916 2878 2010 2916 seu

445 2975 566 3013 cum
609 2961 839 3027 reliquas
894 2958 1131 3027 gentium
1177 2958 1422 3010 nationes
1474 2972 1590 3025 qua:
1636 2958 1687 3008 in
1729 2954 2012 3009 Germania

445 3048 778 3113 habitabant,
838 3059 1084 3116 totasque
1117 3048 1319 3102 ditione
1349 3047 1581 3101 subdidit
1631 3047 1922 3100 Romanam
1962 3057 2010 3101 ε.

446 3143 549 3197 Sed
622 3154 876 3195 continuo
957 3140 1144 3193 Franci
1209 3155 1328 3192 cum
1394 3139 1689 3192 Saxonibus
1754 3137 1980 3191 amicitia

446 3232 698 3295 ittientes,
731 3230 990 3284 adversus
1021 3230 1363 3299 I’ompegium
1398 3229 1736 3292 rebellantes,
1767 3229 2008 3295 ejusdem

445 3334 773 3376 rennuerunt
839 3330 1176 3390 potestatem.
1256 3304 1577 3391 Pompegius
1635 3322 1686 3375 in
1761 3323 2009 3390 Spaniam

446 3425 631 3470 contra
686 3424 872 3482 gentes
915 3412 1173 3466 dimicans
1215 3413 1467 3481 plurimas
1520 3414 1741 3466 moritur
1788 3410 1837 3467 δ.
1888 3414 2012 3467 Post

449 3507 563 3560 haec
592 3508 731 3560 nulla
766 3522 898 3575 gens
929 3519 1094 3573 usque
1141 3506 1191 3557 in
1243 3515 1557 3570 prmsentem
1588 3504 1727 3557 diem
1777 3504 2012 3559 Francos

448 3602 616 3670 potnit
641 3614 912 3669 superare,
940 3601 1025 3669 qui
1054 3609 1078 3636 υ
1106 3612 1277 3652 tamen
1305 3614 1399 3652 eos
1420 3614 1529 3653 sua:
1545 3600 1728 3653 ditioni
1754 3600 2013 3669 potuisset

443 3692 746 3762 subjugare.
795 3693 874 3745 Ad
921 3693 1090 3758 ipsum
1124 3692 1291 3743 instar
1330 3700 1383 3745 et
1430 3690 1766 3753 Macedones,
1822 3693 1910 3761 qtti
1945 3708 2010 3747 ex

444 3782 629 3835 eadem
677 3780 1020 3850 generatione
1070 3780 1317 3844 fuerunt,
1362 3781 1604 3849 quamvis
1643 3783 1821 3849 gravia
1871 3784 2009 3836 bella

442 3875 671 3929 fuissent
719 3872 935 3937 attriti,
987 3880 1159 3926 tamen
1210 3887 1421 3941 semper
1464 3872 1615 3927 liberi
1674 3875 1741 3926 ab
1783 3885 2007 3929 externa

442 3967 801 4020 dominatione
829 3966 1007 4019 vivere
1033 3964 1205 4017 conati
1231 3972 1374 4016 sunt.

512 4060 745 4113 Tertiam
813 4073 878 4112 ex
941 4057 1126 4110 eadem
1183 4056 1388 4124 origine
1446 4066 1658 4124 gentem
1717 4056 2008 4110 Torcornm

445 4149 465 4188 ί
498 4151 662 4204 fuisse
702 4150 837 4202 fama
885 4151 1162 4200 t‘onlirmat
1206 4146 1355 4217 (Cap.
1400 4150 1473 4214 6).
1532 4147 1598 4201 Ut
1645 4162 1763 4200 cum
1821 4148 2008 4202 Franci

510 4294 536 4320 ι
569 4284 840 4337 Aimoinus
868 4323 882 4344 ,
926 4282 1020 4335 lib.
1063 4296 1079 4334 ι
1116 4281 1183 4335 dc
1220 4281 1396 4334 Gestis
1428 4281 1755 4340 Francorum
1778 4325 1791 4346 ,
1834 4282 2013 4337 laudat

440 4356 694 4420 quosdam
740 4363 984 4406 auctores
1024 4353 1110 4419 qui
1150 4354 1216 4405 de
1267 4353 1363 4404 hac
1413 4353 1617 4419 origine
1658 4353 2006 4420 scripserunt.

441 4426 491 4477 Id
527 4428 659 4477 torte
690 4423 830 4490 qttnd
874 4424 958 4475 hic
988 4424 1177 4476 damus
1210 4438 1277 4477 ex
1326 4423 1535 4475 Daretis
1566 4421 1730 4491 Frigii
1770 4425 2007 4478 Historia

440 4498 506 4549 de
526 4495 731 4562 origine
754 4494 1077 4547 Francorum
1105 4500 1413 4558 excerptum
1438 4502 1538 4546 est.
1568 4493 1773 4546 Etenim
1805 4494 1858 4546 in
1884 4494 2004 4548 cod.
2037 4499 2091 4559 D

442 4566 739 4618 Boheriano
766 4572 820 4615 et
847 4564 899 4615 in
931 4579 1033 4615 uno
1073 4562 1268 4615 Canisii
1304 4562 1450 4629 plura
1492 4563 1882 4617 interseruntur
1906 4566 2004 4617 sub

442 4635 849 4705 hujustauctoris
874 4635 1085 4687 nomine
1106 4649 1126 4705 :_
1155 4634 1215 4705 in
1239 4631 1487 4705 omnibus
1514 4647 1644 4705 vero
1674 4634 1858 4699 codtl.,
1887 4644 2007 4703 post

397 4718 405 4725 ‘
443 4703 543 4758 hoc
571 4705 951 4772 fragmentum,
993 4703 1686 4774 quodihic_descripsimns,
1725 4704 2005 4774 subjungi-

441 4786 526 4829 tur
553 4792 567 4828 :
600 4774 885 4826 Redeamus
914 4790 1016 4841 quo
1043 4773 1220 4844 ordine
1257 4772 1579 4844 IIebrtcarum
1606 4790 1726 4844 gens
1765 4772 1880 4843 fuit.
1915 4777 2010 4830 Da-

443 4856 608 4899 retem
636 4844 867 4912 Frigium
895 4852 1154 4896 memorat
1178 4843 1399 4895 Vossius
1432 4841 1520 4897 lib.
1553 4841 1884 4899 nt'llistoric.
1920 4846 2012 4898 La-

443 4920 698 4979 tinorum,
717 4917 810 4969 sed
833 4928 988 4983 quem
1015 4914 1249 4966 lictittutn
1268 4924 1469 4976 censet,
1491 4923 1545 4967 et
1565 4915 1775 4982 quidem
1802 4916 2009 4971 fabulas

446 4996 642 5042 narrat.
673 4986 830 5041 Certe
863 4988 976 5038 ltaac
1007 4984 1104 5036 fuit
1132 4984 1256 5036 olim
1288 4984 1611 5037 Francorum
1646 4985 1827 5054 opinio
1862 5003 2010 5040 com—

444 5062 616 5111 munis
641 5067 851 5124 gentem
884 5070 1031 5108 sttam
1053 5070 1116 5107 ex
1146 5054 1390 5121 'l‘rojanis
1414 5054 1693 5120 prodiisse,
1728 5059 1799 5108 ttti
1831 5072 1891 5109 ex
1918 5074 2011 5108 an-

452 5132 606 5191 liquis
631 5128 906 5183 ClltmthlS
931 5141 985 5182 et
1012 5125 1318 5179 auctoribus
1345 5134 1511 5189 patet,
1543 5141 1771 5179 maxnne
1798 5131 1883 5194 qui
1915 5129 2008 5182 dc-

445 5200 653 5255 sinente
702 5200 867 5264 pritna
928 5213 1110 5265 regunt
1164 5204 1462 5249 nostrorum
1518 5199 1682 5263 stirpe
1729 5208 1784 5250 et
1830 5208 2009 5265 postea

448 5272 798 5337 scripserunt.
856 5269 986 5323 Vide
1033 5269 1320 5322 Chesnium
1377 5268 1566 5321 totuol
1622 5270 1756 5321 lltst.
1790 5266 2006 5333 Franc.,

443 5337 716 5406 Sigibert.,
746 5349 850 5393 etc.

520 5411 544 5447 ³³
575 5410 730 5468 Can.,
754 5420 806 5462 et
834 5409 1044 5475 quidem
1073 5416 1236 5470 recte,
1271 5405 1433 5476 Friga

524 5492 545 5517 ο
580 5479 669 5533 Sic
693 5480 838 5530 Clar.
886 5482 949 5531 At
985 5482 1141 5541 Buh.,
1180 5481 1429 5532 Itomana.
1478 5477 1634 5545 Cum,
1680 5489 1906 5547 totusque
1935 5481 2014 5532 di-

451 5551 611 5601 tioncs
635 5549 854 5600 subdidit
884 5548 1141 5602 Romanis.

522 5620 545 5655 ι¹
579 5618 735 5682 (iam,
768 5621 915 5670 morti
954 5619 1164 5671 tradidit

536 5699 561 5727 ο
589 5687 732 5744 Clar.
758 5686 872 5742 haec
916 5688 1096 5754 verba,
1126 5688 1213 5757 qui
1241 5698 1404 5743 tamen
1432 5705 1514 5744 eos
1544 5702 1650 5743 sua
1686 5689 1865 5746 ditioni
1912 5708 2009 5761 po-

2117 473 2475 541 ingredientes
2500 472 2787 539 Europam,
2816 484 2979 537 super
3009 467 3162 520 litore
3194 464 3412 519 Danuvii
3448 464 3687 517 (luminis

2118 566 2256 619 inter
2277 567 2546 620 Oceanum
2576 575 2633 619 et-
2655 565 2949 618 Thraciam
2976 577 3088 615 una-
3118 579 3181 615 ex
3214 562 3294 616 eis
3344 561 3545 614 ibidem
3571 574 3694 629 pars

2115 659 2335 712 resedit.
2388 658 2624 710 Electum
2669 671 2696 707 a
2745 670 2803 708 se
2846 654 3029 722 utique
3077 665 3287 718 regem,
3340 664 3537 703 nomen
3560 648 3695 701 Tur-

2114 758 2312 814 quoto,
2374 762 2469 815 per
2508 746 2644 815 quod
2695 760 2825 814 gens
2877 745 3178 797 Turcorutn
3222 755 3415 795 nomen
3464 741 3691 808 accepit.

2117 840 2309 894 Franci
2334 839 2489 910 Itnjus
2513 839 2733 893 itineres
2757 852 2996 905 gressum
3030 850 3148 887 cum
3188 848 3386 887 uxores
3414 841 3469 886 et
3496 832 3693 884 liberes

2114 932 2342 1001 agebant
2367 974 2381 996 ,
2413 946 2509 984 nec
2536 939 2648 984 erat
2673 945 2823 1000 gens,
2854 930 2940 995 qui
2968 928 3046 981 eis
3073 926 3125 979 in
3160 924 3405 994 prmlium
3433 924 3695 987 potuisset

2114 1022 2383 1075 resistere.
2425 1020 2530 1076 Sed
2570 1022 2795 1088 plurima
2833 1028 3057 1086 egerunt
3094 1016 3318 1083 praelia,
3372 1013 3588 1083 quando
3623 1011 3691 1064 ad

2114 1111 2358 1166 Rhenum
2408 1113 2784 1176 consederunt,
2838 1112 2962 1163 dum
3209 1120 3241 1159 a
3284 1105 3564 1175 anquoto
3593 1103 3692 1155 ιιιί-

2113 1206 2255 1257 nttati
2283 1213 2426 1268 sunt,
2468 1218 2629 1272 parva
2657 1218 2719 1256 ex
2749 1202 2827 1254 eis
2848 1214 3035 1254 manus
3066 1204 3271 1253 aderat.
3305 1198 3349 1252 A
3380 1194 3693 1263 captivitate

2114 1297 2291 1365 Trojze
2345 1311 2512 1365 usque
2568 1299 2634 1349 ad
2685 1294 2908 1364 primam
2959 1291 3317 1364 olympiadem
3373 1289 3509 1343 ﬁunt
3563 1286 3692 1340 attni

2195 1405 2238 1441 lC
2252 1405 2319 1441 Vl.

2112 1404 2238 1443 cccc
2252 1405 2319 1443 Vl.

2463 1458 2527 1513 ll.
2556 1490 2627 1501 -—-
2672 1457 2813 1511 Inter
2849 1456 3022 1509 eadem
3055 1453 3333 1520 Excerpta.

2186 1549 2455 1605 Gallienus
2486 1553 2726 1603 ﬁrmatur
2755 1550 2808 1602 in
2860 1546 3085 1615 imperio
3107 1544 3213 1614 (Ea:
3245 1559 3362 1609 cap.
3388 1541 3505 1610 40).
3559 1540 3692 1594 Ger-

2117 1644 2255 1693 ntani
2281 1642 2583 1694 Ravennam
2609 1649 2887 1693 venerunt.
2917 1634 3194 1691 Alamanni
3218 1640 3481 1685 vastatum
3511 1629 3692 1683 Aven-

2044 1742 2093 1803 B
2121 1733 2279 1784 ticunt
2322 1734 2680 1794 prteventione
2721 1728 2904 1784 vuibili
2952 1730 3034 1780 cui
3064 1733 3316 1780 nomento
3335 1764 3352 1789 ,
3379 1732 3434 1776 et
3464 1721 3692 1789 plurima

2120 1832 2268 1888 parte
2322 1823 2646 1887 Galliarum,
2699 1822 2749 1874 in
2811 1819 3009 1874 {Etalia
3057 1816 3380 1869 transierunt
3425 1822 3471 1863 κ.
3515 1810 3695 1865 (ἶηεί

2115 1913 2442 1968 Pannoniam
2500 1922 2913 1983 occupaverunt.
2962 1909 3209 1963 Germani
3264 1907 3492 1974 Spanias
3539 1905 3692 1956 obte-

2113 2014 2363 2065 ntu-runt,
2391 2006 2555 2058 etiam
2585 2016 2637 2059 et
2661 2006 2871 2076 Syriam
2917 2004 3344 2061 incursaverunt,
3376 1997 3616 2050 Francos
3638 1994 3691 2047 in

2114 2112 2297 2151 eorum
2330 2100 2583 2153 habentes
2609 2098 2883 2152 auxilium.

2189 2187 2590 2243 Valentinianus
2632 2187 2740 2260 (Ea:
2783 2204 2900 2254 cap.
2944 2185 3061 2254 43),
3106 2194 3213 2238 etc.
3257 2183 3504 2237 Saxones
3556 2179 3691 2235 cazsi

2116 2279 2359 2333 Deusone
2388 2278 2417 2315 ιι
2442 2278 2492 2332 in
2525 2282 2736 2347 regione
2767 2277 3091 2332 Francorum
3120 2272 3380 2328 consedit.

2183 2373 2282 2438 Qui
2329 2372 2702 2439 superfuerunt
2738 2372 2790 2425 in
2824 2371 2913 2423 illo
2960 2382 3201 2436 tempore
3249 2363 3686 2434 Burgundionum

2114 2466 2377 2529 oetogiuta
2423 2465 2532 2518 fere
2562 2464 2725 2517 millia
2769 2461 2875 2531 (Ea:
2914 2477 3029 2530 cap.
3063 2458 3181 2528 46),
3223 2468 3353 2528 quot
3392 2466 3680 2521 numquam

2114 2568 2268 2610 antea
2298 2572 2396 2610 nec
2426 2556 2862 2616 nominabantur,
2885 2553 2951 2606 ad
2994 2552 3236 2605 llbenum
3268 2545 3683 2607 descenderunt,

2115 2658 2169 2702 et
2193 2648 2279 2701 ubi
2310 2647 2441 2719 [Αι.,
2481 2646 2574 2717 ibi]
2604 2658 2777 2700 castra
2817 2652 3125 2714 posuerunt,
3156 2640 3307 2711 quasi
3336 2640 3503 2704 Burgo
3525 2648 3685 2688 voce-

2119 2748 2381 2803 laverunt,
2410 2740 2479 2793 ob
2503 2746 2600 2793 hoc
2631 2754 2822 2792 nomen
2845 2741 3167 2802 acceperunt
3194 2728 3643 2802 Burgundiones,l
3669 2741 3692 2791 ',

2116 2830 2292 2900 ibique
2353 2830 2505 2900 nihil
2550 2830 2687 2883 aliud
2756 2830 3189 2899 praesumebant,
3253 2828 3350 2882 nisi
3425 2834 3687 2894 quantum

2118 2898 2346 2991 pretium
2386 2898 2611 2977 ementis
2659 2898 2789 2988 [Al.,
2821 2920 3081 2992 ementes]
3111 2935 3139 2972 a
3179 2918 3463 2975 Germanis
3500 2931 3688 2970 eorum

2117 3015 2376 3083 stipendia
2416 3015 2764 3083 accipiebant.
2803 3015 3016 3067 Etcum
3055 3012 3252 3067 ibidem
3278 3011 3499 3077 duobus
3536 3009 3689 3063 annis

1988 3099 2013 3191 ὲ
2039 3109 2092 3175 C
2121 3107 2464 3170 resedissent,
2493 3121 2585 3174 per
2613 3108 2814 3173 legatos
2836 3107 3039 3159 invitati
3062 3120 3091 3158 a
3122 3100 3374 3158 Romanis
3390 3102 3474 3155 vel
3498 3099 3690 3166 Gallis,

2114 3204 2201 3268 qui
2236 3200 2661 3270 Lugdunensium
2700 3201 3021 3268 provinciam
3057 3199 3070 3249 i
3114 3208 3169 3252 et
3203 3197 3386 3253 Gallea
3430 3196 3689 3260 Comata,

2115 3290 2299 3344 Gallea
2348 3291 2568 3345 Domata
2615 3297 2671 3345 et
2721 3292 2904 3345 Gallea
2957 3289 3225 3358 Cisalpina
3271 3285 3598 3351 manebant,
3631 3292 3693 3340 ut

2117 3382 2379 3437 tributarii
2437 3383 2657 3449 publica;
2713 3383 3011 3451 potuissent
3065 3394 3373 3443 rennuere,
3432 3377 3509 3433 ibi
3562 3391 3687 3431 cum

2113 3487 2306 3526 uxores
2335 3484 2388 3528 et
2423 3473 2616 3527 liberes
2646 3473 2743 3526 visi
2770 3484 2891 3526 sunt
2927 3472 3254 3526 consedisse.

2286 3586 2373 3641 Ill.
2399 3618 2469 3626 —
2497 3587 2640 3641 Inter
2666 3587 2918 3652 Excerpta
2951 3602 3012 3640 ea:
3039 3585 3200 3639 Idatii
3230 3586 3505 3638 Chronico.

2186 3701 2475 3755 Martianus
2518 3699 2669 3770 (Cap.
2704 3700 2773 3753 55
2820 3698 2983 3761 Can.,
3014 3700 3101 3751 lio.
3133 3712 3223 3762 tn,
3265 3713 3383 3762 cap.
3416 3696 3494 3765 5).
3526 3706 3682 3749 etc...

2116 3795 2260 3851 Gens
2299 3793 2604 3848 Chunorum
2637 3807 2766 3861 pace
2813 3801 2962 3859 rupta
2996 3801 3153 3844 ruunt
3182 3790 3231 3843 in
3270 3788 3501 3852 Galleis,
3549 3800 3686 3855 quos

2115 3900 2235 3939 cum
2270 3886 2498 3953 Agecius
2548 3883 2799 3951 patricius
2847 3882 3120 3935 venientes
3151 3880 3533 3947 comperisset,
3564 3893 3661 3930 san

2112 3988 2256 4031 ctum
2288 3977 2548 4029 Anianum
2579 3973 3038 4028 Aurelianensium
3067 3971 3373 4038 episcopum
3404 3968 3470 4021 ad
3502 3968 3686 4021 Theu-

2114 4071 2302 4124 dorum
2342 4068 2505 4136 regini
2537 4066 2850 4120 Gotthorntn
2900 4068 2948 4118 in
2997 4066 3317 4133 legationem
3347 4064 3559 4131 dirigit,
3592 4077 3683 4129 pe-

2116 4174 2232 4216 tens
2263 4162 2518 4214 auxiliare
2538 4170 2721 4213 contra
2745 4157 2941 4211 Cltunis
2964 4174 2976 4209 :
2997 4155 3043 4209 si
3066 4155 3385 4225 prazvalebat
3406 4154 3681 4217 resistere,

2115 4300 2286 4350 luisset
2315 4297 2607 4365 sttbjugare,
2638 4294 2850 4365 omittit.

2192 4370 2209 4405 τ
2240 4357 2418 4429 ιιιιιίιξ
2469 4357 2776 4418 Ἶίιτὸοιίιιιι.
2831 4362 2961 4416 ΒοΙι.
3021 4371 3074 4415 et
3112 4359 3271 4425 Can.,
3323 4357 3681 4427 Torquorutu,

2117 4438 2464 4500 Tlturcorum;
2496 4445 2549 4487 et
2578 4436 2730 4499 infra,
2763 4433 3039 4500 Torquato.
3069 4496 3077 4503 θ

2186 4518 2210 4555 8
2243 4510 2331 4563 Sic
2352 4499 2495 4560 Clar.
2522 4506 2651 4558 ΒοΙι.
2677 4522 2803 4557 vero
2829 4523 2841 4556 :
2883 4499 3234 4557 Prmvenlione
3249 4499 3475 4554 niolabili
3493 4501 3685 4568 cogno-

2112 4590 2344 4633 mento...
2372 4574 2693 4639 Galliarum;
2722 4576 2935 4643 indeque
2962 4575 3015 4625 in
3055 4574 3283 4627 Italiam.
3318 4570 3455 4643 Can.
3481 4569 3561 4643 sic
3592 4571 3683 4619 ha-

2112 4651 2199 4705 bet
2223 4667 2235 4702 :
2260 4649 2599 4701 Pet-venerunt
2621 4640 2959 4698 inaestimabili
2987 4654 3309 4705 nocumcntc,
3333 4653 3380 4696 et
3403 4640 3680 4707 plurimum

2114 4732 2307 4792 partem
2330 4718 2615 4792 Galliarum
2632 4724 2981 4792 vastaverunt;
3004 4715 3300 4792 indequain
3324 4712 3553 4792 Italiam,
3574 4717 3677 4762 etc.

2183 4790 2207 4827 ιι
2241 4792 2328 4844 Sic
2354 4804 2564 4858 quoque
2588 4788 2779 4851 legitur
2808 4789 2878 4858 in;
2896 4786 3162 4858 Chronico
3202 4782 3437 4858 Eusebii,
3463 4795 3528 4833 ex
3567 4794 3684 4857 om-

2113 4862 2266 4917 nibus
2310 4852 2492 4922 Mss.,'
2531 4866 2587 4909 ut
2631 4864 2812 4909 monet
2850 4856 3118 4923 Scaliger,
3170 4856 3255 4920 qui
3313 4854 3412 4906 hoc
3464 4852 3679 4923 nomine

2115 4933 2342 4998 aliquam
2366 4920 2547 4982 urbem
2572 4929 2711 4980 circa
2736 4927 2974 4980 Itheuum
2998 4920 3263 4998 designari
3290 4929 3491 4998 censet.
3521 4920 3679 4998 Bolt.,

2120 4991 2357 5055 DitISUIte.
2400 5001 2530 5051 (Jan.
2566 5016 2576 5049 :
2632 4999 2865 5050 Saxones
2909 4998 3023 5051 ειυθὶ
3070 4991 3336 5057 Diovioue,
3385 4994 3438 5043 in
3482 4991 3686 5057 regione

2118 5072 2438 5125 Francorum
2465 5068 2797 5122 consederunt
2821 5070 2905 5136 qui
2927 5068 3307 5135 superfuerunt.
3341 5064 3473 5118 Tum
3503 5060 3692 5129 incipit

2118 5159 2231 5191 mn.
2266 5144 2332 5191 Mi
2361 5159 2371 5191 :
2401 5139 2465 5191 In
2486 5140 2575 5191 illo
2597 5148 2839 5191 tempore.
2870 5151 2971 5191 etc.

2149 5159 2231 5195 an.
2266 5144 2332 5195 46
2361 5159 2371 5193 ;
2401 5140 2465 5191 1η
2486 5140 2575 5191 illo
2597 5148 2839 5195 tempore.
2870 5151 2971 5193 etc.

2116 5159 2231 5212 cap.
2266 5144 2332 5196 46
2361 5159 2371 5193 ;
2401 5141 2465 5191 1η
2486 5141 2575 5191 illo
2597 5148 2839 5202 tempore,
2870 5151 2971 5193 etc.

2195 5215 2207 5251 ί
2245 5211 2376 5266 Vide
2404 5212 2671 5272 Urosium,
2707 5208 2797 5260 lib.
2823 5224 2894 5261 vn
2936 5206 3181 5261 Historiae
3212 5220 3327 5267 cap.
3352 5202 3407 5256 ι.

2192 5285 2205 5334 i
2249 5284 2409 5336 Boh.:
2445 5280 2722 5333 Prouincia:
2751 5288 2797 5330 et
2824 5278 3005 5332 Gallea
3036 5275 3249 5329 Comata
3281 5272 3544 5336 Cisalpina
3581 5288 3693 5322 ma.-

2121 5356 2324 5410 nebant.
2354 5354 2525 5406 Can.:
2565 5349 2845 5401 Provinciae
2891 5360 2937 5402 et
2969 5346 3152 5400 Gallia:
3190 5346 3381 5397 domita
3422 5341 3690 5407 Cisalpina

2122 5438 2173 5478 ut
2212 5425 2465 5478 tributarii
2494 5420 2757 5489 publice...
2783 5420 2948 5487 ibique
2969 5434 3103 5480 cum,
3124 5426 3234 5489 (etc.
3261 5414 3430 5489 Gallia
3474 5412 3687 5489 Comum

2120 5512 2213 5550 seu
2244 5484 2592 5560 Transalpina
2646 5484 2956 5560 continebat
3005 5487 3324 5560 hodiernam
3383 5484 3688 5539 Frattciam,

2120 5566 2376 5633 Cisalpina
2398 5557 2544 5628 vero,
2569 5558 2905 5633 seuh'l‘ogata,
2926 5557 3088 5614 Italia:
3110 5565 3337 5628 partem,
3364 5569 3518 5625 quant
3543 5566 3688 5605 nunc

2124 5630 2491 5693 Lotnbardiam
2521 5630 2871 5702 appellamus.
