4020 6194
226 281 322 334 7f"

1418 275 1503 330 DE
1544 272 1857 331 HISTORIA
1899 270 2335 332 FRANCORUM.

3382 285 3491 340 783

226 397 460 451 ,μολιςηηι
492 402 697 462 panem
737 392 925 446 Gallia:
951 389 1164 447 Gottbis
1190 387 1364 444 daret.
1394 390 1525 445 Cum
1562 405 1589 442 a
1630 389 1810 443 Theu—
1841 387 1891 445 Α
1918 387 2066 442 lium.
2097 390 2281 457 Agecii
2315 391 2597 446 consilium
2639 393 2803 450 Gallia
2838 396 2912 450 ab
2934 397 3253 455 adverSnriis
3291 399 3487 457 libera-

226 491 361 543 tloro
392 501 520 556 rege
547 483 705 554 hujus
734 483 1008 552 petitionis
1051 498 1297 539 annuens
1340 482 1590 535 auxilium
1621 481 1811 534 fuisset

229 582 579 650 promissum,
612 577 1094 647 Ageciuslegatos
1140 579 1357 630 mittens
1407 575 1471 628 ad
1522 575 1807 629 Attilanem

226 690 409 744 regem
437 672 748 727 Chunorum
805 669 1059 731 obviam,
1102 676 1290 738 petens
1344 668 1597 722 auxilium
1642 668 1808 737 708

228 774 415 819 contra
443 761 692 825 Gotthis,
731 759 823 830 qui
875 758 1088 813 Galleas
1126 758 1395 813 cenabant
1426 757 1677 811 invadere
1709 774 1723 811 :
1762 756 1807 811 si

230 855 592 925 prmvalebant
618 851 792 906 Chuni
819 865 849 905 e
901 859 1087 905 contra
1117 848 1330 903 Gotthis
1357 847 1670 911 defendere,
1697 863 1807 901 me-

228 948 484 1002 dietatem
531 943 718 998 Gallia!
768 943 836 996 ab
866 940 1065 1009 Agecio
1114 939 1468 1008 perciperent.
1517 939 1683 993 Attila
1713 953 1807 992 rex

229 1057 352 1098 cum
382 1038 586 1095 Chunis
628 1038 909 1106 festinans,
939 1046 991 1090 et
1023 1047 1254 1103 parcens
1278 1042 1303 1069 ⁸
1347 1031 1649 1086 civitatibus
1675 1030 1807 1085 Ger-

229 1134 427 1188 mania:
448 1141 503 1187 et
539 1130 746 1193 Galliae,
779 1140 960 1185 contra
982 1129 1217 1194 Gottliis,
1246 1141 1406 1196 super
1432 1125 1619 1193 Ligere
1647 1122 1808 1176 ﬂuvio

230 1226 502 1287 residens,
554 1237 651 1277 nec
700 1223 881 1292 procul
933 1223 1001 1275 ab
1028 1220 1321 1275 Anrilianis
1360 1215 1597 1284 conﬂigit
1634 1224 1808 1271 certa-

232 1317 400 1371 mine.
429 1316 582 1370 Caasa
632 1324 758 1369 sunt
805 1314 1125 1369 Gotthorum
1170 1312 1395 1366 ducenta
1441 1309 1604 1363 millia
1633 1306 1808 1360 homi-

231 1424 382 1465 num.
436 1407 753 1462 'I‘heudorus
802 1420 892 1461 rex
935 1407 1035 1460 hoc
1082 1406 1272 1473 ιιι-ωηο
1325 1402 1593 1456 occubuit.
1654 1398 1805 1452 Caesa

231 1514 356 1557 sunt
385 1500 694 1555 Chunorum
726 1508 938 1553 centum
972 1497 1348 1568 quinquaginta
1386 1495 1570 1548 millia.
1601 1493 1805 1545 Civitas

232 1594 540 1649 Aurelianis
562 1592 891 1647 orationibus
914 1590 1203 1645 beatissimi
1234 1589 1424 1644 Auiani
1458 1588 1677 1641 liberata
1700 1593 1806 1640 est:

232 1685 404 1740 Cltuni
434 1684 749 1753 repedantes
777 1682 1051 1737 Trecassis
1075 1680 1103 1720 δ
1133 1682 1184 1735 in
1224 1680 1645 1734 Mauriacensem
1672 1691 1803 1732 con-

1916 486 2019 532 tur.
2049 477 2235 533 Postea
2268 496 2387 534 cum
2417 497 2446 535 a
2479 482 2832 539 Thursimodo
2861 502 2984 556 rege
3028 496 3084 542 et
3126 489 3336 545 Gotthis
3373 492 3486 548 hare

1916 569 2074 622 factio
2142 571 2343 638 perlata
2409 573 2624 639 fuisset,
2683 577 3018 646 requirentes
3076 581 3485 648 promissionem

1913 662 2091 731 Agecii
2124 666 2462 731 implendam,
2505 674 2563 720 et
2607 667 2694 722 ille
2732 672 3038 735 retinuerit,
3075 688 3169 738 per
3193 675 3337 741 pacis
3359 673 3484 744 jura

1912 755 2211 808 orbiculum
2270 754 2290 793 ί
2356 771 2577 813 aureum
2644 761 2867 829 gemmis
2914 771 3182 829 ornatmu,
3230 776 3488 828 pensante

1912 843 2076 898 libras
2113 847 2428 915 quingentas
2488 848 2556 900 ab
2613 850 2811 918 Agecio
2858 853 3267 921 compositionis
3326 869 3487 911 causa

1914 941 2296 995 transmittitur
2332 942 2739 1012 'fbursemodo,
2785 954 2839 999 et
2892 947 3007 1001 haec
3050 947 3223 1019 jurgia
3267 949 3487 1019 quieve-

1912 1044 2053 1089 runt.
2087 1034 2217 1101 Quaa
2249 1036 2456 1103 species
2494 1037 2836 1093 devotissime
2866 1056 3032 1108 u~que
3077 1041 3129 1094 in
3168 1041 3485 1098 hodiernum

1909 1126 2050 1180 diem
2080 1127 2399 1183 Gotthorum
2430 1129 2695 1185 thesauris
2721 1148 2818 1200 pro
2839 1144 3083 1189 ornatum
3114 1147 3398 1192 veneratur
3424 1147 3485 1195 et

1911 1228 2137 1274 tenetur.

1980 1322 2133 1372 Anno
2166 1317 2201 1370 2
2249 1319 2514 1374 Anthemii
2547 1319 2654 1388 (Ea:
2686 1338 2801 1392 cap.
2830 1324 2920 1391 58,
2946 1324 3098 1395 Com,
3129 1328 3218 1381 lib.
3257 1332 3334 1393 ut,
3363 1345 3486 1400 cap.

1908 1407 1965 1477 8)
1990 1409 2041 1461 ln
2072 1409 2245 1462 medio
2274 1409 2484 1465 Tolosaa
2514 1412 2756 1467 civetatis
2784 1417 2999 1482 sanguis
3024 1420 3198 1487 erupit
3220 1418 3287 1474 de
3317 1431 3482 1487 terra,

1908 1514 1961 1558 et
2008 1512 2114 1557 tota
2164 1504 2253 1559 die
2294 1505 2465 1571 ﬂuxit,
2518 1507 2837 1577 signeficans
2882 1508 3196 1567 Gotthorum
3245 1514 3483 1571 domina-

1910 1598 2051 1651 tione
2079 1597 2284 1652 sublata
2319 1598 2642 1651 Francorum
2671 1600 2986 1655 adveniente
3014 1619 3195 1665 regno.

2118 1693 2283 1748 lV.—
2312 1692 2456 1747 Inter
2497 1696 2673 1749 eadem
2704 1695 2958 1765 Excerpta
2984 1715 3047 1752 ex
3076 1698 3270 1756 lautia.

232 1776 487 1831 sedentes
529 1773 884 1841 campaniam-
930 1771 1329 1827 Thoresmodus
1363 1781 1387 1809 ο
1444 1770 1584 1824 ﬁlius
1628 1768 1806 1822 Theu-
1838 1756 1882 1816 Β
1981 1786 2216 1853 Quadam
2246 1794 2272 1833 ις
2298 1790 2411 1841 vice
2440 1786 2573 1856 (cap.
2594 1786 2682 1852 co;
2706 1756 2958 1853 Can.,lib.
2984 1792 3304 1860 m.cap.10)
3324 1792 3480 1849 Chlo-

230 1870 371 1934 ἀοι-ἰ,
404 1867 494 1936 qui
523 1868 572 1921 ei
601 1868 857 1921 successit
882 1866 932 1919 in
959 1881 1207 1936 regnum,
1253 1865 1531 1918 collectum
1575 1862 1803 1917 Gottlio-

230 1975 350 2017 rum
382 1958 637 2021 exercitu,
670 1966 875 2025 patrem
909 1957 1087 2011 ulcisci
1126 1956 1441 2011 desiderans
1462 1994 1477 2019 ,
1510 1968 1629 2009 cum
1668 1953 1806 2008 Atti-

232 2050 408 2106 lanem
440 2058 495 2104 et
518 2048 721 2103 Cltunis
736 2048 1002 2102 Mauriaco
1018 2046 1260 2114 conﬂigit
1280 2046 1570 2101 certamine
1585 2085 1601 2111 ,
1626 2045 1805 2113 ibique

232 2143 404 2197 tribus
453 2141 643 2196 diebus
683 2149 907 2208 uterque
958 2139 1232 2209 phalanga:
1286 2138 1339 2192 in
1388 2137 1613 2192 invicem
1661 2152 1805 2206 prte-

234 2230 447 2295 liantes,
497 2239 553 2283 et
595 2228 993 2284 innumerabilis
1040 2227 1326 2283 multitudo
1366 2228 1541 2298 gentis
1569 2224 1597 2265 ἀ
1645 2243 1806 2283 occu-

234 2322 369 2379 buit.
397 2322 626 2392 Agecius
646 2338 764 2376 cum
795 2331 939 2376 esset
965 2320 1431 2376 strenuosissimus
1453 2320 1686 2383 consilii,
1711 2336 1807 2389 per

230 2426 449 2472 noctem
476 2415 542 2471 ad
587 2415 871 2470 Attilanem
908 2415 1127 2470 veniens
1175 2415 1306 2469 dixit
1335 2413 1399 2468 ad
1429 2429 1587 2469 eum:
1640 2413 1806 2482 Opta-

230 2507 392 2564 bilem
425 2510 680 2562 duxeram
707 2516 764 2561 ut
812 2516 899 2561 tua
931 2514 1131 2562 Virtute
1180 2507 1448 2573 regionem
1479 2506 1614 2561 hanc
1641 2521 1668 2558 a
1697 2521 1806 2574 per-

230 2601 349 2655 lidis
397 2586 614 2655 Gotthis
666 2600 955 2667 potuissem
1008 2597 1189 2671 [Boh.,
1240 2598 1522 2668 potuisses]
1564 2598 1802 2666 eripere,

229 2694 325 2748 sed
355 2693 661 2747 nullatenus
687 2692 803 2747 fieri
826 2700 1016 2761 potest.
1049 2691 1229 2761 Usque
1256 2707 1397 2746 nunc
1424 2707 1542 2747 cum
1570 2691 1803 2747 minimis

228 2784 611 2856 pugnatoribns
656 2785 903 2854 praelias,
948 2783 1048 2840 hac
1084 2794 1242 2840 nocte
1282 2784 1649 2839 Theudericus
1674 2798 1794 2852 ger-

228 2890 419 2930 manus
470 2874 820 2929 Thoresmodi
870 2888 994 2929 cum
1053 2875 1267 2928 nimiam
1313 2874 1704 2929 multitudinem
1748 2881 1803 2928 et

226 2965 550 3021 fortissimos
604 2964 921 3019 Gotthorum
993 2972 1313 3034 pugnatores
1360 2964 1578 3019 advenit
1625 2980 1643 3017 :
1689 2964 1804 3019 haec

227 3074 334 3114 non
387 3058 657 3121 sustines,
708 3068 868 3128 atque
927 3058 1126 3113 utinam
1184 3059 1267 3114 vel
1328 3058 1555 3114 evadere
1603 3058 1797 3127 possis.

226 3149 378 3205 Tunc
410 3150 570 3202 Attila
599 3148 745 3203 dedit
773 3149 971 3217 Agecio
992 3148 1178 3203 decem
1210 3148 1375 3202 millia
1401 3148 1719 3211 solidorum,
1746 3160 1803 3203 ut
1828 3135 1879 3200 C

226 3256 322 3312 per
346 3256 447 3295 suo
475 3240 689 3311 ingenio
717 3241 1044 3295 Pannoniam
1072 3241 1375 3312 repedaret.
1401 3241 1622 3311 Ipsaque
1645 3254 1801 3299 nocte

226 3336 459 3406 Agecius
484 3334 549 3388 ad
581 3334 949 3389 Thoresmodo
975 3334 1223 3403 idemque
1242 3335 1495 3400 perrexit,
1514 3335 1805 3404 dicensque

227 3428 275 3482 ei
299 3443 516 3482 causam
555 3426 922 3491 consimilem,
966 3427 1107 3494 quod
1158 3427 1298 3496 apud
1333 3428 1465 3482 viles
1492 3427 1799 3482 Chunorum

227 3528 551 3589 pugnatores
592 3533 760 3586 usque
814 3533 957 3574 nunc
1007 3529 1370 3586 pugnaverat;
1405 3508 1523 3572 itam
1571 3522 1800 3574 maxima

226 3608 513 3662 multitudo
542 3617 593 3662 et
622 3605 899 3662 fortissimi
926 3617 1245 3677 pugnatores
1273 3622 1303 3661 a
1342 3607 1634 3662 Pannoniis
1659 3608 1805 3673 ipsa-

225 3713 329 3768 que
356 3709 514 3753 nocte
538 3698 778 3753 Attillaui
808 3697 1151 3763 advenerant,
1188 3707 1241 3754 et
1270 3698 1542 3753 audissent
1579 3696 1803 3754 fratrem

224 3807 380 3848 suum
407 3792 803 3846 Tlteudericum
832 3793 884 3845 in
920 3808 1078 3847 aures
1109 3794 1433 3848 Gotlhorum
1480 3808 1796 3861 occupasse,

224 3898 556 3953 regnumque
585 3883 747 3939 vellet
775 3884 1034 3952 arripere,
1065 3884 1166 3939 nisi
1200 3883 1426 3939 festinus
1449 3886 1514 3938 ad
1542 3884 1794 3939 reseden-

225 3976 353 4029 dum
383 3985 653 4046 pergeret,
679 3976 972 4045 periculum
1016 3977 1080 4029 ad
1112 3975 1507 4045 degradandutn
1554 3975 1794 4031 haberet.

223 4067 474 4133 Acceptis
526 4066 774 4138 idemque
823 4068 984 4137 709
1047 4069 1279 4136 Agecius
1335 4083 1365 4121 a
1426 4066 1797 4121 Thuresmodo

222 4158 410 4212 decem
439 4157 598 4211 millia
620 4158 826 4221 solidis,
876 4169 931 4213 ut
974 4173 1074 4214 suo
1103 4159 1316 4224 ingenio
1343 4174 1373 4212 a
1420 4160 1798 4228 persecutione

222 4248 535 4303 Chunorum
565 4249 767 4303 liberati
796 4248 977 4303 Gotthi
1011 4250 1076 4304 ad
1121 4250 1276 4304 sedes
1312 4251 1556 4320 preprias
1585 4265 1795 4307 remea-

223 4349 368 4396 rent.
398 4340 475 4408 Et.
492 4343 732 4409 protinus
779 4342 1049 4397 abierunt.
1096 4346 1323 4413 Agecius
1355 4360 1483 4399 vero
1511 4360 1631 4400 cum
1660 4347 1796 4413 suis,

223 4433 385 4485 etiam
411 4431 646 4488 Francos
693 4449 873 4488 secum
924 4434 1127 4489 habens
1154 4476 1171 4502 ,
1214 4445 1335 4505 post
1364 4445 1569 4507 tergum
1600 4439 1798 4493 direxit

1905 1877 2106 1933 doveus
2134 1894 2225 1931 rex
2261 1877 2583 1932 Francomm
2628 1887 2683 1931 et
2710 1879 2945 1933 Alaricus
2999 1897 3088 1935 rex
3137 1880 3475 1950 Gotthorum,

1906 1969 1993 2039 qui
2053 1969 2235 2023 sedem
2273 1968 2521 2023 Tholosae
2575 1967 2834 2035 habebat,
2894 1958 3013 2039 post
3064 1975 3225 2026 multa
3287 1976 3480 2042 praelia

1904 2073 2022 2128 qua:
2097 2058 2322 2113 invicem
2388 2069 2724 2128 gesserant,
2786 2059 3181 2117 intercedentes
3250 2065 3476 2133 legatus,

1904 2165 2021 2205 cum
2052 2166 2235 2220 pacem
2285 2145 2426 2205 inire'
2457 2151 2743 2219 coepissent
2781 2151 2937 2222 hujus
2986 2157 3390 2224 convenientiae,
3423 2169 3482 2217 ut

1906 2242 2145 2298 Alaricus
2164 2242 2379 2297 barbam
2406 2252 2646 2313 tangeret
2670 2243 2957 2299 Chlodovei
2983 2246 3201 2301 effectus
3224 2248 3309 2303 ille
3336 2247 3362 2286 ιι
3386 2266 3477 2318 pa-

1905 2340 2109 2398 trenus,
2130 2343 2434 2401 perpetuam
2459 2333 2525 2388 ad
2550 2332 2774 2389 invicem
2802 2350 2983 2401 pacem
3005 2348 3309 2404 servarent;
3334 2351 3387 2394 et
3406 2343 3473 2396 ad

1904 2424 2061 2493 hujus
2098 2426 2288 2494 placita
2331 2425 2706 2495 conjunctione
2742 2426 2755 2465 ί
2794 2443 2891 2483 nec
2939 2429 3169 2486 Francos
3215 2449 3311 2487 nec
3339 2432 3475 2490 Got-

1904 2518 2026 2573 tltos
2054 2528 2286 2572 armatos
2314 2520 2522 2587 penitus
2558 2520 2891 2576 accederent.
2918 2523 3220 2579 statuentes
3242 2528 3381 2581 diem
3407 2531 3479 2584 ad

1903 2606 2074 2662 locum
2104 2607 2431 2673 designatum
2463 2610 2530 2663 ab
2564 2609 2819 2677 invicem;
2867 2613 3041 2682 ibique.
3071 2618 3273 2686 legatus
3313 2617 3475 2674 Chlo-

1902 2699 2080 2761 dovei,
2113 2698 2368 2754 Paternus
2410 2702 2646 2768 nomine,
2694 2704 2759 2756 ad
2790 2704 3061 2759 Alaricum
3102 2712 3346 2773 accessit,
3397 2713 3477 2766 in-

1902 2789 2118 2860 quirens
2138 2801 2314 2844 utrum
2343 2806 2410 2846 eo
2439 2792 2616 2846 habitu
2640 2791 2817 2847 Gotthi
2853 2795 3086 2851 inermes
3112 2814 3219 2867 quo
3246 2816 3477 2868 spopon-

1902 2882 2109 2951 derant,
2136 2883 2384 2953 placitum
2414 2885 2743 2940 custodirent
2771 2902 2786 2940 :
2817 2897 2908 2941 aut
2947 2890 3081 2943 forte
3110 2905 3257 2945 more
3293 2894 3474 2960 solito,

1903 2981 1959 3026 nt
1989 2982 2107 3041 prst
2136 2971 2415 3042 probatum
2447 2984 2550 3039 est,
2583 2977 2873 3031 mendaciis
2898 2989 3143 3045 parerent
3167 2980 3211 3034 i.
3231 2980 3363 3035 Cum
3396 2984 3476 3037 lo-

1901 3074 2154 3135 queretur
2183 3064 2446 3120 Paternus
2475 3067 2637 3137 710
2661 3066 2726 3121 ad
2755 3067 2966 3123 Alarico
2997 3086 3196 3138 regem,
3224 3075 3480 3128 nuntians

1905 3158 2103 3211 salutes
2125 3156 2437 3219 Chlodovei,
2467 3166 2523 3210 et
2550 3158 2831 3225 diligenter
2856 3159 3130 3227 inquirens
3151 3177 3256 3231 quo
3288 3163 3477 3219 ordine

1903 3248 2161 3303 deberent
2180 3248 2519 3317 conjungere,
2551 3248 2730 3303 Gotthi
2762 3248 3124 3307 fraudulenter
3162 3269 3293 3309 uxos
3321 3253 3345 3292 ¹ι
3378 3271 3480 3325 pro

1902 3339 2101 3395 baculis
2133 3340 2184 3392 in
2231 3354 2444 3393 manum
2476 3339 2725 3393 ferentes.
2752 3340 3163 3411 Adprehensum
3212 3362 3375 3399 unum
3408 3364 3474 3403 ex

1903 3431 1988 3486 his
2017 3433 2276 3487 Paternus
2305 3432 2558 3497 extrahit,
2590 3432 2775 3487 dicens
2805 3451 2820 3487 :
2848 3435 3117 3490 Mendacia
3151 3445 3234 3491 tua
3281 3440 3472 3507 placita

1900 3531 2044 3588 sunt,
2072 3539 2190 3592 rex,
2218 3532 2277 3578 ut
2322 3525 2504 3578 fraude
2525 3525 2736 3579 coneris
2759 3540 2881 3580 cum
2925 3527 3028 3580 tuis
3055 3528 3264 3583 Guttliis
3303 3530 3476 3587 domi-

1900 3632 2026 3671 mnn
2075 3632 2251 3671 meum
2301 3627 2354 3672 et
2401 3617 2634 3672 Francos
2683 3619 2948 3688 decipere.
3007 3621 3239 3689 Accepto
3281 3623 3482 3691 placito

1899 3723 2019 3763 cum
2052 3710 2285 3772 Alarico,
2310 3709 2577 3775 spondens
2611 3711 2870 3766 Paternus
2913 3728 3008 3781 pro
3052 3715 3270 3770 Francis
3303 3726 3356 3769 ut
3395 3717 3476 3785 ju-

1899 3798 2093 3852 dicium
2125 3798 2443 3853 Theoderici
2488 3800 2628 3868 regis
2656 3800 2872 3855 Etaliae
2919 3803 3075 3872 hujus
3108 3807 3181 3858 rei
3216 3807 3475 3862 terminus

1901 3892 2137 3946 ﬂeretur.
2168 3891 2241 3944 lbi
2290 3890 2492 3960 legatus
2538 3893 2731 3947 Alarici
2784 3894 2943 3964 regis,
2984 3907 3037 3949 et
3084 3897 3340 3950 Paternus
3388 3900 3476 3953 di-

1898 3988 2075 4035 rectus
2121 3995 2150 4031 a
2186 3980 2511 4043 Chlodoveo,
2536 3993 2876 4049 conspectum
2910 3995 3193 4053 properant
3221 3987 3472 4043 Theude-

1899 4070 2315 4140 rici.;Exponens
2344 4086 2436 4139 per
2463 4069 2650 4124 ordine
2674 4072 2929 4125 Paternus
2950 4088 3163 4128 causam
3177 4076 3471 4135 Chlodovei

1899 4171 1953 4214 et
1975 4161 2213 4225 Francis,
2246 4160 2388 4229 quod
2420 4161 2619 4230 legatus
2646 4161 2835 4215 Alarici
2866 4163 3129 4231 denegare
3152 4182 3252 4220 non
3279 4171 3470 4236 putuit,

1899 4249 2003 4306 nisi
2031 4262 2230 4307 tantum
2260 4261 2535 4322 petens,ut
2563 4253 2816 4322 judicium
2845 4255 3159 4312 Theudorici
3195 4260 3469 4316 ﬂueretur.

1899 4342 2152 4414 Cogitans
2195 4345 2248 4398 in
2297 4347 2640 4415 semetipsum
2685 4344 3048 4401 Theudoricus
3099 4347 3257 4413 hujus
3297 4366 3472 4406 causa:

1900 4446 2175 4505 eventum,
2206 4448 2261 4494 et
2284 4438 2473 4492 futuris
2501 4437 2826 4505 temporibus
2848 4453 2964 4506 quis
2993 4440 3310 4504 oportchant
3339 4443 3472 4496 ohli—

222 4526 553 4593 Chunorum,
586 4543 728 4594 quos
756 4543 924 4593 usque
974 4528 1257 4599 Thoringia
1305 4548 1334 4583 a
1362 4530 1518 4601 longe
1546 4547 1796 4601 prosecu-
1824 4508 1878 4569 Ῑ)
1905 4531 2114 4585 vionem
2143 4547 2246 4584 non
2278 4532 2509 4594 tradens,
2537 4534 2708 4584 zelum
2743 4530 2997 4586 adversus
3030 4532 3127 4585 hos
3155 4533 3290 4588 duos
3320 4551 3473 4604 reges

224 4626 308 4675 tus
328 4630 446 4686 est;
480 4624 835 4692 praecepitque
863 4624 1001 4689 suis,
1032 4636 1086 4678 ut
1115 4626 1478 4695 unusquisque
1504 4635 1661 4681 nocte
1706 4627 1794 4682 ubi

222 4718 525 4777 manebant,
577 4715 761 4769 decem
814 4719 1041 4786 sparsim
1096 4718 1242 4772 focus
1276 4718 1551 4783 facerent,
1593 4729 1649 4774 ut
1692 4702 1796 4774 im-

223 4820 402 4859 mensa
433 4806 772 4861 multitudine
800 4811 1107 4863 scmilarent
1138 4819 1187 4863 ε.
1231 4810 1449 4877 Quievit
1497 4811 1598 4867 hoc
1647 4827 1794 4882 proe-

293 4969 319 5036 f
347 4960 517 5036 (llam,
544 4972 767 5036 partem.
800 4964 957 5029 Buh.,
986 4983 1232 5036 pwrgens.

294 5028 323 5067 δ
346 5028 511 5106 [3th
530 5032 719 5106 Qltunis
737 5028 1375 5106 repedantibus'Trigassis.
1406 5036 1562 5101 Can.,
1583 5038 1782 5092 castris.

294 5110 318 5171 εξ
345 5102 501 5171 ΒοΙι.,
531 5102 911 5160 Thorismodum
935 5106 1090 5171 Can.,
1120 5102 1506 5161 Th‘orsimodus.

290 5168 319 5205 δ
348 5170 511 5249 gap,
537 5176 677 5249 genti
695 5192 716 5249 ;
746 5184 856 5230 tum
881 5168 1119 5230 additum
1141 5188 1344 5241 estum,
1361 5178 1410 5231 id
1431 5188 1513 5231 est
1539 5177 1784 5249 gentium,

261 5310 273 5321 .
296 5248 319 5276 ε
351 5240 505 5321 Bob.,
521 5240 705 5321 βροτεί
728 5250 868 5321 focos
889 5248 1129 5321 facerent,
1157 5259 1213 5301 ut
1237 5240 1787 5321 immensam'multitu-

218 5312 392 5385 dinem
401 5312 897 5385 _similarent.'Can.,
919 5320 1160 5385 sparsim.
1299 5318 1613 5372 simularent.

257 5449 271 5461 .
294 5379 315 5417 ⁸
346 5379 925 5461 Μίεεοτιιιω-ξψρειιάι
949 5379 958 5385 ’
980 5386 1465 5461 Fredegariusipse
1495 5388 1568 5461 Ain
1612 5384 1785 5461 Cltrof

218 5456 359 5527 Ilico,
380 5457 616 5527 cap.]3.
647 5456 739 5512 Sic
770 5472 985 5527 quoque
1013 5458 1206 5513 dicitur
1231 5460 1283 5511 in
1313 5458 1579 5527 Chronico
1615 5459 1789 5511 sancti

218 5518 459 5609 benigni.
504 5525 641 5609 Hinc
675 5518 868 5609 collige
898 5518 1407 5609 'missoriimomine
1450 5526 1585 5597 apud
1634 5528 1782 5582 illum

218 5599 766 5665 auctoremicatinum,
785 5598 896 5650 sive
917 5598 1109 5663 pelvitn
1139 5598 1426 5665 designari.

289 5664 559 5736 {Confer
589 5667 691 5721 hoc
718 5676 877 5735 caput
916 5682 1037 5723 cum
1067 5669 1241 5736 capite
1262 5664 1338 5720 ΞΟ
1377 5668 1469 5723 lib.
1507 5685 1525 5725 ι
1552 5669 1783 5727 Aimoini

217 5734 281 5788 de
315 5733 490 5793 Gestis
520 5733 868 5805 Francorum,
898 5748 952 5793 et
976 5733 1253 5794 Boricimis
1275 5738 1370 5794 lib.
1399 5754 1470 5796 tv.

1901 4630 2186 4686 retenens;
2233 4621 2417 4675 dicens
2472 4621 2551 4675 his
2595 4621 2780 4690 legatis
2821 4640 2835 4676 :
2871 4622 2927 4677 In
2985 4624 3276 4678 crastinum
3330 4628 3471 4694 quod

1899 4712 2150 4764 attentius
2176 4709 2332 4778 hujus
2361 4710 2436 4763 rei
2468 4724 2562 4777 pro
2593 4712 2737 4778 pacis
2779 4713 3139 4779 concordiam,
3168 4726 3224 4769 ut
3248 4715 3472 4785 justitia:

1898 4801 2031 4857 ordo
2068 4803 2355 4871 poscuerit,
2399 4816 2519 4855 cum
2563 4802 2859 4857 senioribus
2903 4804 3087 4860 Palatii
3138 4817 3464 4877 pertractare

1966 4956 1997 4995 ι
2044 4956 2145 5011 Pro
2174 4956 2269 5009 illi.
2298 4955 2430 5008 ilinc
2453 4956 2502 5007 in
2523 4954 2828 5022 Clar.,alia,
2858 4958 2951 5011 sed
2976 4958 3339 5012 vetustissima
3357 4975 3470 5013 ma-

1891 5045 1982 5092 nu,
2007 5029 2225 5097 e/Iicelur
2245 5026 2322 5079 illi
2348 5029 2597 5094 patrinus.
2620 5030 2804 5081 Postea
2833 5037 3091 5081 nonMctu
3106 5029 3464 5098 solummodo,

1888 5100 1983 5154 sed
2018 5096 2074 5153 et
2094 5099 2270 5152 harhze
2298 5108 2385 5149 aut
2416 5098 2727 5162 capillorum
2769 5098 3024 5149 incisione
3049 5096 3279 5152 afﬁnitas
3306 5096 3465 5163 spiril-

1890 5172 2047 5225 tualis
2074 5170 2197 5223 inita
2214 5166 2328 5221 fuit.
2361 5168 2456 5231 Qui
2483 5168 2639 5219 alicui
2671 5166 2848 5220 crines
2866 5166 3150 5228 incidebat,
3176 5168 3291 5233 ejus
3308 5169 3468 5226 fiebat

1890 5239 2360 5309 paterspiritualis.
2383 5236 2510 5309 Vide
2530 5237 2753 5309 Paulum
2761 5236 2929 5309 giae,
2950 5238 2998 5288 in
3013 5236 3186 5309 Gestis
3205 5237 3464 5309 Langoh.,

1888 5306 1981 5365 lib.
2006 5326 2057 5364 tv
2079 5306 2203 5379 cap.
2220 5308 2307 5370 40,
2331 5306 2576 5379 θιᾼὶώηνι
2602 5321 2717 5372 cap.
2739 5306 2828 5379 55.
2844 5306 2995 5358 Plura
3018 5306 3089 5379 de
3110 5308 3207 5379 hac
3234 5324 3290 5361 re
3308 5306 3466 5366 liabet

1893 5374 2166 5436 Mahillon'.
2194 5378 2245 5431 in
2274 5374 2423 5447 praef.
2450 5390 2465 5429 ι
2496 5377 2629 5429 Sage.
2664 5391 2716 5429 ιιι
2740 5376 2859 5428 Act.
2890 5376 3221 5447 sanct.|ord.
3256 5380 3459 5437 Beued.

1968 5451 1987 5489 ί
2012 5452 2143 5506 Bob.
2171 5458 2226 5502 et
2259 5446 2417 5511 Can.,
2449 5446 2793 5500 conventione.

1964 5523 1978 5573 i
2018 5522 2070 5576 ld
2097 5530 2198 5586 est,
2226 5518 2494 5572 mendaces
2520 5526 2839 5586 apparerent,
2869 5525 2927 5569 ut
2952 5516 3112 5573 habet
3135 5518 3261 5573 Can.

1962 5593 2105 5662 sisic
2132 5600 2354 5662 uterque
2382 5588 2503 5662 Ma,
2527 5594 2582 5641 et
2600 5595 2764 5643 recte.
2802 5586 2931 5645 Vide
2956 5587 3214 5647 Chronici
3229 5606 3351 5662 cap.
3368 5592 3463 5657 6-6.

1891 5675 1947 5724 et
1971 5661 2153 5735 Caugii
2182 5660 2527 5719 Glossarium.
