4020 6194
501 278 600 331 705

1212 264 1625 322 FREDEGARII
1665 261 2084 319 FRAGMENTA
2129 261 2217 316 DE
2259 258 2577 316 HISTORIA
2622 256 3063 313 FRANCORUM.

3668 255 3771 310 πη
3806 259 3812 266 ”

497 403 736 461 potuero,
781 387 1033 441 fratribus
1079 387 1212 439 meis
1256 403 1378 440 cum
1423 391 1623 452 integra
1667 383 1971 445 dilectione,
2013 393 2069 436 et
2100 388 2141 441 Α
2174 385 2224 436 in
2255 396 2470 434 arenam
2515 379 2668 447 hujus
2709 379 2942 432 civitatis
2991 391 3147 447 quam
3201 376 3510 429 munierant
3559 374 3772 430 liberati

495 497 676 534 atnore
721 479 938 549 profuso
987 478 1240 534 mandare
1287 495 1390 532 non
1437 481 1588 532 sileo.
1624 478 1991 544 Tractansque
2025 476 2076 527 in

495 587 691 625 arcano
711 572 884 626 cordis
911 571 1019 640 jam
1056 573 1180 624 olitn
1209 573 1496 636 celaverat,
1523 571 1745 636 cupiens
1777 569 1857 620 his
1879 567 2083 618 duobus

494 664 708 733 regibus
733 664 800 716 ab
821 664 1042 716 invicem
1075 677 1291 729 semper
1312 675 1432 715 esse
1475 659 1776 721 discordes,
1807 658 1965 711 talem
1999 657 2082 709 itt-

497 768 579 811 ter
607 760 821 812 eosdem
861 757 1115 827 judicium
1151 755 1488 817 ternienavit,
1513 763 1570 808 ut
1598 752 1816 805 ditticile
1847 750 2082 810 Gotthis,

496 865 630 918 quos
657 849 896 904 Alaricus
940 849 1178 920 regebat,
1212 847 1366 915 hujus
1405 847 1573 914 culpae
1613 843 1928 913 compositio
1957 858 2085 911 sup-

496 941 770 1009 pleretur,
825 948 885 992 ut
930 937 1135 992 veniret
1184 937 1470 1008 legatarius
1517 935 1841 988 Francorum
1892 936 2083 987 sedens

496 1045 656 1098 super
700 1046 928 1099 equum,
970 1039 1184 1083 contum
1239 1038 1474 1083 erectum
1522 1036 1718 1081 tenetis
1767 1027 1820 1080 iti
1872 1040 2085 1078 manum

497 1133 619 1175 ante
645 1121 815 1174 aulam
841 1120 1018 1190 palatii
1046 1119 1264 1184 Alarici,
1287 1128 1342 1172 et
1373 1118 1572 1172 tamdiu
1600 1115 1842 1171 Alarictts
1874 1126 1927 1168 et
1957 1113 2087 1168 Got-

499 1214 577 1267 tlti
621 1229 780 1281 super
824 1228 944 1266 eum
989 1212 1189 1265 solidos
1221 1211 1506 1280 jactarent,
1551 1223 1828 1277 quousque
1856 1209 2086 1275 legatunt

497 1312 554 1356 et
580 1318 774 1372 equum
799 1313 853 1356 et
881 1304 1162 1357 cacumine
1187 1302 1331 1355 conti
1360 1317 1478 1356 cum
1509 1301 1697 1354 solidis
1723 1301 2078 1367 comici-irent.

497 1394 885 1449 Renuntiantes
928 1395 1083 1463 legati
1128 1393 1337 1446 Alarico
1364 1393 1630 1461 protinus,
1662 1391 1804 1459 quod
1838 1389 2087 1443 Theode-

498 1488 594 1541 rtci
626 1487 783 1557 hujus
810 1488 887 1540 rei
915 1487 1251 1540 terminasset
1277 1484 1507 1553 judicius
1539 1499 1554 1538 :
1584 1492 1638 1536 et
1665 1499 1786 1536 cum
1817 1493 1960 1536 esset
1986 1482 2085 1535 dif-

499 1577 637 1630 ficile
661 1578 772 1630 haec
787 1579 996 1630 Alarico
1020 1577 1095 1628 vel
1119 1573 1330 1629 Gotthis
1352 1575 1620 1644 supplere,
1641 1574 1879 1626 volentes
1903 1574 2085 1626 fraude

499 1669 782 1722 Paternum
803 1672 1029 1737 legatum
1047 1668 1373 1722 Francorum
1393 1667 1660 1734 decipere,
1681 1681 1838 1735 quem
1871 1666 1922 1719 in
1937 1665 2081 1719 sola-

2187 485 2326 528 sunt.
2357 471 2485 524 Post
2509 472 2622 525 hate
2647 478 2864 524 cunctas
2891 467 3088 522 Gallias
3111 467 3350 522 Cltrocus
3376 481 3500 521 cum
3533 465 3776 521 Wanda-

2187 568 2269 629 lis,
2304 565 2529 629 Suarvis,
2560 573 2616 618 et
2663 563 2848 617 Alanis
2901 574 3224 628 pervagans.
3278 561 3410 612 alias
3463 559 3780 614 subsidione

2190 657 2318 729 [ΛΑ.
2353 655 2652 726 obsidione]
2682 655 2899 717 delevit,
2931 654 3171 721 aliasque
3219 652 3493 722 ingeniose
3520 666 3781 718 rumpens

2188 752 2436 815 vastavit,
2469 762 2567 801 nec
2595 747 2698 801 ulla
2731 746 2918 799 civitas
2947 755 3040 798 aut
3077 753 3254 798 caster
3277 744 3343 798 ab
3365 744 3446 798 eis
3487 744 3541 796 in
3593 742 3782 796 Galliis

2189 841 2412 895 liberata
2441 850 2543 894 est.
2581 837 2820 906 Cumque
2849 837 3066 892 Arelate
3107 835 3702 900 obsiderent,Chrocus
3749 852 3778 887 :t

2190 932 2356 986 Mario
2385 931 2611 999 qundam
2658 930 2825 983 milite
2871 937 3058 995 captus
3099 937 3154 982 et
3193 926 3420 981 vinculis
3451 929 3782 980 constrictus

2188 1033 2289 1076 est.
2317 1023 2416 1090 Qui
2448 1023 2638 1076 ductus
2683 1021 2748 1074 ad
2791 1035 2998 1089 pinnam
3033 1033 3126 1086 per
3153 1019 3316 1089 712
3344 1017 3627 1070 universas
3651 1017 3786 1070 civi-

2189 1124 2326 1169 tates
2372 1131 2505 1184 quas
2556 1122 2884 1179 vastaverat,
2917 1112 3131 1180 impiam
3179 1112 3340 1163 vitam
3395 1110 3555 1178 digna
3607 1119 3781 1164 morte

2188 1207 2384 1271 finivit,
2416 1208 2502 1260 cui
2531 1204 2930 1259 Trasemundus
2977 1203 3240 1256 successit
3286 1201 3338 1254 in
3381 1216 3628 1269 regnum.
3653 1201 3774 1252 Illac

2189 1298 2368 1352 manni
2397 1297 2650 1351 adversus
2669 1295 2959 1351 Wandalos
2979 1309 3127 1347 arma
3149 1301 3517 1346 commovunt.
3545 1290 3782 1359 Uterque

2189 1393 2613 1457 consentientes,
2647 1391 2916 1460 singulare
2941 1399 3212 1444 certamen
3258 1388 3617 1457 proeliandum
3645 1387 3782 1443 duos

2187 1483 2469 1537 miserunt.
2501 1482 2604 1537 Sed
2635 1492 2689 1535 et
2719 1482 2809 1535 ille
2837 1481 2924 1550 qni
2968 1496 2994 1532 a
3027 1479 3303 1533 Wandalis
3349 1484 3545 1534 missus
3575 1491 3681 1546 est,
3717 1483 3782 1534 ab

2187 1574 2484 1627 Alamanne
2539 1581 2867 1642 superatur;
2933 1573 3211 1641 victusque
3267 1573 3676 1627 Trasentundus
3729 1587 3785 1630 ιιι

2193 1665 2439 1720 Wandali
2470 1667 2761 1719 secundum
2785 1665 3044 1734 placetum
3073 1681 3191 1718 cum
3226 1663 3522 1725 Wandalis,
3548 1665 3782 1723 Suaevis,

499 1765 634 1815 rium
664 1763 1016 1830 missum,per
1037 1759 1746 1827 noctemquodsubpositum
1769 1767 1884 1812 erat
1901 1773 2084 1824 ruens,
2119 1754 2161 1812 Β
2191 1770 2244 1814 et
2289 1760 2492 1821 Alanis,
2543 1757 2742 1812 Gallias
2791 1757 3166 1826 prtetermissis
3209 1756 3431 1824 Spanias
3481 1757 3779 1822 adpetivit;

498 1855 667 1909 fracto
711 1855 930 1909 brachio
975 1855 1135 1926 711
1168 1855 1254 1906 vix
1306 1851 1520 1905 tandem
1575 1851 1766 1906 evasit.
1823 1849 2081 1918 Dttcitque

500 1961 621 1999 eum
661 1946 898 1998 Alaricus
941 1946 991 1998 in
1044 1945 1334 1998 crastinum
1381 1943 1556 2014 [Can.,
1609 1941 1904 2012 castrum],
1954 1957 2080 1996 suos

499 2035 784 2089 ostendens
816 2037 1114 2101 thesauros,
1147 2045 1200 2091 et
1240 2053 1359 2089 cum
1388 2043 1724 2089 sacramento
1762 2035 1946 2089 dicens
1971 2050 2080 2088 ant-

501 2127 639 2194 plius
667 2129 870 2182 solidos
927 2143 1032 2180 non
1093 2127 1309 2192 haltere,
1338 2141 1496 2196 quam
1545 2125 1610 2179 ad
1670 2142 1903 2194 prasens
1943 2127 2082 2182 arcis

499 2219 670 2285 plenis
715 2219 1042 2272 ostenderet.
1073 2218 1170 2272 Ubi
1214 2219 1475 2272 l’aternus
1528 2234 1688 2271 ntmm
1738 2219 1966 2273 solidum
2015 2219 2083 2275 de

503 2322 680 2376 pugno
705 2308 1014 2376 extrahens,
1037 2308 1156 2361 sinu
1200 2309 1425 2377 projecit
1469 2309 1654 2360 dicens
1687 2326 1699 2360 :
1737 2309 1844 2362 llos
1885 2310 2084 2363 solidos

502 2399 762 2452 adarrabo
795 2410 819 2436 ⁸
849 2401 915 2452 ad
955 2411 1155 2466 partem
1191 2402 1392 2453 domini
1435 2403 1536 2453 tnei
1583 2401 1876 2454 (llzlodovci
1921 2401 2082 2472 regis,

501 2497 557 2541 et
607 2487 1172 2561 Francislleverleus
1223 2491 1288 2544 ad
1341 2490 1668 2556 Cltlodoveo,
1713 2508 1934 2546 narrans
1990 2509 2086 2559 per

505 2579 732 2646 singula.
761 2579 1094 2634 Chloduveus
1137 2580 1394 2635 adversus
1433 2563 1701 2637 Alaricutn
1744 2598 1891 2637 arma
1938 2599 2085 2637 com-

501 2671 692 2731 movit,
720 2687 878 2739 quem
924 2673 975 2726 in
1004 2677 1280 2742 campania
1311 2673 1718 2742 Voglavwnsem,
1765 2674 1972 2728 decimo
2017 2676 2085 2731 ab

502 2761 636 2815 urbe
673 2761 900 2816 Pectava
941 2763 1210 2829 milliaria,
1245 2764 1533 2830 interfecit,
1565 2775 1620 2820 et
1645 2765 1936 2819 maximam
1965 2779 2087 2833 par-

502 2861 610 2907 tem
667 2855 935 2910 exercitus
995 2853 1312 2912 Gottliorum
1370 2857 1440 2911 ibi
1492 2857 1724 2927 gladium
1781 2856 2086 2924 trucidavit,

502 2962 836 3016 regnumque
876 2948 992 3016 ejus
1021 2963 1049 3001 a
1081 2949 1283 3018 Legere
1332 2950 1553 3005 fluvium
1597 2959 1652 3004 et
1690 2950 1953 3004 Rhodano
1995 2965 2087 3019 per

503 3054 655 3092 mare
704 3039 1126 3094 Terrenutubet
1154 3051 1363 3096 mantes
1401 3042 1684 3096 Perenteos
1729 3057 1896 3111 usque
1939 3057 2088 3097 mare

2186 1853 2366 1922 ibique
2398 1854 2592 1905 mullos
2617 1851 3043 1904 Christianorum
3079 1866 3175 1918 pro
3206 1848 3310 1902 fide
3333 1849 3594 1901 catholica
3621 1849 3784 1900 inter-

2187 1945 2330 1999 fecit.
2367 1943 2493 1997 Post
2521 1958 2686 2010 pauco
2719 1952 2958 2011 tempore
2989 1957 3136 1996 mare
3177 1940 3416 1996 traducta
3445 1941 3496 1993 iu
3532 1942 3782 1996 Maurita-

2185 2039 2288 2102 nia,
2320 2036 2481 2091 credo
2518 2037 2698 2090 divino
2745 2049 2898 2099 Ittltu,
2928 2034 3034 2088 fera
3059 2035 3311 2097 ducente,
3345 2049 3468 2088 cum
3501 2034 3782 2089 Wandalis

2186 2129 2453 2194 vadando,
2500 2131 2764 2183 transivit.
2811 2129 3004 2183 Fertur
3045 2145 3190 2184 mare
3238 2129 3310 2182 ibi
3362 2139 3567 2196 septem
3618 2131 3779 2183 millia

2186 2236 2437 2290 passuum
2471 2221 2798 2276 latitudinem
2821 2235 2959 2276 esse.
2992 2222 3196 2274 Mortuo
3227 2223 3278 2274 in
3303 2221 3620 2274 Mauritania
3653 2223 3780 2276 Tra-

2185 2315 2464 2378 semundo,
2498 2315 2791 2368 llonericus
2838 2327 3014 2367 meme
3043 2313 3315 2368 crudelior
3338 2312 3619 2366 Wandalis
3650 2329 3780 2366 suco

2186 2409 2349 2462 cessit
2394 2411 2444 2463 in
2497 2425 2736 2476 regnum,
2777 2409 3144 2462 Mauritaniam
3181 2419 3204 2445 θ
3237 2423 3522 2477 occupans,
3556 2411 3781 2463 nimiam

2187 2509 2417 2568 stragem
2462 2517 2514 2554 tn
2559 2500 2872 2554 Christianis
2916 2501 3174 2564 exercuit,
3231 2501 3545 2554 consiliante
3577 2499 3781 2570 Cyrola

2194 2593 2570 2645 haereticorum
2618 2593 2892 2660 episcopo,
2922 2592 3073 2661 cujus
3100 2596 3466 2661 persecutione
3514 2593 3784 2661 plurimus

2190 2700 2444 2739 numerus
2460 2683 2882 2741 Christianorum
2905 2687 3147 2758 martyrii
3168 2690 3340 2756 palma
3365 2701 3486 2742 sunt
3509 2690 3782 2744 coronati.

2192 2774 2284 2829 llis
2303 2775 2492 2830 diebus
2512 2776 2801 2844 Engenius,
2817 2778 3086 2846 Longinus
3108 2777 3523 2834 etVindemialis
3541 2781 3784 2850 episcopi

2192 2863 2355 2918 miras
2381 2865 2608 2920 virtutes
2630 2868 2679 2918 in
2702 2864 2897 2920 Christi
2923 2883 3152 2922 nomene
3180 2869 3196 2906 ί
3223 2869 3600 2930 ostendebant,
3620 2872 3783 2925 etiam

2188 2964 2246 3012 et
2293 2966 2530 3013 mortuos
2570 2958 2919 3013 suscitabant.
2945 2959 3136 3030 Cyrola
3169 2963 3454 3030 quemdam
3500 2965 3780 3016 hominem

2193 3062 2524 3120 praeventum
2555 3053 2692 3107 datis
2735 3054 3114 3124 quinquaginta
3158 3053 3356 3116 aureis,
3385 3064 3444 3108 ut
3470 3071 3533 3111 se
3579 3071 3780 3110 czecum

502 3131 772 3185 Oceanum
803 3132 1042 3198 abstulit,
1074 3134 1215 3202 quod
1249 3134 1510 3204 hodieque
1531 3135 1733 3191 ditione
1760 3137 2028 3204 condigna
2054 3147 2078 3176 ε
2106 3135 2152 3194 C
2189 3141 2436 3212 ﬁngeret,
2457 3151 2512 3198 et
2537 3143 2792 3198 clamaret
2806 3158 2984 3199 coram
3015 3145 3330 3199 Honericum
3360 3160 3540 3215 regem
3569 3146 3782 3217 Cyrola:

504 3232 780 3289 permanet
811 3223 876 3277 ad
914 3238 1136 3292 regnum
1167 3224 1518 3282 Francorum.

729 3336 788 3390 V.
822 3367 890 3376 -
914 3338 1058 3392 Inter
1095 3341 1270 3394 eadem
1299 3339 1552 3411 Excerpta
1582 3359 1645 3396 ex.
1670 3344 1867 3398 Idalio.

571 3451 810 3506 Chrocus
851 3469 943 3508 rex
973 3453 1354 3510 Wandalorum
1386 3455 1412 3494 ά
1449 3475 1566 3511 cum
1581 3459 1786 3514 Sutrinis
1813 3468 1868 3514 et
1897 3461 2080 3515 Alanis

502 3556 750 3613 egressus
775 3545 842 3600 de
867 3546 1082 3599 sedibus
1118 3545 1317 3602 Gallias
1345 3561 1604 3618 appetens
1625 3549 1772 3618 (Cap.
1800 3550 1899 3617 6‘2;
1928 3553 2077 3617 Can.,

502 3633 917 3704 tib.ttt,cap.12),
931 3637 1211 3691 consilium
1229 3639 1412 3692 matris
1427 3641 1761 3708 nequissima:
1776 3643 2080 3707 utens,dum

502 3729 550 3781 ei
576 3728 835 3782 dixisset:
871 3729 925 3784 Si
960 3745 1148 3784 novam
1181 3747 1293 3785 rem
1326 3734 1560 3788 volueris
1584 3734 1781 3800 facere,
1805 3746 1858 3790 et
1888 3752 2082 3792 nomen

503 3820 803 3888 adquirere,
829 3821 967 3889 quod
1017 3823 1103 3875 alii
1157 3824 1552 3880 acdilicaverunt
1598 3837 1788 3882 cuncta
1843 3828 2081 3896 destrue,

503 3918 557 3961 et
587 3909 837 3975 ptipttluttl
868 3925 1026 3977 quem
1064 3925 1302 3980 superas,
1335 3922 1504 3968 totum
1536 3915 1795 3971 interﬁce.
1829 3918 1959 3971 Nam
1987 3934 2084 3974 nec

503 4002 785 4053 :t-dificium
813 4003 1082 4058 meliorem
1101 4020 1129 4056 a
1150 4009 1561 4074 praecessoribus
1583 4009 1759 4064 facere
1783 4026 1886 4065 non
1910 4021 2079 4080 potes,

503 4107 675 4158 neque
704 4093 822 4162 plus
867 4110 1110 4163 magnam
1154 4113 1295 4161 rem,
1343 4114 1436 4167 per
1484 4115 1644 4169 quam
1693 4116 1885 4156 nomen
1933 4111 2080 4156 tuum

503 4181 700 4236 cleves.
753 4186 854 4248 Qui
907 4184 1154 4240 Rhenum
1213 4189 1526 4257 Magantiam
1585 4201 1748 4260 ponte
1812 4193 2085 4262 ingeniose

495 4274 790 4340 transiens,
813 4276 1039 4343 primum
1062 4279 1337 4347 ipsamque
1358 4281 1625 4336 civitatem
1645 4292 1699 4336 et
1722 4285 1974 4351 populum
1995 4301 2085 4337 va-

503 4363 661 4416 stavit
687 4381 700 4416 :
729 4364 921 4421 deinde
949 4377 1270 4438 cunctasque
1294 4372 1535 4426 civitates
1563 4373 1862 4428 Germania:
1883 4375 2084 4430 vallatis

505 4453 677 4509 Mettis
705 4459 964 4524 pervenit,
993 4460 1081 4515 ubi
1118 4476 1301 4514 murus
1334 4461 1565 4515 civitatis
1610 4463 1796 4517 divino
1827 4473 1956 4518 nutu
1985 4480 2082 4534 per

505 4554 659 4598 nocte
673 4562 849 4612 ruens,
864 4562 1013 4616 capta
1027 4563 1108 4606 est
1120 4553 1166 4606 ci
1177 4553 1305 4607 vitas
1319 4567 1348 4605 a
1362 4552 1656 4620 Wandalis,
1675 4556 1945 4611 Treverici
1959 4573 2084 4612 vero
2115 4542 2166 4600 Ι)

577 4689 600 4750 f'
629 4680 784 4742 lloh.,
816 4682 893 4734 his
917 4683 1126 4737 solidos.
1153 4683 1312 4750 Can.,
1349 4685 1444 4740 llis
1464 4687 1640 4740 solidis
1674 4689 1737 4742 sit
1765 4689 2004 4743 arrhabo.

577 4748 602 4786 δ
627 4752 782 4817 Can.,
819 4751 1159 4820 Tyrrhenum.

579 4831 600 4897 (ξ
631 4820 789 4897 Can.,
819 4824 1088 4897 condigna.
1121 4827 1274 4890 lluh.,
1303 4827 1485 4879 ditioni
1513 4831 1778 4897 condigne.

575 4889 708 4969 {De
741 4889 988 4969 Vandalis
1017 4910 1115 4969 suo
1147 4897 1262 4969 luco
1306 4899 1410 4969 egit
1450 4889 1825 4969 Fredegarius,
1855 4909 1912 4954 nt
1939 4901 2078 4968 apud

506 4961 745 5039 idalium.
779 4966 968 5039 Chroci
1019 4961 1365 5039 irruptionetti
1392 4961 1690 5038 Sigihertits
1731 4961 1820 5024 atl-
1849 4961 2075 5039 prim-unt

506 5032 794 5108 Theodosii
850 5036 1083 5108 Jutiigris
1133 5032 1340 5105 imperii
1387 5032 1580 5094 anitum
1622 5032 1867 5106 revocat,
1917 5057 2077 5108 quam

505 5105 589 5157 alii
622 5109 945 5177 temporibus
975 5106 1240 5163 Valeriani
1271 5118 1326 5164 et
1355 5109 1578 5166 Gallieni
1606 5105 1922 5185 cousiguare
1939 5105 2071 5166 cun-

2187 3233 2472 3290 virtutibus
2521 3248 2581 3289 se
2622 3234 2798 3288 lumen
2848 3235 3109 3302 accipere.
3140 3236 3240 3303 Qui
3293 3247 3465 3291 tactus
3505 3253 3534 3290 a
3584 3239 3778 3307 Cyrola

2184 3339 2358 3378 caecus
2397 3324 2663 3392 efﬁcitur;
2696 3335 2902 3395 postea,
2931 3329 3173 3382 oratione
3218 3329 3458 3399 Engenii,
3494 3330 3679 3384 lumen
3711 3346 3784 3384 re

2184 3416 2342 3485 cepit.
2377 3416 2663 3500 lnstigante
2691 3416 2882 3488 Cyrola
2925 3419 2991 3473 ab
3035 3421 3246 3474 invidia:
3295 3422 3567 3483 morbum,
3597 3423 3780 3478 Hone—

2184 3507 2296 3561 rico
2340 3507 2574 3575 iubente,
2612 3510 2881 3579 Eugenius
2927 3513 3100 3580 capite
3147 3517 3453 3579 truncatur;
3507 3514 3782 3585 Longinus

2185 3608 2240 3652 et
2257 3598 2603 3654 Vindemialis
2633 3601 2859 3656 diversis
2886 3603 3059 3671 pmnis
3098 3603 3290 3659 adfecti
3322 3621 3418 3673 pro
3441 3605 3645 3659 Christi
3687 3622 3782 3661 no-

2185 3688 2348 3754 mine,
2378 3689 2447 3744 ad
2491 3700 2745 3745 aeternam
2777 3693 3006 3756 migrant
3044 3694 3448 3748 beatitudinem.
3481 3697 3782 3751 Honericus

2187 3780 2376 3834 merito
2404 3781 2650 3850 exigente
2691 3783 2918 3852 propriis
2945 3798 3005 3838 se
3041 3785 3306 3838 morsibus
3339 3787 3580 3856 laniavit,
3612 3788 3782 3859 indig~

2188 3887 2309 3926 nam
2342 3874 2503 3928 vitam
2534 3874 2675 3944 justa
2717 3887 2888 3929 morte
2917 3877 3104 3929 finivit.
3137 3875 3233 3930 Cui
3263 3877 3604 3934 Childericus
3662 3896 3782 3934 suc-

2186 3964 2349 4018 cessit
2375 3963 2426 4018 in
2453 3981 2692 4035 regnum.
2725 3966 2847 4035 Ipso
2870 3969 3145 4034 defuncto,
3171 3970 3532 4026 Cltildcmeris
3555 3990 3777 4044 regnum

2187 4057 2438 4124 suscepit,
2471 4059 2607 4123 apud
2638 4075 2793 4127 quem
2841 4061 3141 4116 Be'esarius
3193 4065 3449 4133 patricius
3482 4065 3780 4123 fortissime

2187 4146 2491 4212 dimicavit;
2532 4149 2584 4202 in
2615 4165 2719 4218 quo
2751 4167 2970 4222 regnum
3002 4153 3383 4209 Wandalorum
3415 4157 3609 4212 finivit.

2259 4241 2590 4313 {Belisarittsj
2618 4259 2648 4297 a
2680 4244 3031 4300 Bttccelenum
3055 4248 3284 4317 quodam
3310 4248 3521 4303 Franco
3553 4252 3604 4305 in
3633 4251 3754 4304 Et:

2188 4333 2257 4386 lia
2297 4345 2575 4402 superatus
2605 4346 2707 4398 est,
2736 4344 2899 4391 tanta:
2939 4338 3175 4394 victoria:
3229 4339 3472 4395 nomenis
3514 4343 3783 4412 gloriosus

2189 4439 2216 4477 a
2248 4425 2545 4481 Bucccleno
2573 4427 2744 4480 victus
2766 4445 2960 4483 nomen
2992 4432 3256 4501 vitantque
3284 4434 3460 4487 amisit
3491 4444 3540 4489 ε.

2482 4562 2779 4633 Expliciunt
2814 4563 3128 4636 Fragmenta
3169 4567 3488 4637 Fredegarii.

2188 4708 2496 4751 sueverunt.

2261 4779 2284 4804 θ
2313 4771 2407 4840 Si}:
2439 4770 2570 4822 llolt.
2595 4770 2762 4838 Clar.,
2797 4772 2962 4829 prima
2994 4786 3172 4834 manu,
3201 4789 3417 4827 (iuream
3447 4784 3604 4828 totum
3629 4795 3647 4840 ;
3692 4778 3771 4832 al-

2190 4845 2320 4901 tera,
2354 4837 2756 4893 Mauretaniam.
2781 4840 2936 4902 Can.,
2969 4853 3156 4894 terram
3199 4854 3375 4898 totam.

2263 4909 2280 4944 ¹⁹
2314 4911 2471 4980 uuln,
2505 4910 2909 4964 Christianorum
2936 4914 3257 4967 ostendebant
3279 4930 3466 4980 aegros.

2258 4989 2283 5024 ες
2329 4978 2526 5084 genter
2563 4996 2685 5036 cum
2728 4981 2991 5048 Aitnoino,
3038 4983 3129 5037 lib.
3164 5000 3198 5039 tt
3237 4985 3305 5040 de
3326 4978 3535 5042 "Gestis
3577 4987 3767 5042 Fratre.

2258 5065 2284 5084 η
2376 5053 2404 5084 τι

2186 5064 2300 5116 cap.
2336 5064 2424 5104 :3.
