4020 6194
238 290 2189 296 ______________
2202 290 2797 295 __m_

725 468 1139 625 SANCTI
1203 466 1666 621 GEORGII
1746 465 2361 620 FLORENTII
2435 466 2973 701 GREGORII

1150 711 1733 816 EPISCOPI
1789 712 2231 818 TURON
2241 714 2414 818 EN
2424 714 2611 818 SIS

274 918 1184 1249 “litem
1291 913 3249 1132 MIRACULORUM.

1455 1325 2292 1506 alimentum.

230 1613 377 1677 Non
409 1624 738 1693 poetarum
770 1616 1105 1695 ﬁgmentis,
1140 1622 1253 1675 aut
1279 1612 1797 1693 philosophorum
1827 1606 2170 1687 sententiis,
2210 1615 2317 1675 sed
2370 1616 2770 1696 Erangelicw
2804 1619 3061 1682 veritati
3096 1619 3505 1681 insistendum

1786 1710 1933 1752 €888.

302 1821 665 1892 713-715
696 1821 1051 1891 llieronymus
1105 1820 1405 1887 presbyter,
1435 1827 1489 1871 et
1518 1825 1637 1886 post
1666 1816 1961 1884 apostolum
1996 1815 2216 1870 Paulum
2243 1819 2416 1871 honus
2444 1820 2630 1873 doctor
2675 1820 2947 1887 Ecclesia),
2982 1821 3145 1875 refert
3184 1838 3243 1876 se
3282 1823 3500 1876 ductum

230 1925 360 1968 ante
395 1914 632 1968 tribunal
665 1915 850 1968 aeterni
894 1913 1118 1976 Judicis,
1152 1921 1206 1965 et
1234 1919 1513 1965 extensum
1548 1911 1597 1961 in
1630 1909 1889 1977 supplicio
1920 1910 2154 1978 graviter
2180 1925 2408 1977 catsutu,
2442 1927 2506 1965 eo
2534 1913 2675 1980 quod
2706 1913 2981 1967 Ciceronis
3010 1915 3241 1983 argutias
3274 1916 3355 1968 vel
3390 1915 3505 1967 Vir-

230 2004 336 2073 gilii
392 2004 630 2057 fallacias
674 2004 869 2071 smpius
920 2003 1226 2057 lectitaret:
1260 1999 1669 2065 cunfessumque
1711 2014 1768 2051 se
1804 2012 1984 2051 coram
2032 1999 2235 2068 angelis
2287 2001 2485 2054 sanctis
2524 2002 2619 2070 ipsi
2674 2002 3002 2057 Dominatori
3049 2006 3319 2070 omnium,
3368 2024 3506 2060 nuu-

232 2112 388 2163 quam
420 2110 479 2149 se
511 2094 764 2163 deinceps
807 2093 920 2147 haec
955 2094 1249 2154 leCturum,
1283 2103 1454 2156 neque
1485 2089 1622 2142 ultra
1657 2096 2038 2153 tractaturum,
2070 2090 2170 2142 nisi
2212 2104 2276 2144 ea
2322 2107 2439 2159 qua:
2473 2090 2581 2144 Deo
2612 2091 2771 2162 digna
2801 2103 2854 2145 et
2890 2093 2955 2147 ad
2991 2093 3244 2149 Ecclesia:
3274 2096 3505 2151 aediﬁca-

232 2188 429 2239 tionem
462 2198 758 2255 opportuna
808 2184 1182 2253 iudicarentur
1210 2182 1307 2251 (a).
1344 2178 1448 2233 Sed
1497 2189 1551 2231 et
1586 2177 1779 2232 Paulus
1824 2179 2116 2247 apostolus,
2153 2179 2282 2246 Quae
2326 2182 2466 2249 pacis
2508 2192 2655 2245 sunt,
2688 2181 2886 2250 inquit,
2925 2194 3188 2250 sectemur,
3216 2195 3261 2239 et
3298 2204 3411 2255 qua:
3439 2196 3507 2241 ad

233 2277 627 2343 wdiﬁcationem
650 2276 856 2328 invicem
878 2274 1224 2327 custodiamus
1256 2270 1430 2341 (liam.
1460 2287 1566 2334 xw,
1595 2268 1703 2337 19).
1736 2270 1800 2322 Ει
1827 2271 1954 2325 alibi
1980 2289 1991 2323 :
2028 2270 2209 2325 Omnis
2228 2289 2394 2326 sermo
2423 2275 2586 2327 malus
2607 2291 2671 2327 ea;
2696 2291 2784 2328 ore
2802 2286 2965 2328 vestro
2992 2292 3093 2329 non
3124 2280 3395 2344 procedat;
3421 2284 3507 2334 sed

234 2372 274 2423 si
303 2370 417 2438 quis
453 2370 615 2421 bonus
640 2368 707 2419 ad
742 2367 1131 2435 cedi/irationem
1152 2404 1165 2427 ,
1194 2374 1247 2416 ut
1277 2363 1360 2415 det
1392 2363 1608 2433 gratiam
1638 2360 1963 2414 audientibus
1994 2360 2211 2432 (Ep/tes.
2241 2378 2314 2425 tv,
2338 2363 2454 2431 29).
2485 2364 2623 2433 Ergo
2655 2366 2769 2418 haec
2800 2380 2897 2419 nos
2923 2376 3136 2433 oportet
3164 2370 3344 2436 sequi,
3375 2371 3509 2423 scri-

235 2464 359 2517 bere
384 2473 547 2531 atque
577 2461 753 2527 loqui,
786 2476 904 2528 qua:
937 2457 1227 2512 Ecclesiam
1258 2454 1346 2510 Dei
1376 2454 1660 2521 :edificent,
1683 2462 1738 2508 et
1768 2469 1886 2523 qua:
1913 2464 2120 2509 mentes
2144 2457 2334 2524 inopes
2352 2455 2417 2510 ad
2448 2458 2692 2512 notitiam
2725 2456 2974 2528 perfecta:
2998 2462 3121 2515 ﬁdei
3152 2462 3504 2520 instructione

233 2565 416 2611 sancta
466 2552 773 2607 fecundent.
809 2549 921 2605 Non
968 2551 1109 2604 enim
1141 2554 1355 2617 oportet
1399 2545 1613 2599 fallaces
1650 2559 2072 2599 commemorare
2118 2546 2343 2611 fabulas,
2373 2561 2547 2616 neque
2598 2548 3038 2618 philosophorum
3078 2553 3344 2608 inimicam
3398 2558 3509 2611 Deo

234 2647 554 2717 sapientiam
582 2646 765 2715 sequi,
796 2662 862 2699 ne
893 2646 943 2697 in
967 2643 1223 2713 judicium
1254 2651 1471 2696 aitet-na:
1501 2640 1692 2693 mortis
1725 2641 1949 2693 Domino
1972 2640 2315 2695 discernente
2342 2643 2617 2697 cadamus.
2651 2644 2801 2711 Quod
2831 2661 2930 2715 ego
2958 2657 3223 2711 metuens,
3252 2658 3306 2702 ct
3333 2651 3508 2719 aliqua

234 2743 301 2795 de
326 2751 635 2795 sanctorum
668 2737 959 2802 miraculis,
991 2749 1110 2804 qua:
1150 2734 1407 2787 hactenus
1449 2732 1744 2793 latuerunt,
1779 2732 2014 2800 pandere
2041 2732 2376 2797 desiderans,
2406 2747 2509 2787 non
2542 2750 2627 2789 me
2665 2735 2729 2788 iis
2757 2736 2961 2790 retibus
3001 2738 3085 2790 vel
3114 2739 3297 2791 vinciri
3331 2740 3508 2807 cupio,

232 2832 317 2886 vel
351 2830 548 2884 involvi
584 2830 681 2901 (b).
712 2828 824 2882 Non
871 2843 970 2897 ego
1015 2826 1231 2881 Saturni
1264 2826 1473 2894 fugam,
1514 2840 1618 2877 non
1647 2824 1874 2879 Junonis
1900 2826 2066 2889 iram,
2101 2840 2206 2878 non
2235 2824 2380 2880 Jovis
2421 2834 2626 2895 stupra,
2669 2840 2771 2881 non
2822 2828 3047 2896 Neptuni
3092 2829 3368 2898 iniuriam,
3401 2846 3506 2884 non

236 2922 379 2977 Aioli
413 2932 661 2990 sceptra;
698 2934 799 2972 non
833 2918 1132 2973 IEneadum
1164 2916 1326 2981 bella,
1362 2915 1653 2985 naufragia,
1684 2915 1769 2969 vel
1798 2915 2149 2986 715-720
2174 2930 2333 2986 regna
2356 2931 2717 2971 commemoro
2744 2936 2754 2972 :
2783 2928 2931 2973 taceo
2951 2918 3225 2988 Cupidinis
3252 2924 3497 2975 emissio-

238 3032 359 3067 nem
382 3054 396 3075 ,
436 3030 541 3066 non
576 3010 790 3066 Ascanii
823 3009 1195 3073 tlilcmionem;
1222 3008 1655 3078 hymenaeosque,
1690 3008 1971 3077 laerymas,
2007 3010 2087 3062 vel
2116 3010 2278 3063 exitia
2304 3022 2443 3062 saeva
2472 3010 2687 3065 Didonis
2714 3028 2728 3064 :
2761 3027 2864 3065 non
2905 3013 3140 3067 Plutonis
3168 3016 3320 3070 triste
3350 3019 3511 3070 vesti—

234 3109 453 3167 bulum.
486 3123 590 3159 non
626 3104 959 3172 Proserpina:
989 3113 1293 3170 stuprosum
1326 3112 1566 3170 raptum,
1601 3116 1706 3154 non
1736 3099 1953 3155 Cerberi
1996 3101 2238 3156 triforme
2276 3110 2435 3170 caput
2461 3120 2473 3156 :
2504 3119 2607 3156 non
2638 3105 2903 3158 revolvam
2937 3106 3185 3161 Anchisae
3214 3108 3507 3175 eolloauia,

246 3218 351 3255 non
389 3201 557 3254 Ithaci
594 3200 832 3269 ingenia,
868 3212 972 3251 non
1006 3195 1230 3250 Achillis
1262 3196 1515 3265 argutias,
1552 3210 1659 3249 non
1686 3194 1905 3249 Sinonis
1934 3196 2169 3249 fallacias
2199 3210 2215 3247 :
2245 3211 2347 3249 non
2378 3211 2479 3265 ego
2505 3198 2827 3249 Laocoontis
2856 3198 3103 3263 consilia,
3136 3215 3239 3253 non
3273 3201 3512 3270 Amphy-

240 3294 497 3347 triouitlis
522 3292 739 3358 robora,
766 3305 871 3343 non
902 3289 1019 3342 .lani
1051 3289 1353 3354 conﬂictus,
1386 3288 1558 3357 fugas,
1590 3286 1673 3342 vel
1702 3286 1905 3341 obitum
1946 3288 2215 3342 exitialem
2247 3288 2551 3359 proferam;
2583 3305 2687 3343 non
2724 3290 3074 3344 Eumenidum
3095 3334 3107 3354 ,
3137 3294 3513 3361 variorumque

242 3399 612 3437 monstrorum
642 3382 843 3435 formas
862 3397 1123 3449 exponam
1150 3399 1165 3434 :
1199 3384 1315 3435 nou'
1338 3381 1664 3449 reliquarum
1694 3378 1987 3433 fabularum
2008 3390 2331 3445 commenta,
2355 3396 2473 3450 quae
2501 3381 2586 3435 hic
2610 3390 2795 3437 auctor
2815 3393 2903 3435 aut
2929 3383 3000 3453 (ε)
3030 3386 3180 3438 finxit
3207 3386 3509 3451 mendacio,

240 3494 330 3535 aut
360 3497 519 3534 versu
549 3477 752 3547 depixit
787 3477 1041 3530 heroico:
1072 3474 1167 3529 sed
1203 3476 1301 3529 ista
1334 3474 1510 3527 omnia
1561 3483 1809 3542 tanquam
1854 3488 2015 3541 super
2060 3488 2275 3527 arenam
2327 3474 2518 3536 locata,
2549 3483 2603 3528 et
2648 3476 2757 3528 cito
2802 3477 3006 3529 ruitura
3046 3478 3414 3544 conspiciens,
3444 3480 3511 3534 ad

241 3575 419 3627 divina
451 3578 505 3623 et
532 3567 855 3636 Evangeliea
886 3566 1060 3635 potius
1093 3566 1343 3618 miracula
1378 3575 1731 3626 revertamur,
1757 3568 1898 3618 unde
1924 3563 2157 3619 Joannes
2191 3565 2527 3633 Evangelista
2558 3580 2782 3619 exorsus
2803 3576 2888 3621 est
2911 3568 3096 3620 dicens
3125 3585 3139 3622 :
3173 3566 3238 3621 In
3262 3572 3513 3640 principio

243 3679 344 3722 erat
381 3662 605 3717 Verbum
624 3701 637 3725 ,
668 3672 713 3713 et
756 3658 972 3712 Verbum
998 3668 1103 3709 erat
1132 3656 1273 3725 apud
1300 3654 1460 3709 Deum
1479 3696 1493 3720 ,
1520 3665 1567 3707 et
1602 3655 1735 3708 Deus
1763 3663 1867 3707 erat
1904 3652 2166 3708 Verbum:
2194 3656 2288 3707 hac
2312 3666 2419 3707 erat
2446 3658 2498 3707 in
2527 3658 2777 3723 principio
2807 3658 2945 3726 apud
2979 3657 3161 3711 Deum.
3198 3659 3385 3713 Omnia
3424 3677 3515 3726 per

242 3760 409 3829 ipsum
445 3757 577 3825 facta
608 3761 755 3813 sunt,
786 3761 835 3804 et
869 3750 977 3804 sine
1022 3748 1135 3818 ipso
1164 3748 1357 3817 factum
1394 3757 1467 3799 est
1502 3746 1627 3798 nihil
1677 3744 1857 3811 (Joan.
1885 3760 1932 3806 ι,
1956 3745 2021 3807 2,
2049 3744 2127 3811 5).
2166 3744 2229 3796 Ει
2260 3745 2511 3812 deinceps
2545 3748 2615 3798 ait
2644 3764 2655 3798 :
2690 3745 2756 3797 Et
2794 3746 3010 3799 Verbum
3038 3764 3157 3802 caro
3185 3752 3377 3815 factum
3408 3760 3515 3817 est,

243 3862 287 3904 at
319 3849 563 3902 habitavit
592 3847 644 3897 in
674 3845 818 3898 nobis
841 3861 858 3898 :
883 3855 931 3897 et
960 3844 1176 3896 vidimus
1205 3842 1426 3911 gloriam
1454 3844 1585 3905 eius,
1617 3841 1832 3905 gloriam
1859 3836 2003 3902 quasi
2037 3835 2297 3906 Unigeniti
2321 3855 2352 3889 a
2384 3837 2557 3900 Patre,
2590 3839 2793 3903 plenum
2819 3841 2987 3905 gratia
3014 3848 3060 3891 et
3091 3842 3298 3893 veritate
3326 3838 3509 3906 (lbid.,

246 3942 359 4009 M).
390 3938 548 4005 Quod
576 3947 753 3991 autem
783 3938 835 3990 in
870 3935 1140 3990 Bethleem
1170 3936 1468 3989 nasciturus
1495 3941 1643 3997 erat,
1677 3936 1746 3985 ita
1775 3933 1847 3984 ait
1892 3931 2153 3999 Pmpheta
2182 3947 2194 3981 :
2231 3930 2295 3983 Et
2321 3940 2397 3995 tu,
2428 3929 2683 3985 Bethleem
2709 3930 2941 3999 Ephrata
2973 3933 3074 4002 (ά),
3106 3949 3207 3985 non
3229 3950 3283 3987 es
3304 3935 3513 3987 minima

246 4036 294 4087 in
326 4034 552 4086 millibus
578 4028 740 4084 Juda.
776 4029 855 4083 Ea:
877 4039 923 4083 te
952 4028 1081 4081 enim
1111 4027 1307 4096 prodiet
1335 4026 1446 4080 Ret:
1472 4027 1558 4092 qui
1587 4034 1728 4094 regat
1759 4024 2002 4093 papulum
2030 4038 2195 4076 meum
2215 4018 2383 4075 Israel
2412 4020 2595 4093 (Mich.
2627 4038 2679 4087 v,
2700 4022 2763 4086 θὶς
2797 4022 2986 4076 Matth.
3009 4037 3078 4087 tt,
3107 4022 3169 4087 6;
3201 4022 3359 4076 Joan.
3385 4038 3475 4077 ut
3497 4060 3515 4084 ,

246 4128 322 4195 2).
356 4126 468 4179 Iloc
498 4123 639 4178 enim
669 4130 721 4174 et
747 4119 1037 4174 Nathanael
1071 4121 1156 4175 ille
1181 4134 1208 4170 a
1241 4116 1383 4171 Cana
1415 4116 1649 4171 Galilaam
1679 4115 1842 4171 dixit:
1880 4115 2068 4178 Rabbi,
2099 4126 2151 4168 tu
2179 4131 2231 4168 es
2266 4113 2434 4167 Filius
2465 4112 2588 4181 Dei,
2618 4126 2670 4168 tu
2701 4132 2752 4167 es
2788 4115 2895 4169 Rea:
2925 4114 3091 4168 Israel
3126 4116 3302 4184 (Joan.
3333 4133 3369 4181 ι,
3394 4116 3509 4185 49).

248 4219 364 4289 Ipse
391 4229 475 4272 est
503 4224 559 4270 et
587 4214 734 4268 salus
764 4214 977 4278 mundi,
1010 4214 1078 4266 de
1107 4228 1213 4280 quo
1242 4221 1296 4264 et
1336 4210 1426 4263 ille
1455 4208 1667 4262 Simeun
1698 4209 1798 4259 ait:
1830 4203 1982 4258 Nunc
2009 4207 2238 4269 dimittis,
2276 4204 2510 4272 Domine,
2552 4222 2749 4258 servum
2779 4216 2920 4257 tuum
2960 4207 3013 4257 in
3046 4221 3189 4273 pacti,
3220 4208 3340 4275 quia
3371 4207 3507 4259 ride-

248 4319 363 4362 runt
395 4306 532 4360 oculi
560 4305 657 4357 mei
684 4304 910 4357 salutare
940 4315 1081 4355 tuum
1112 4300 1263 4371 (Luc.
1290 4317 1325 4354 tt
1345 4342 1356 4363 ,
1383 4298 1497 4369 29).

320 4425 394 4491 (a)
433 4423 543 4475 lloe
573 4422 745 4488 ipsum
778 4426 957 4471 narrat
1004 4415 1361 4485 Hieronymus
1394 4415 1446 4467 in
1497 4414 1720 4483 epistola
1761 4415 1825 4465 ad
1860 4421 1907 4473 Α
1958 4484 1967 4491 ι
2005 4413 2078 4491 (e)
2115 4414 2283 4491 Aliqui
2315 4410 2482 4465 Codd.
2513 4426 2632 4464 cum
2668 4410 2808 4465 Edit.
2835 4423 2952 4465 ante
2978 4414 3128 4481 ﬁnxit
3156 4415 3511 4468 mendacio....

254 4484 619 4549 hu'stochiutu'.
1210 4484 1221 4485 ί
1935 4484 2185 4552 depinxit.

321 4566 400 4635 (b)
440 4564 533 4617 llic
560 4558 758 4615 desinit
786 4559 1034 4628 prologus
1058 4558 1109 4611 in
1139 4556 1261 4610 cod.
1291 4555 1436 4609 Clar.
1461 4570 1511 4608 a.
2009 4556 2086 4623 (tl)
2123 4555 2337 4621 Aliquot
2370 4568 2497 4606 mss.
2522 4568 2640 4605 cum
2665 4554 2819 4618 «δαίμ,
2851 4552 3085 4620 Ettfrata.

1794 4695 2033 4702 .__.——_.

254 4697 1787 4731 r———————————_———_———
1272 4714 1323 4720 __
1344 4712 1787 4719 _______m

846 4891 860 4906 ,
1293 4789 1773 4896 LIBER
1849 4786 2478 4907 PRIMUS.

386 5012 583 5115 DE
713 5007 1313 5113 GLORIA
1441 4997 2281 5107 BEATORUM
2422 5000 3364 5104 MARTYRUM.

1318 5173 2477 5225 ψ

782 5274 1008 5329 CAPUT
1049 5273 1333 5328 PRIMUM.
1951 5270 2181 5323 eundum
2230 5284 2443 5322 carnem
2494 5270 2544 5321 in
2600 5268 2870 5322 Bethleem
2914 5270 3113 5339 oppido
3160 5271 3319 5341 (Ante
3363 5289 3519 5326 trram

266 5367 340 5421 De
371 5368 631 5421 nativitate
654 5364 859 5417 Domini
889 5364 1048 5415 nostri
1075 5360 1197 5415 Iesu
1221 5361 1411 5415 Christi
1437 5362 1489 5413 in
1514 5358 1769 5412 Bethleem
1793 5369 1841 5415 η.
1946 5364 2087 5429 ivulg.
2118 5378 2204 5413 an.
2233 5360 2286 5421 5,
2313 5358 2382 5411 25
2411 5360 2585 5429 Dec.),
2612 5361 2661 5413 in
2693 5361 2885 5416 diebus
2918 5362 3138 5416 llerodis
3181 5366 3343 5432 regis,
3369 5366 3518 5434 juxta

337 5462 492 5533 721
540 5458 679 5513 Nato
705 5471 833 5523 ergo
861 5455 1083 5509 Domino
1111 5462 1294 5507 nostro
1337 5453 1465 5507 Jesu
1503 5450 1718 5506 Christo
1747 5465 1844 5506 se-
1952 5452 2109 5505 fidem
2148 5452 2545 5519 evangelicum,
2578 5453 2712 5523 magi
2753 5455 2819 5505 ab
2844 5454 3060 5508 Oriente
3089 5468 3349 5511 venerunt
3396 5458 3521 5512 llic-

333 5586 356 5613 ⁸
401 5576 536 5630 Editi
572 5593 586 5627 :
637 5574 857 5628 Stellam
903 5585 1055 5638 quant
1098 5569 1230 5639 magi
1273 5569 1533 5642 uiderunt,
1564 5565 1749 5642 adhuc
1790 5567 1842 5619 in
1944 5569 2116 5642 capite
2150 5567 2250 5642 l2:
2286 5566 2361 5620 De
2405 5580 2579 5642 sancto
2623 5567 2827 5642 Joanne
2858 5568 3121 5637 Baptista,
3155 5579 3293 5642 quod
3327 5575 3377 5627 in
3421 5575 3526 5628 isto

266 5644 516 5701 Bethleem
546 5645 757 5697 mundis
794 5637 946 5695 corde
977 5637 1253 5715 apparere,
1275 5639 1521 5715 l’orruin
1554 5637 1703 5715 Coll»,
1740 5646 1837 5715 tul.
1943 5639 2125 5694 codice
2150 5640 2379 5709 primum
2407 5640 2721 5709 appellatur,
2757 5641 2917 5696 habet
2944 5652 3119 5699 tamen
3148 5637 3448 5715 prologum.

266 5728 456 5774 desunt
484 5716 736 5773 undet-im
770 5715 945 5779 priora
977 5711 1179 5775 capita,
1225 5710 1397 5778 ibique
1430 5710 1564 5763 liber
1596 5708 1781 5775 incipit
1808 5726 1839 5762 a
