4020 6194
606 269 699 323 ἴο7

1588 274 1645 329 S.
1685 274 2017 331 GREGDRII
2060 272 2363 331 EPISCOPI
2403 272 2837 333 ‘l‘URONENSIS

3754 287 3889 343 703

599 386 899 456 rosolyrnis,
931 385 1205 440 dicentes:
1242 384 1340 439 Ubi
1382 396 1456 439 est
1503 388 1589 455 qui
1617 397 1769 440 natus
1808 398 1883 443 est
1932 390 2043 443 Rex-
2071 388 2171 442 Ju-
2202 392 2253 451 Α
2282 386 2379 440 bus
2428 388 2818 444 circumdantes
2870 390 3078 444 Justum
3167 395 3499 451 tradiderunt
3556 402 3715 452 murti
3745 441 3762 463 ,
3819 409 3889 452 et.

598 478 865 531 divorum?
902 477 1132 532 Vidimus
1173 480 1309 531 enim
1351 480 1551 531 stellam
1600 482 1712 549 ejus
1756 484 1807 533 in
1860 483 2083 544 Oriente,
2124 493 2174 535 ct

599 571 819 623 venimus
847 570 1065 623 adorare
1111 587 1224 622 eum
1274 569 1421 640 (Luc.
1449 586 1518 636 tt,
1547 571 1636 641 2),
1669 581 1725 625 et
1759 573 1984 643 reliqua.
2026 574 2115 627 Est
2146 584 2173 611 ι

596 669 772 712 autem
821 660 871 712 in
918 660 1186 713 Bethleem
1233 670 1419 727 puteus
1466 677 1710 728 magnus.
1751 661 1820 715 de
1864 679 1969 731 quo
2012 664 2173 717 Maria

600 754 830 821 gloriosa
862 768 1051 821 aquam
1085 751 1251 805 fertur
1280 752 1562 806 hausisse:
1588 753 1677 806 ubi
1702 756 1896 821 szepius
1921 757 2175 821 aspicien-

599 845 741 898 tibus
772 846 1082 898 miraculum
1112 844 1320 898 illustre
1351 854 1698 912 monstratur,
1728 846 1779 899 id
1813 854 1897 901 est
1918 848 2070 901 stella
2104 848 2170 901 ibi

598 935 810 988 mundis
850 936 1027 996 corde,
1061 950 1180 1004 qua:
1220 936 1468 1005 apparuit
1505 937 1690 1004 magis,
1724 938 2043 992 ostenditur.
2070 938 2176 992 Ve-

598 1026 862 1079 iiieiitibus
888 1026 1096 1081 devotis
1139 1042 1203 1082 ac
1246 1030 1677 1083 recumbentibus
1707 1044 1866 1097 super
1891 1046 1952 1105 o_s
2000 1031 2171 1099 putei,

596 1119 911 1186 operiuntur
943 1120 1102 1173 linteo
1131 1121 1302 1186 capita
1332 1138 1537 1176 eorum.
1587 1123 1735 1179 Tunc
1763 1125 1853 1179 ille
1883 1126 2035 1194 cujus
2064 1143 2176 1181 mc—

596 1214 756 1263 ritum
787 1212 946 1281 722
976 1212 1299 1275 obtinuerit,
1328 1214 1471 1267 videt
1501 1214 1707 1268 stellam
1738 1216 1806 1269 ab
1837 1231 1943 1270 uno
1972 1219 2173 1282 pariete

595 1305 738 1373 putei
783 1318 945 1371 super
983 1320 1146 1372 aquas
1200 1307 1583 1375 transmigrare
1629 1309 1694 1360 ad
1741 1309 1937 1375 alium,
1986 1310 2037 1363 iii
2082 1310 2172 1363 illo

596 1396 755 1449 modo
778 1412 885 1463 quo
907 1396 1083 1449 solent
1110 1412 1271 1461 super
1292 1398 1550 1452 cteloruni
1574 1400 1777 1452 circulo
1799 1400 1971 1453 stella:
1997 1410 2172 1454 trans-

597 1486 739 1541 ferri.
778 1487 987 1540 Etcum
1034 1488 1181 1540 multi
1218 1489 1506 1556 aspiciant,
1538 1489 1606 1542 ab
1647 1489 1751 1543 illis
1787 1500 1989 1543 tantum
2022 1491 2170 1544 vide-

597 1588 705 1641 tur,
737 1579 930 1646 quibus
960 1588 1043 1630 est
1072 1594 1221 1631 mens
1247 1579 1452 1633 sanior.
1476 1578 1770 1635 Nonnullns
1799 1581 1904 1634 vidi
1936 1583 2024 1650 qui
2052 1597 2169 1636 eam

593 1667 904 1720 asserebant
930 1682 986 1721 se
1030 1669 1245 1723 νίιίίθερ.
1280 1669 1456 1736 Nuper
1484 1683 1661 1725 autem
1701 1672 1956 1726 diaconus
1989 1687 2171 1730 uoster

2275 477 2451 532 crucis
2493 480 2741 534 aflixioiie
2784 482 3174 538 damnaverunt
3221 487 3345 553 (An.
3389 486 3488 551 233,
3530 485 3565 539 5
3607 488 3818 560 April.)
3860 505 3884 544 :

2276 583 2437 637 quem
2470 571 2610 623 Deus
2639 571 2794 627 Pater
2822 574 3100 628 suscitavit
3123 591 3153 628 a
3194 578 3419 631 mortuis
3449 579 3603 634 tertia
3633 580 3748 645 die,
3777 595 3884 635 so-

2275 660 2399 716 lutis
2427 663 2701 717 doloribus
2730 667 2917 737 mortis
2945 667 3081 735 (Act.
3107 684 3178 733 ii,
3200 669 3323 738 24);
3352 673 3606 739 quoniam
3654 674 3880 742 impos-

2275 752 2434 807 sibile
2459 763 2579 807 erat
2607 770 2728 809 eum
2760 759 2896 824 apud
2932 758 3131 813 inferos
3160 760 3413 827 retineri,
3444 763 3582 817 sicut
3608 764 3687 817 ait
3735 780 3886 835 apo-

2275 846 2445 899 stolus
2488 846 2695 903 Petrus.
2741 847 2989 904 PosUitee
3039 853 3356 917 promittens
3404 852 3770 922 Paraclitum,
3818 869 3883 911 et

2276 937 2523 994 imbuens
2570 940 2886 995 coelestibus
2930 943 3190 1000 doctrinis
3232 946 3526 1015 apostolos,
3572 949 3745 1002 victor
3782 966 3881 1002 as-

2285 1029 2468 1083 cendit
2495 1034 2560 1083 ad
2599 1030 2788 1099 caelos,
2832 1043 3222 1104 venturumque
3264 1051 3324 1090 se
3365 1038 3431 1089 ad
3473 1037 3874 1106 judicanduiii,

2276 1119 2481 1185 angelis
2516 1121 2859 1186 tetaiitibus,
2901 1125 3301 1191 repromittens,
3334 1126 3548 1181 dicente
3577 1134 3873 1195 apostolici

2275 1210 2439 1265 Actus
2467 1212 2722 1267 historia:
2750 1213 2850 1267 llic
2863 1212 3014 1269 Jesus
3039 1218 3127 1283 qui
3148 1228 3376 1288 receptus
3396 1228 3469 1272 est
3492 1237 3523 1271 a
3542 1221 3681 1275 nobis
3698 1224 3877 1294 ’124

2272 1304 2345 1356 sic
2370 1305 2553 1371 veniet,
2576 1310 3004 1375 quemadmodum
3026 1311 3223 1364 vidistis
3243 1327 3357 1364 eum
3378 1325 3576 1367 euntem
3604 1315 3656 1367 in
3677 1319 3872 1369 caelum

2269 1398 2411 1468 (Act.
2446 1414 2492 1464 l,
2526 1400 2646 1470 ii).

2884 1493 3110 1551 CAPUT
3150 1496 3238 1551 IV.

2647 1623 2722 1679 De
2749 1628 2993 1696 apostolis
3021 1638 3067 1681 et
3098 1629 3242 1682 beata
3280 1628 3466 1686 Maria.

594 1760 775 1813 retulit
802 1760 942 1828 quod
967 1775 1086 1813 cum
1110 1760 1343 1831 quinque
1371 1763 1498 1817 viris
1524 1764 1731 1833 aspexit
1754 1762 1804 1832 δ,
1836 1766 1929 1822 sed
1957 1767 2158 1823 duobus

2339 1756 2517 1813 Postd
2569 1759 2942 1818 admirabilem
2989 1763 3147 1831 igitur
3193 1764 3475 1820 dominicae
3523 1772 3866 1827 ascensionis

594 1857 798 1903 tantum
826 1851 1089 1918 apparuit.

1213 1940 1440 1996 CAPUT
1480 1942 1541 1996 ll.

594 2050 670 2104 De
698 2051 956 2105 miraculis
986 2050 1193 2105 Domini
1224 2062 1269 2105 et
1297 2052 1580 2109 Saluatoris
1609 2058 1771 2111 nostri
1792 2055 1920 2113 Iesu
1955 2059 2162 2114 Christi.

665 2163 919 2218 Dominus
975 2176 997 2203 ι
1050 2165 1209 2233 igitur
1258 2175 1440 2221 noster
1485 2167 1640 2223 Jesiis
1688 2170 1929 2227 Christus
1976 2174 2028 2227 in
2072 2189 2163 2228 as-

590 2263 805 2322 sumpta
848 2269 1010 2308 carne
1058 2256 1126 2309 de
1174 2254 1386 2324 Virgine
1430 2258 1699 2330 (Αη.5υ),
1744 2264 1908 2317 multa
1959 2267 2164 2333 populis

594 2346 849 2399 miracula
872 2357 957 2398 est
986 2346 1143 2416 723
1174 2347 1418 2415 dignatus
1442 2352 1744 2406 ostendere.
1773 2354 1999 2410 llaustos
2020 2358 2160 2410 enim

590 2434 779 2490 latices
828 2436 878 2489 in
910 2435 1015 2489 Vini
1046 2452 1293 2505 saporem
1342 2444 1634 2506 convertit,
1685 2459 1947 2499 cii-corum
1993 2450 2162 2503 oculis

590 2528 809 2596 depulsa
854 2538 1009 2583 nocte
1040 2529 1216 2583 lumen
1249 2530 1462 2596 infudit,
1499 2535 1912 2606 paralyticoriim
1946 2554 2161 2607 gressus

590 2618 759 2670 ablata
790 2619 1068 2673 debilitate
1096 2620 1328 2684 direxit,
1360 2621 1535 2677 febres
1576 2630 1943 2694 aegrotantiuin
1985 2631 2162 2697 fugato

588 2707 781 2762 ardore
811 2707 1085 2774 restinxit,
1120 2712 1464 2780 hydropicuin
1495 2729 1806 2785 compresso
1838 2729 2046 2775 tumore
2074 2736 2162 2775 sa-

589 2798 764 2864 navit,
798 2798 999 2867 leprain
1029 2801 1307 2856 discedere
1332 2807 1471 2857 sacri
1498 2805 1611 2860 oris
1637 2807 1828 2862 virtute
1858 2812 2156 2878 mandavit,

589 2889 865 2943 mulierem
913 2892 1180 2946 daemonio
1210 2893 1524 2949 inclinatam
1567 2898 1921 2954 invidentibus
1962 2901 2160 2959 ludatis

585 2980 783 3044 erexit;
830 2996 990 3049 super
1023 2997 1189 3046 aquas
1219 2999 1368 3049 vero,
1402 3002 1505 3041 non
1544 2989 1939 3046 dehiscentibus
1983 2994 2156 3063 aquis,

587 3072 837 3124 incessit:
873 3071 1187 3139 proﬂuvium
1218 3077 1458 3130 mulieris
1490 3087 1629 3132 tactu
1660 3079 1883 3135 fimbriae
1910 3083 2159 3141 Salutaris

586 3169 797 3222 avertit.
826 3170 986 3226 Multa
1019 3174 1231 3241 quidem
1263 3185 1317 3229 et
1345 3176 1448 3229 alia
1473 3175 1592 3230 fecit
1616 3218 1630 3242 ,
1659 3194 1778 3247 qua:
1804 3194 1956 3234 sacra
1986 3181 2162 3236 Evan-

587 3260 839 3329 gelioruin
870 3277 1052 3318 narrat
1082 3265 1326 3320 historia.
1357 3268 1556 3323 Tamen
1582 3284 1704 3323 cuin
1736 3275 1934 3327 multos
1960 3275 2161 3331 salubri

587 3356 895 3424 caelestique
926 3360 1179 3413 mandato
1223 3373 1582 3417 restaurasset
1608 3363 1673 3417 ad
1707 3365 1900 3431 vitam,
1939 3375 2045 3423 tres
2091 3369 2160 3422 ab

588 3446 832 3501 infernali
864 3458 1035 3504 morte
1064 3452 1336 3518 reductos,
1369 3455 1490 3508 vita:
1527 3459 1797 3511 restituit:
1832 3458 1884 3513 id
1928 3470 2037 3526 est,
2067 3476 2157 3516 ar-

587 3540 933 3612 chisynagogi
968 3546 1129 3597 tiliam
1162 3548 1499 3603 resuscitavit
1528 3550 1579 3603 in
1616 3550 1808 3616 domu;
1839 3554 2052 3607 unicum
2084 3554 2160 3609 vi-

588 3631 706 3687 dua:
749 3648 968 3703 surgere
991 3635 1153 3705 jussit
1179 3638 1244 3692 ad
1280 3649 1448 3708 portae
1475 3656 1781 3713 egressum:
1807 3653 1865 3699 et
1904 3645 2156 3700 Lazarum

588 3724 797 3776 vocavit
819 3737 886 3778 ex
915 3738 1276 3782 monumento.

1207 3839 1432 3896 CAPUT
1471 3842 1557 3897 III.

730 3927 808 3982 De
838 3946 1089 3997 passione,
1118 3935 1481 3988 resurrectione
1498 3944 1546 3990 et
1572 3939 1860 3993 ascensione
1886 3946 2015 4011 ejus.

658 4018 819 4089 Igitur
855 4020 1054 4086 Judaei,
1088 4022 1272 4079 furore
1300 4029 1574 4093 succensi,
1616 4030 1761 4084 falsis
1803 4033 2153 4089 accusationi-

662 4173 771 4247 _-_ln
815 4173 963 4247 Colb.
992 4188 1043 4228 a.
1090 4177 1316 4231 nabetur
1357 4176 1441 4232 hic
1480 4179 1533 4232 in
1582 4180 1720 4235 tituli
1765 4183 2013 4247 modum,
2055 4187 2157 4242 alia

590 4243 799 4323 quidem
816 4285 831 4309 ,
855 4246 947 4323 sed
970 4256 1175 4300 vetusta
1198 4262 1355 4301 manu
1377 4248 1495 4323 :_De
1515 4249 1663 4303 stella
1683 4254 1733 4305 in
1756 4264 1961 4320 puteum
1985 4243 2151 4323 lapsa.

591 4314 645 4368 Id
676 4323 855 4392 autem
882 4316 1246 4392 iibservaiiius,
1281 4319 1420 4387 quod
1449 4314 1943 4392 etiamnunc'prope
1971 4314 2161 4382 caver-

593 4398 716 4436 nam
748 4384 1216 4465 Dellileeiiiitatiam
1250 4384 1438 4465 puteus
1467 4404 1559 4441 seu
1598 4384 1828 4465 cisterna
1860 4384 2153 4465 peregrinis

590 4456 918 4535 ostendatur:
942 4455 1000 4533 in
1034 4474 1189 4521 quam
1238 4459 1423 4526 vulgus
1452 4468 1599 4527 putat
1627 4462 1834 4516 stellam
1861 4455 2150 4535 'mag'oium

593 4524 850 4590 dilapsam
884 4525 1063 4579 fuisse.

664 4591 688 4628 ι’
718 4593 867 4667 ρυιιι.
896 4609 970 4658 a.,
1000 4597 1096 4647 alia
1126 4611 1313 4659 manu,
1345 4597 1659 4667 introspexit.

659 4671 685 4700 θ
713 4662 830 4734 rlloc
855 4675 1010 4727 caput
1052 4680 1171 4717 cuin
1219 4662 1559 4734 sequentibus
1587 4672 1652 4723 ad
1698 4671 2033 4730 undecimum
2066 4676 2149 4732 in-

590 4730 793 4787 clusive
821 4734 968 4784 deest
995 4734 1045 4787 in
1076 4735 1197 4787 cod.
1221 4730 1454 4790 Clarom.
1475 4754 1527 4792 a.

662 4799 689 4837 ἀ
721 4801 819 4884 llic
848 4801 1033 4883 incipit
1075 4806 1220 4858 (.lar.
1246 4808 1308 4885 b._
1333 4810 1412 4859 An
1442 4823 1571 4885 vero
1591 4810 1897 4885 -ahqiiando
1945 4831 2146 4885 prisce-

588 4872 765 4953 dentia
796 4877 978 4953 Capita
1009 4874 1062 4953 in
1107 4876 1335 4953 eo_cod_.
1367 4872 1982 4953 exstiterint,viiicertuni
2030 4872 2145 4953 est,

587 4958 708 4996 cum
741 4942 876 4996 istud
910 4943 1057 4997 initio
1084 4948 1284 5012 pagina:
1314 4947 1588 5015 habeatur,
1613 4963 1664 5004 et
1693 4968 1942 5009 numerus
1970 4942 2143 5012 nullus

586 5015 807 5094 singulis
822 5015 1085 5094 .eapitulis
1094 5017 1482 5094 praeminatur,
1516 5035 1612 5094 nec
1641 5024 1777 5075 ullus
1800 5028 2031 5094 capitum
2063 5030 2142 5083 iii-

586 5083 793 5138 diculus
822 5086 870 5136 in
900 5098 963 5136 eo
989 5084 1170 5138 codice
1200 5101 1428 5155 unquam
1458 5088 1633 5143 fuerit.

660 5158 871 5227 °_Mor.,_
880 5155 1198 5227 perfruetur.
1232 5157 1353 5210 Ha-c
1381 5173 1557 5225 porro,
1589 5177 1706 5227 quae
1727 5163 1793 5219 de
1817 5177 1986 5219 morte
2012 5168 2140 5221 bea-

588 5223 806 5294 tissima:
855 5224 1082 5292 Virginis
1126 5241 1344 5294 ejusque
1383 5223 1799 5287 'circums'tantiis
1847 5248 2026 5290 narrat
2057 5239 2140 5294 hic

583 5292 893 5359 Gregorius,
929 5300 1106 5362 procul
1149 5292 1307 5349 dubio
1336 5298 1507 5352 hausit
1533 5317 1597 5354 es
1630 5304 1835 5358 l’seudo
1874 5292 2140 5363 Mehtonis

582 5364 924 5443 §ardensium
951 5366 1349 5444 episcopi‘libro
1374 5370 1439 5422 de
1466 5369 1712 5425 Transito
1744 5376 1912 5429 beata:
1943 5377 2137 5444 Mariae,

584 5431 723 5513 inter
747 5431 1545 5513 apocryphosaﬁelasidpapa
1579 5444 1862 5511 recensita,
1891 5462 1976 5513 qui
2008 5431 2141 5501 liber

586 5503 768 5572 editus
797 5503 885 5572 est
920 5504 969 5554 iii
999 5505 1340 5559 'llibliothcca
1386 5503 1617 5562 Pati-um.
1668 5503 1924 5567 Mortuani
1962 5529 2139 5572 autem

584 5586 703 5622 eam
735 5568 926 5636 Eiihesi
960 5572 1138 5635 fuisse,
1172 5579 1447 5629 doctorum
1488 5594 1717 5633 virorum
1747 5594 1827 5635 est
1858 5568 2137 5643 sententia:

583 5644 652 5691 At
681 5655 837 5691 nemo
856 5651 986 5711 ante
1008 5642 1315 5709 Gregorium
1344 5645 1704 5702 Turonensem
1727 5651 1938 5705 disertis
1964 5642 2139 5711 verbis

583 5709 1025 5764 resurrectionem
1052 5711 1221 5766 beata:
1245 5715 1441 5781 Mariae,
1473 5716 1695 5787 ejusque
1714 5724 1952 5789 corporis
1977 5709 2136 5781 simul

2268 1846 2492 1918 gloriam
2526 1848 2649 1922 (An.
2678 1852 2778 1915 55,
2810 1851 2875 1905 14
2908 1852 3099 1923 Maii),
3131 1871 3271 1924 quae,
3314 1858 3548 1912 contrito
3578 1862 3867 1920 diabolica

2269 1940 2615 2010 malignitatis
2637 1943 2831 2010 capite,
2857 1955 3063 1999 mentes
3092 1945 3325 2000 ﬁdelium
3351 1950 3415 2001 ad
3440 1954 3862 2021 contemplanda

2268 2030 2509 2085 caleSIia
2544 2034 2836 2097 animavit,
2866 2035 3038 2090 sancti
3064 2038 3291 2104 apostoli
3324 2038 3531 2093 Domini
3568 2054 3625 2094 et
3664 2042 3861 2097 Salva-

2267 2122 2397 2174 toris
2427 2124 2592 2177 nostri
2629 2139 2749 2177 cum
2796 2125 2948 2179 beata
2997 2127 3158 2180 Maria
3207 2140 3376 2183 matre
3423 2129 3562 2199 ejus,
3599 2136 3647 2185 in
3692 2149 3857 2190 uuam

2266 2214 2572 2283 congregati
2618 2214 2835 2269 domum
2856 2256 2871 2278 ,
2902 2221 3080 2270 omnia
3113 2220 3382 2287 ponebant
3413 2222 3464 2274 in
3495 2223 3675 2277 medio
3705 2242 3719 2277 :
3751 2241 3854 2280 uec

2265 2302 2543 2372 quisquam
2571 2319 2725 2359 suum
2756 2305 2950 2374 aliquid
2981 2322 3100 2361 esse
3141 2310 3383 2373 dicebat;
3417 2313 3509 2366 sed
3555 2318 3855 2384 unusquis-

2271 2408 2375 2461 que
2405 2403 2594 2448 cuncta
2627 2397 2936 2475 possidebat
2963 2398 3014 2452 in
3044 2399 3327 2471 charitate,
3358 2400 3497 2456 sicut
3538 2420 3692 2460 sacer
3717 2423 3853 2475 apo-

2266 2487 2470 2541 stolicae
2510 2490 2734 2542 actionis
2764 2472 2942 2544 narrat
2972 2493 3142 2563 Siylus
3183 2493 3321 2565 (Act.
3352 2510 3423 2559 tv,
3451 2494 3561 2566 54).
3591 2472 3849 2553 Ροςιιιξιοε

2271 2578 2500 2647 dispersi
2532 2590 2654 2633 sunt
2683 2595 2777 2650 per
2804 2583 3049 2649 regiones
3076 2584 3316 2640 diversas
3342 2586 3404 2640 ad
3442 2588 3845 2656 pmdicaiiduin

2265 2675 2483 2729 verbum
2530 2674 2621 2729 Dei
2655 2676 2780 2746 (An.
2805 2675 2915 2747 56).
2945 2677 3182 2747 Denique
3225 2680 3437 2750 impleto
3464 2696 3491 2733 a
3534 2683 3686 2736 beata
3736 2682 3846 2737 Ma-

2263 2766 2341 2818 ria
2391 2765 2546 2835 hujus
2577 2769 2701 2821 vita:
2729 2782 2921 2833 cursu,
2964 2783 3084 2823 cum
3117 2770 3225 2837 jam
3258 2782 3533 2825 vocaretur
3561 2789 3587 2825 a
3619 2776 3846 2843 sacculo,

2262 2857 2568 2925 congregati
2589 2866 2715 2911 sunt
2734 2872 2921 2913 omnes
2944 2862 3171 2928 apostoli
3197 2862 3264 2915 de
3290 2863 3515 2933 singulis
3536 2865 3846 2935 regionibus

2260 2946 2327 3000 ad
2367 2946 2588 3002 domum
2618 2949 2736 3020 ejus
2782 2950 2905 3022 (An.
2931 2953 3044 3023 48).
3090 2951 3331 3025 Cumque
3376 2957 3675 3013 sudiisseiit
3719 2963 3845 3031 quis

2261 3050 2404 3094 esset
2450 3043 2770 3097 assumenda
2814 3044 2884 3098 de
2936 3044 3154 3111 mundo,
3188 3047 3477 3115 vigilabant
3503 3064 3626 3104 cuiu
3656 3066 3721 3105 ea
3763 3053 3846 3106 si-

2192 3138 2240 3202 ρ
2268 3131 2417 3186 mul:
2450 3143 2505 3186 et
2535 3147 2664 3188 ecce
2712 3133 2965 3189 Dominus
3011 3134 3166 3189 Jesus
3206 3136 3425 3192 advenit
3470 3154 3591 3192 cum
3639 3143 3842 3210 angelis

2265 3227 2400 3293 suis,
2432 3236 2484 3282 et
2512 3230 2779 3296 accipiens
2807 3229 3037 3283 animam
3066 3228 3202 3300 ejus,
3238 3232 3453 3286 tradidit
3480 3233 3726 3289 Michaeli
3756 3252 3841 3288 ar-

2263 3318 2558 3388 cbangelo,
2604 3327 2660 3373 et
2709 3308 2983 3374 recessit:
3010 3320 3255 3374 Diluculo
3306 3331 3483 3377 autem
3536 3325 3840 3383 levaverunt

2262 3408 2492 3478 apostoli
2520 3423 2643 3463 cum
2672 3409 2867 3464 lectulo
2893 3421 3088 3479 corpus
3118 3411 3254 3478 ejus,
3284 3424 3680 3483 posueruntque
3709 3417 3839 3472 illud

2263 3502 2317 3555 in
2366 3510 2732 3565 monumento,
2774 3513 2829 3557 et
2875 3505 3248 3557 custodiebant
3295 3505 3503 3573 ipsum,
3549 3511 3838 3564 adventum

2262 3592 2475 3647 Domini
2507 3594 2903 3663 prwstolantes.
2934 3594 2997 3648 Et
3031 3609 3156 3649 ecce
3186 3597 3375 3649 iterum
3404 3596 3608 3652 adstitit
3631 3601 3708 3653 eis
3737 3600 3837 3654 Do-

2263 3684 2460 3750 minus,
2505 3696 2922 3754 susceptumque
2958 3701 3152 3755 corpus
3192 3698 3434 3741 sanctum
3466 3688 3515 3741 in
3556 3691 3698 3745 nube
3740 3693 3831 3745 de.

2262 3777 2385 3829 ferri
2412 3776 2579 3845 jussit
2601 3777 2652 3829 in
2674 3776 2974 3844 paradisum
2999 3792 3014 3830 :
3042 3779 3128 3831 ubi
3157 3794 3318 3845 nunc,
3345 3789 3615 3849 resumpta
3638 3784 3831 3845 anima.

2260 3881 2380 3921 cuin
2428 3867 2613 3921 electis
2637 3867 2754 3936 ejus
2780 3868 3081 3937 exsultans,
3124 3871 3438 3925 aeternitatis
3478 3872 3651 3939 bonis,
3694 3877 3835 3931 nullo

2260 3957 2532 4013 occasuris
2560 3958 2688 4024 line,
2719 3957 3002 4028 perfruitur
3026 3968 3057 4017 ς

2258 4201 2314 4249 et
2338 4195 2529 4274 animm
2558 4196 2609 4248 in
2640 4197 2807 4251 ctelos
2851 4201 3268 4274 assumptionem
3310 4204 3602 4258 asseruisse
3629 4208 3828 4274 reperi-

2261 4266 2524 4339 t_ur_.‘_lla:c
2568 4276 2742 4339 tamen
2775 4266 3050 4322 sententia
3070 4270 3205 4323 haud
3248 4276 3415 4325 multo
3453 4286 3626 4339 postea
3674 4266 3740 4329 ita
3773 4279 3825 4332 in

2259 4335 2447 4389 Galliis
2478 4337 2781 4412 praevaluit,
2810 4348 2863 4389 ut
2892 4341 3064 4412 etiam
3105 4342 3157 4412 in
3198 4335 3489 4412 Liturgiam
3542 4348 3695 4397 fuerit
3744 4348 3827 4401 iii-

2261 4414 2441 4486 Y‘ecta,
2464 4407 2770 4486 quod-patet
2795 4422 2860 4460 ex
2889 4407 3080 4486 biissali
3110 4407 3471 4486 Gothicofhb.
3496 4429 3551 4467 iii
3580 4416 3825 4486 Liturgi.e

2261 4474 2569 4551 Gallicana,
2602 4477 2652 4528 in
2673 4477 2848 4551 _ni_iss_a
2877 4480 2943 4551 de
2980 4482 3353 4551 Assutnptione
3394 4494 3590 4537 sancta:
3621 4474 3820 4551 Mariae,

2258 4548 2352 4624 ubi.
2391 4556 2497 4624 non
2526 4545 2695 4624 semel
2728 4547 2890 4624 hujus
2928 4545 3247 4624 bea_tissim:e
3280 4551 3503 4620 Virginis
3546 4568 3740 4624 corpus
3770 4545 3820 4612 in

2253 4616 2431 4691 eteius
2446 4617 2642 4669 dicitur
2672 4616 2831 4691 fuisse
2869 4620 3218 4685 translatum,
3253 4632 3307 4673 et
3349 4616 3559 4691 quidem
3610 4616 3663 4677 in
3699 4643 3822 4680 rou-

2257 4687 2541 4739 testatione
2564 4701 2683 4739 cum
2711 4686 2896 4741 iisdem
2924 4686 3502 4757 circumstantiis,'qu:e
3532 4695 3615 4747 liic
3639 4711 3667 4747 a
3695 4695 3821 4757 Gre.

2253 4756 2400 4824 gnrio
2423 4770 2607 4809 nostro
2626 4769 2925 4811 narrantur.
2950 4758 3085 4813 Vide
3107 4772 3159 4813 et
3184 4762 3323 4815 aliud
3348 4756 3816 4822 sacramentariiiui

2253 4826 2612 4901 Gallicanum,
2661 4836 2804 4901 toino
2842 4828 2859 4882 Ι
2904 4828 3069 4882 Musei
3117 4830 3312 4899 Italici,
3359 4847 3475 4901 pag.
3506 4831 3629 4887 509.
3672 4834 3810 4891 Nihil

2253 4906 2426 4948 tamen
2453 4896 2625 4949 simile
2650 4897 2805 4949 habet
2827 4896 3307 4953 sacramenuiriuiii
3324 4896 3615 4956 Numanum
3638 4911 3810 4961 sancti

2249 4965 2510 5038 Gregorii.
2546 4964 2621 5019 De
2652 4974 2747 5020 hac
2774 4982 2831 5020 re
2855 4982 3031 5022 auiein
3062 4970 3386 5038 disputatum
3415 4985 3498 5027 est
3522 4975 3685 5027 fusius
3712 4978 3812 5032 hoc

2247 5036 2473 5106 sieeuln,
2498 5038 2777 5090 occasione
2808 5036 3163 5106 Martyrologii
3212 5040 3458 5096 Usuardi.
3516 5042 3649 5099 Vide
3673 5048 3808 5102 clar.

2248 5105 2350 5157 viri
2388 5105 2711 5159 'l‘illeinoiitii
2755 5120 2903 5159 notas
2934 5105 3001 5161 14
3028 5120 3083 5162 et
3110 5109 3177 5163 15
3204 5108 3257 5163 in
3292 5111 3456 5164 Vitam
3503 5111 3671 5168 beata:
3704 5116 3814 5170 Vir-

2243 5175 2378 5249 ginis
2409 5175 2817 5249 Marite,t_omo_l
2842 5179 2977 5249 llist.
3000 5182 3219 5245 eccles.,
3247 5182 3439 5249 quibus
3469 5184 3607 5238 adde
3636 5188 3807 5241 locum

2246 5246 2570 5318 Adamnani,
2604 5247 2692 5299 lib.
2713 5262 2739 5318 7i
2765 5247 2832 5300 de
2862 5248 3016 5303 Locis
3042 5246 3397 5318 sanctis,'cap.
3426 5250 3481 5315 9,
3515 5256 3601 5307 tibi
3628 5256 3697 5309 de
3725 5272 3807 5310 se-

2249 5315 2452 5393 pu_|_cro_
2475 5316 2643 5393 beata:
2680 5317 3043 5393 Mariaatquod
3086 5334 3248 5393 prope
3277 5315 3709 5393 _llierosolyiiiam
3758 5330 3806 5381 in

2249 5384 2390 5462 valle
2430 5383 2683 5462 {iisaphat
2719 5383 3120 5462 ostendebatur,
3166 5383 3246 5462 sic
3276 5390 3511 5457 l0quitur
3535 5383 3553 5444 ἶ
3581 5393 3646 5446 In
3685 5411 3801 5462 quo,

2247 5453 2420 5522 inquit
2446 5454 2535 5508 ille
2558 5463 2760 5527 auctor,
2792 5458 3071 5524 aliquando
3095 5460 3293 5527 sepulta
3326 5453 3575 5527 pausaoit.
3608 5453 3715 5516 Sed
3743 5453 3806 5519 de

2246 5526 2419 5601 eodem
2446 5524 2677 5601 sepulcro
2710 5528 2982 5593 quomodo,
3016 5531 3091 5579 vel
3117 5524 3216 5598 quo
3258 5524 3495 5598 iam“,
3523 5542 3610 5583 aut
3634 5549 3667 5583 a
3702 5539 3809 5601 qui-

2246 5593 2338 5646 bus
2367 5595 2592 5670 personis
2618 5593 3240 5670 SattClutlt_C0rpltsculum
3278 5593 3395 5669 ejus
3417 5593 3490 5654 sit
3521 5593 3809 5670 sublatum,

2248 5664 2325 5716 vel
2350 5680 2449 5731 quo
2471 5664 2581 5743 loco
2604 5664 3017 5720 resurreitionein
3038 5664 3311 5737 exspectat,
3334 5674 3524 5739 nullus,
3547 5682 3600 5724 ut
3627 5678 3788 5743 fertur

2246 5750 2335 5787 oro
2356 5746 2488 5787 certo
2507 5734 2633 5787 scire
2662 5742 2840 5804 potest.
