4020 6194
247 239 356 293 πρυ

882 354 1108 412 CAPUT
1151 356 1214 410 V.

407 466 481 518 De
502 482 649 519 truce
668 477 716 520 et
738 468 1054 522 mirabilibus
1083 470 1192 540 ejus
1216 470 1354 537 apud
1386 468 1667 522 Pictorum.

315 577 498 645 725.
518 576 655 628 Crux
678 577 1089 646 dominica,qua2
1102 579 1168 631 ab
1184 578 1377 632 Helena
1394 589 1614 647 augusta
1629 586 1835 644 reperta

252 676 338 718 est
357 666 742 733 Hierosolymis
765 666 1083 737 (Christian.
1119 668 1246 730 59.6,
1272 669 1304 721 5
1322 667 1496 733 Maii),
1513 670 1580 721 ita
1602 678 1626 704 ιι
1648 677 1835 735 quarta

254 768 313 810 et
337 767 489 810 sexta
516 758 650 811 feria
679 760 952 813 adoratur.
990 760 1157 828 Hujus
1191 761 1443 829 reliquias
1472 773 1524 815 et
1547 762 1758 826 merito,
1782 769 1837 814 et

256 850 364 904 lida
391 850 611 903 Helena!
628 852 1013 918 comparanda,
1040 852 1218 920 regina
1249 852 1588 921 Radegundis
1613 853 1838 920 expetiit

250 946 371 1014 (an.
415 944 569 1009 569),
616 959 678 998 ac
726 945 919 999 devote
972 947 1022 999 in
1074 947 1454 998 monasterium
1500 945 1832 1008 l’iclavense,

256 1036 397 1102 quod
447 1051 546 1089 suo
592 1035 772 1088 studio
820 1036 1116 1095 c0nstituil,
1157 1036 1439 1089 collocavit
1472 1035 1537 1099 b;
1586 1036 1837 1103 misitque

257 1143 457 1197 pueros
508 1127 699 1180 iterum
749 1128 1156 1197 Hierosolymis,
1189 1144 1250 1181 ac
1280 1144 1372 1195 per
1403 1138 1565 1181 totam
1607 1128 1836 1183 Orientis

260 1220 492 1287 plagam.
538 1220 638 1283 Qui
713 1220 1105 1272 circumeuntes
1174 1222 1459 1286 sepulcra.
1532 1230 1836 1273 sanctorum

260 1320 558 1378 martyrum
602 1307 1080 1379 confessorumque
1107 1324 1420 1364 cunctorum
1453 1311 1705 1380 reliquias
1746 1312 1838 1365 de-

262 1400 497 1452 tulerunt
528 1416 542 1452 :
575 1400 771 1467 quibus
822 1402 871 1452 iu
919 1416 1039 1453 arca
1087 1413 1340 1470 argentea
1371 1417 1491 1454 cum
1539 1402 1652 1469 ipsa
1680 1417 1841 1456 cruce

259 1499 440 1545 sancta
490 1492 713 1555 locatis,
776 1494 937 1545 multa
981 1493 1173 1547 eximie
1228 1495 1487 1549 miraiu'a
1532 1497 1841 1563 conspicere

260 1584 477 1636 meruit.
514 1584 586 1637 De
607 1584 802 1652 quibus
834 1585 959 1638 illud
1001 1588 1226 1653 primum
1256 1602 1544 1656 exponam,
1571 1588 1708 1657 quod
1740 1589 1839 1643 ibi-

259 1674 381 1727 dem
417 1675 677 1728 Dominus
718 1676 769 1728 in
816 1676 1004 1729 diebus
1049 1679 1310 1746 passionis
1336 1695 1445 1734 sure
1475 1682 1718 1747 dignatus
1758 1689 1841 1735 est

261 1767 520 1820 revelare.
553 1767 713 1821 Sexta
741 1765 875 1820 feria
921 1780 1044 1821 ante
1086 1780 1329 1824 sanctum
1365 1771 1590 1837 Pascha,
1622 1787 1742 1826 cum
1786 1772 1839 1826 in

260 1859 457 1928 vigiliis
486 1859 606 1913 sine
653 1859 855 1915 lumine
887 1873 1287 1930 pernoctarent,
1323 1864 1462 1917 circa
1517 1865 1701 1918 horam
1733 1874 1841 1918 ter-

263 1952 393 2004 tiatn
428 1952 602 2005 noctis
631 1952 875 2019 apparuit
906 1966 1029 2005 ante
1059 1954 1229 2006 altare
1259 1956 1439 2007 lumen
1472 1956 1748 2019 parvulum
1784 1954 1837 2009 in

264 2041 485 2094 modum
528 2041 771 2095 scintillae
801 2059 814 2094 :
851 2042 1046 2096 deinde
1080 2043 1414 2110 ampliatum,
1451 2044 1551 2096 huc
1610 2045 1839 2113 illucque

260 2145 446 2185 comas
495 2129 718 2201 fulgoris
768 2145 1043 2202 Spargen,
1076 2136 1239 2201 C(Bpil
1282 2136 1540 2204 gradatim
1574 2136 1627 2188 itt
1674 2136 1837 2189 altum

260 2222 631 2277 conscendere
689 2238 703 2274 :
759 2224 1055 2291 elfectaqne
1111 2224 1309 2293 pbarus
1360 2240 1544 2294 magna
1600 2226 1840 2279 obscurae

262 2313 405 2367 nocti
439 2313 789 2382 vigilantique
834 2316 1130 2382 plebecula?
1157 2316 1335 2369 lumen
1380 2318 1604 2384 praebuit
1642 2319 1840 2386 suppli-

260 2405 435 2470 canti;
462 2406 808 2461 illucescente
844 2422 1055 2475 quoque
1078 2406 1235 2471 caelo,
1266 2406 1510 2474 paulatim
1558 2409 1836 2476 deﬁciens,

260 2498 383 2550 data
428 2499 587 2551 terris
632 2499 769 2561 luce,
802 2498 869 2551 ab
909 2499 1080 2551 oculis
1104 2499 1406 2552 mirantium
1458 2502 1690 2555 evanuit.
1726 2504 1836 2573 Ego

258 2601 440 2644 autem
494 2589 776 2644 audiebam
830 2591 1049 2657 smpius,
1080 2589 1223 2658 quod
1279 2590 1440 2644 etiam
1497 2591 1694 2661 lychni,
1748 2596 1839 2663 qui

258 2683 701 2737 accendebantur
721 2693 848 2737 ante
878 2684 989 2737 haec
1022 2683 1265 2754 pignora,
1295 2683 1611 2739 ebullientes
1646 2685 1839 2741 virtute

259 2776 468 2841 divina,
493 2777 545 2829 in
574 2785 775 2829 tantum
806 2776 1138 2830 exundareut
1163 2777 1359 2842 oleum,
1394 2788 1450 2829 ut
1477 2792 1567 2830 vas
1589 2779 1838 2845 supposi-

261 2880 377 2923 tum
414 2868 733 2937 plerumque
760 2870 1069 2934 replerent:
1101 2876 1153 2922 et
1184 2875 1358 2921 tamen
1384 2867 1533 2936 juxta
1556 2869 1836 2922 stultitiam

264 2960 462 3016 mentis
511 2961 662 3015 durae
704 2977 973 3027 nunquam
1022 2961 1084 3013 ad
1121 2959 1232 3014 hac
1257 2959 1519 3015 credenda
1564 2962 1835 3027 movebar,

262 3053 437 3107 donec
460 3056 672 3106 brutam
704 3052 986 3122 segnitiem
1016 3052 1081 3105 ad
1104 3066 1338 3120 praesens
1361 3053 1471 3120 ipsa
1494 3067 1612 3121 qua:
1628 3062 1839 3107 ostensa

264 3155 346 3199 est
377 3145 548 3198 virtus
578 3154 854 3213 argueret;
889 3145 1117 3212 ideoque
1145 3158 1265 3213 quae
1300 3144 1470 3198 oculis
1505 3146 1731 3214 propriis
1758 3143 1841 3198 vi-
1869 3140 1913 3162 “

258 3236 431 3290 derim
455 3235 759 3304 explicabo.
788 3234 961 3288 Causa
1001 3235 1302 3290 devotionis
1336 3236 1537 3289 exstitit
1562 3247 1619 3289 ut
1659 3237 1841 3305 sepul-

260 3345 415 3384 crum
464 3331 635 3383 sancti
694 3329 880 3382 Hilarii
929 3329 1173 3394 visitans,
1224 3328 1381 3397 hujus
1415 3330 1611 3398 regina:
1644 3329 1842 3382 adirem

260 3423 559 3488 colloquia.
620 3420 1002 3489 Ingressusque
1050 3420 1473 3481 tuonasmrium,
1519 3418 1844 3474 consalutata

265 3516 477 3584 regina,
510 3528 690 3566 coram
719 3512 884 3583 726
907 3511 1177 3567 adoranda
1205 3527 1365 3566 cruce
1387 3526 1450 3565 ac
1479 3512 1647 3565 sacris
1668 3511 1848 3565 beato-

265 3624 385 3670 tum
432 3617 748 3677 prosternor
781 3604 1112 3675 pignoribus.
1161 3604 1399 3671 Denique
1428 3603 1669 3658 oratione
1710 3602 1846 3656 facta

263 3698 506 3753 surrexi.
534 3697 662 3751 Erat
692 3696 835 3750 enim
867 3694 934 3748 ad
983 3696 1259 3748 dexteram
1304 3692 1526 3762 lychnus
1571 3706 1845 3757 accensus,

259 3805 427 3860 quem
451 3803 573 3844 cum
599 3788 759 3841 stillis
781 3785 1146 3855 Irequentibus
1172 3783 1407 3837 defluere
1426 3783 1844 3850 conspexissem,

268 3894 437 3937 testor
464 3882 626 3935 Deum
664 3880 790 3949 quia
823 3877 1003 3947 putavi
1046 3877 1196 3945 quasi
1241 3891 1330 3929 vas
1361 3884 1502 3929 esset
1548 3874 1844 3942 eﬂ'ractum,

270 3975 394 4042 quia
441 3983 559 4027 erat
600 3973 647 4025 ei
694 3971 896 4025 conclia
941 3971 1241 4040 supposita,
1285 3969 1521 4036 inquam
1551 3967 1724 4019 oleum
1757 3966 1849 4020 de-

268 4066 444 4120 fluens
498 4064 806 4118 decidebat.
855 4062 1008 4115 Tunc
1064 4074 1356 4113 conversus
1401 4057 1468 4112 ad
1504 4057 1844 4121 abbatissam,

267 4156 355 4210 aio
386 4173 400 4210 :
436 4154 682 4208 Tantane
718 4166 767 4208 te
797 4153 994 4206 retinet
1016 4151 1211 4205 mentis
1241 4150 1469 4219 ignavia,
1507 4159 1562 4203 ut
1586 4149 1848 4216 integrum

269 4247 575 4301 cicindilem
610 4245 754 4318 [Al.,
786 4242 1065 4315 ciciudile]
1118 4244 1360 4297 laborare
1413 4257 1516 4295 non
1560 4242 1753 4311 passis,
1797 4241 1848 4295 in

269 4356 376 4408 quo
424 4339 600 4392 oleum
633 4339 991 4401 accendatur,
1040 4335 1144 4390 nisi
1198 4335 1473 4390 effractum
1521 4351 1626 4404 quo
1655 4335 1851 4389 deﬂuat

272 4432 482 4499 ponas?
516 4431 576 4483 Et
607 4432 692 4484 illa
725 4448 739 4485 :
768 4429 877 4484 Nec
926 4438 1011 4484 est
1050 4429 1144 4493 ita,
1181 4428 1394 4480 domine
1424 4428 1517 4489 mi,
1546 4429 1639 4482 sed
1686 4429 1849 4483 virtus

274 4533 361 4576 est
389 4520 569 4575 crucis
601 4532 800 4575 sancta:
830 4536 987 4588 quam
1017 4520 1215 4574 cernis.
1250 4520 1399 4573 'l‘unc
1428 4535 1526 4588 ego
1559 4520 1625 4573 ad
1658 4535 1742 4575 me
1768 4535 1853 4576 re-

276 4627 488 4679 versus,
521 4621 579 4668 et
615 4612 679 4665 ad
721 4614 1032 4665 memoriam
1073 4625 1331 4664 revocans
1355 4626 1474 4677 qua:
1504 4616 1650 4680 prius
1671 4612 1853 4667 audie-

278 4718 414 4769 ram,
446 4718 738 4758 c0uversus
760 4705 825 4757 ad
859 4704 1130 4776 lyclmum,
1160 4702 1313 4757 video
1364 4704 1416 4756 in
1467 4703 1683 4757 modum
1726 4705 1853 4759 olla:

350 4868 375 4896 ³
399 4860 551 4915 Cotb.
585 4874 657 4921 a.,
692 4858 1063 4929 Hierosolymis
1086 4857 1205 4913 sita.
1239 4858 1313 4913 De
1336 4859 1638 4915 inventione
1658 4871 1858 4915 sanctae

278 4931 455 4984 crucis
492 4930 591 4983 sub
630 4930 857 4983 Macario
883 4936 1050 4997 episc.
1082 4944 1144 4982 ac
1173 4930 1443 4984 miraculis
1481 4946 1541 4984 ea
1572 4933 1849 4985 occasione

278 5001 498 5067 patratis
526 5012 686 5069 agunt
714 4998 940 5070 Cyrillus
966 5000 1449 5069 Hierosolymorum
1480 5003 1643 5067 episc.
1674 5019 1688 5065 ;
1722 5018 1848 5055 san-

276 5082 397 5123 ctus
426 5072 740 5124 Ambrosius
776 5071 828 5124 in
870 5083 1005 5122 orat.
1039 5070 1104 5122 de
1135 5070 1318 5124 funere
1349 5070 1672 5135 Theodosii;
1708 5072 1851 5125 [iuli-

280 5154 380 5193 nus
407 5139 498 5193 lib.
525 5157 557 5194 x
605 5142 739 5194 Hist.
767 5141 996 5201 eccles.;
1025 5149 1236 5194 sanctus
1270 5140 1519 5194 Paulinus
1548 5143 1598 5194 iu
1628 5144 1850 5209 epistula

278 5211 345 5262 ad
373 5210 669 5275 Severum;
700 5211 934 5266 Severus
970 5210 1235 5272 Sulpicius
1274 5210 1365 5264 lib.
1410 5226 1443 5263 tt
1476 5212 1718 5265 Historiae
1760 5228 1849 5264 sa-

272 5296 417 5345 cra;
454 5281 776 5335 Tbeoduret.
811 5280 904 5333 lib.
952 5295 1005 5345 t;
1054 5281 1288 5344 δουναι..
1332 5280 1617 5335 Soznmen.
1668 5292 1723 5335 et
1762 5282 1850 5337 alii

284 5354 479 5418 passim
506 5361 753 5405 auctores
786 5351 983 5405 llistor.
1031 5352 1248 5415 eccles.,
1275 5351 1415 5419 quod
1444 5351 1727 5419 contigisse
1760 5370 1856 5420 pu-

284 5430 397 5492 tant
420 5437 562 5476 anno
591 5421 715 5474 526.
743 5421 959 5492 Degbac
987 5420 1112 5492 ipse
1156 5420 1442 5492 Gregorius
1473 5420 1565 5475 lib.
1594 5436 1612 5474 ι
1644 5422 1779 5475 Hist.
1803 5437 1854 5477 c.

282 5489 372 5553 '54,
401 5494 494 5547 sed
525 5509 587 5545 ex
618 5490 877 5544 fabulosis
896 5490 1049 5543 actis.

352 5562 380 5601 δ
426 5563 499 5617 De
531 5563 612 5616 bis
639 5563 747 5628 egit
779 5559 1063 5631 Gregorius
1101 5559 1196 5615 lib.
1227 5577 1277 5616 ιι
1321 5561 1454 5615 Hist.
1496 5574 1618 5630 cap.
1650 5560 1739 5626 40,
1772 5561 1858 5616 ubi

287 5636 537 5703 nonnulla
565 5634 1126 5703 ol.servavim_us,qua:
1160 5631 1376 5703 vidcsis,
1405 5633 1542 5687 sicut
1568 5643 1621 5686 ct
1646 5634 1859 5689 Bollan-

287 5702 471 5763 dianos
500 5705 566 5761 ad
594 5703 738 5759 diem
766 5699 801 5753 5
820 5700 959 5755 Maii.

1091 241 1589 302 MIRAGULORUM
1631 244 1758 300 LIB.
1802 244 1842 301 l.
1884 245 1973 299 DE
2002 245 2253 302 GLORIA
2294 248 2693 304 MARTYRL'M.

3392 250 3493 303 7l0

1863 354 2195 416 Aferventis
2227 361 2434 430 magnis
2479 360 2725 416 ﬂuctibus
2769 363 3062 429 exundare,
3108 380 3169 417 ac
3216 379 3309 432 per
3351 382 3501 423 oram

1942 453 2107 520 ipsam
2173 454 2326 507 undis
2387 454 2859 509 intumescentibus
2926 458 3273 525 superﬂuere,
3321 467 3395 527 et,
3444 469 3505 513 ut

1939 544 2118 604 credo,
2153 545 2218 597 ad
2269 545 2692 599 incredulitatem
2740 561 2909 599 meam
2941 549 3288 612 arguendam,
3333 552 3503 619 magis

1938 647 2002 688 ac
2039 636 2209 704 magis
2241 636 2457 704 augeri;
2489 637 2558 688 ita
2588 648 2644 689 ut
2692 638 2740 690 in
2772 640 2927 690 unius
2977 637 3119 691 liora:
3150 640 3321 706 Spatio
3363 642 3505 708 plus-

1938 742 2095 792 quam
2148 743 2311 779 unum
2358 729 2649 781 sextarium
2702 728 2947 782 redderet
3000 730 3309 794 vasculum,
3364 734 3505 796 quod

1938 817 2263 884 quartarium
2296 831 2400 870 non
2435 818 2649 871 tenebat
2678 837 2688 868 2
2720 820 3119 887 admiratusque
3142 820 3186 871 si
3216 821 3289 882 ui,
3316 834 3377 873 ac
3402 822 3507 872 vir-

1940 914 2104 959 tutem
2134 907 2419 960 adorandae
2462 909 2637 961 crucis
2667 909 2917 976 deinceps
2965 911 3270 974 pra-dicavi.
3298 910 3505 963 Puella-

1940 1011 2043 1064 que
2066 998 2308 1065 quaedam
2341 997 2711 1066 Cbrodegildis
2741 1001 3114 1067 nomine,dum
3138 1010 3254 1066 post
3283 1011 3506 1053 mortem

1947 1087 2112 1155 patris
2177 1088 2230 1142 in
2296 1089 2441 1141 urbis
2485 1089 2859 1144 Ceuomanicte
2907 1090 3173 1144 territorio
3226 1092 3504 1155 resideret,

1940 1178 2214 1231 oculorum
2264 1179 2549 1233 amissione
2596 1182 2873 1233 multatur.
2907 1182 3189 1250 Postquam
3235 1194 3411 1237 autem
3441 1199 3508 1237 ex

1937 1268 2183 1336 jussione
2227 1270 2515 1335 Chilperici
2562 1273 2723 1337 regis,
2754 1272 2927 1325 adhuc
2980 1273 3133 1327 beata
3184 1274 3511 1342 Radegunda

1943 1362 2119 1427 regina
2163 1363 2478 1428 superstite,
2509 1363 2571 1415 ad
2603 1362 2856 1417 antedicti
2900 1365 3209 1419 monasterii
3251 1370 3507 1420 transmi-

1941 1450 2102 1504 sisset
2136 1461 2158 1488 ο
2189 1451 2448 1520 regulam,
2491 1452 2605 1518 ipsa
2653 1453 2953 1508 beatissima
2999 1457 3336 1521 ostendente,
3385 1468 3510 1509 ante

1940 1552 2177 1597 sanctam
2232 1545 2587 1612 prosternitur
2636 1561 2813 1599 arcam
2843 1565 2856 1599 :
2890 1548 3070 1616 ibique
3117 1562 3239 1601 cum
3289 1550 3507 1616 reliquis

1940 1635 2435 1689 sanctimonialibus
2453 1636 2657 1704 vigilias
2674 1637 2966 1704 explicans,
2981 1638 3106 1692 dato
3130 1654 3303 1707 mane,
3321 1640 3507 1694 iisdem

1873 1736 1917 1796 Β
1945 1726 2363 1789 discedentibus,
2392 1738 2652 1794 prostrata
2693 1730 2811 1783 solo
2839 1730 2891 1782 in
2919 1732 3109 1784 eodem
3140 1732 3255 1785 loco
3281 1734 3510 1800 quievit;

1945 1816 2294 1883 apparuitque
2321 1817 2367 1870 ei
2393 1832 2485 1885 per
2508 1818 2698 1884 visum,
2726 1821 2875 1883 quasi
2903 1823 3135 1889 aperiret
3167 1822 3357 1893 aliquis
3386 1839 3512 1878 ocu-

1942 1905 2023 1960 los
2054 1906 2194 1974 ejus,
2225 1918 2279 1960 et
2308 1922 2469 1960 unum
2511 1909 2723 1961 δςιιιίιθιὶ
2768 1910 3051 1976 redditum,
3082 1902 3207 1965 dum
3253 1929 3373 1966 cum
3403 1914 3513 1967 alio

1942 1999 2228 2065 laboraret,
2261 2002 2438 2055 subito
2480 2000 2547 2054 ad
2590 2002 2712 2055 ostii
2766 2005 2989 2057 reserati
3032 2018 3220 2057 sonum
3253 2021 3512 2075 experge-

1943 2092 2105 2157 facta,
2136 2094 2290 2147 unius
2312 2094 2452 2148 oculi
2499 2096 2676 2150 lumen
2710 2097 2929 2164 recepit.
2958 2099 3110 2164 Quod
3141 2115 3245 2153 non
3288 2101 3511 2169 ambigi-

1946 2195 2030 2239 tur
2060 2187 2161 2239 boc
2191 2200 2284 2253 per
2303 2186 2477 2240 crucis
2503 2185 2749 2239 virtutem
2793 2183 2956 2241 fuisse
3001 2191 3311 2257 praestitum.
3341 2192 3510 2245 Euer-

1942 2278 2178 2345 gumeni,
2203 2277 2401 2343 ciaudi,
2424 2286 2479 2330 et
2497 2277 2585 2330 alii
2611 2293 2822 2346 quoque
2853 2278 3047 2334 inﬁrmi
3077 2295 3312 2350 pensante
3331 2283 3381 2336 in
3412 2283 3514 2338 hoc

1946 2374 2062 2427 loco
2085 2382 2365 2427 sanantur.
2391 2371 2661 2425 Hactenus
2678 2371 2802 2425 hinc
2827 2370 2877 2425 ἀ.

2555 2482 2780 2538 CAPUT
2820 2483 2909 2538 Vl.

2368 2573 2444 2628 De
2480 2575 2761 2628 inventione
2786 2577 3062 2630 clavorum.

2013 2685 2173 2757 727
2204 2685 2440 2755 Speciosi
2470 2694 2645 2739 autem
2689 2687 2942 2755 omnique
2976 2688 3191 2742 metallo
3220 2666 3541 2745 nobiliores.

1944 2778 2226 2834 dominicae
2248 2780 2422 2835 crucis
2450 2780 2603 2845 clavi,
2638 2780 2726 2848 qui
2751 2779 2903 2833 beata
2933 2781 3169 2835 membra
3202 2789 3513 2846 tenuerunt,

1943 2873 2009 2927 ab
2024 2873 2218 2927 Helena
2238 2873 2568 2942 regina,post
2581 2872 2745 2940 ipsius
2756 2886 2923 2926 sacrae
2935 2873 3112 2926 crucis
3129 2873 3511 2940 inventionem,

1943 2964 2140 3034 reperti
2170 2974 2295 3019 sunt
2316 2968 2332 3033 (
2356 2963 2652 3017 Christian.
2684 2962 2813 3033 5'26)
2844 2977 2862 3019 :
2894 2974 2946 3017 et
2968 2964 3032 3018 de
3059 2963 3267 3018 duobus
3294 2964 3508 3033 quidem

1946 3056 2152 3110 frenum
2183 3055 2519 3125 imperatoris
2546 3056 2789 3119 munivit,
2815 3071 2922 3125 quo
2948 3056 3173 3122 facilius,
3197 3071 3240 3111 su
3269 3056 3509 3110 adversa:

1946 3159 2131 3218 gentes
2162 3148 2484 3203 restitissent
2526 3147 2768 3217 principi,
2798 3148 2896 3203 hac
2940 3149 3137 3204 virtute
3184 3150 3511 3219 fngarentnr.

1950 3241 2023 3294 De
2052 3238 2241 3309 quibus
2283 3255 2386 3293 non
2432 3248 2512 3293 est
2560 3237 2795 3308 ignotum
2836 3239 3146 3294 Zachariam
3192 3242 3517 3297 vaticinasse

1950 3332 2260 3401 prophetam
2287 3347 2300 3382 :
2327 3328 2460 3394 Erit,
2510 3330 2699 3400 inquit,
2747 3331 2882 3399 quod
2926 3331 2977 3383 in
3025 3347 3081 3384 os
3120 3332 3235 3401 equi
3284 3333 3513 3399 ponitur,

1946 3434 2178 3476 sanctum
2223 3421 2434 3475 Domini
2463 3421 2658 3492 (Zach.
2686 3437 2799 3487 xw,
2829 3421 2957 3493 20).
3006 3422 3082 3476 Eo
3109 3424 3250 3477 enim
3282 3433 3523 3494 tempore

1950 3514 2276 3569 Adriaticum
2303 3529 2449 3567 mare
2470 3515 2673 3583 magnis
2701 3513 2946 3567 ﬂuctibus
2972 3515 3305 3581 movebatur,
3338 3515 3388 3567 in
3415 3530 3523 3583 quo

1953 3616 2059 3661 tam
2076 3607 2369 3675 frequentia
2385 3617 2534 3660 erant
2558 3606 2849 3675 naufragia,
2863 3622 2926 3660 ac
2939 3605 3206 3661 demersio
3224 3605 3522 3674 hominum,

1951 3709 2008 3751 ut
2049 3712 2246 3765 vorago
2277 3695 2636 3765 navigantium
2668 3696 2954 3750 diceretur.
3000 3697 3148 3753 Tunc
3177 3698 3398 3765 provida
3441 3713 3526 3752 re-

1950 3790 2096 3857 gina,
2129 3786 2420 3840 condolens
2463 3787 2666 3840 excidia
2711 3788 3051 3849 miserorum,
3083 3804 3241 3841 unum
3272 3803 3338 3842 ex
3387 3804 3525 3857 qna-

1954 3889 2073 3932 tuor
2105 3878 2270 3930 clavis
2298 3876 2494 3944 deponi
2521 3886 2545 3912 °
2574 3876 2727 3945 jubet
2755 3877 2807 3929 in
2850 3878 3055 3946 pelago,
3098 3878 3300 3932 conlisa
3325 3878 3393 3933 de
3421 3879 3528 3932 Du-

1952 3971 2080 4025 mini
2111 3969 2509 4033 misericordia;
2535 3968 2672 4036 quod
2713 3983 2882 4023 saevas
2925 3970 3180 4023 ﬂuctuum
3210 3975 3530 4025 commotio-

1954 4080 2050 4119 nes
2073 4063 2225 4116 facile
2257 4069 2438 4131 posset
2463 4061 2782 4129 opprimere.
2815 4064 2929 4128 Quo
2951 4061 3089 4115 facto
3112 4061 3351 4115 redditur
3378 4077 3527 4117 mare

1953 4160 2217 4227 quietum,
2250 4152 2639 4222 tranquillaque
2677 4153 2930 4222 deinceps
2958 4153 3326 4223 navigantibus
3359 4153 3524 4207 llabra

1954 4256 2296 4317 pra-stautur.
2328 4243 2477 4299 Unde
2504 4258 2670 4315 usque
2716 4244 2874 4298 hodie
2911 4256 3086 4299 nauta:
3131 4246 3524 4300 sanctilicatum

1956 4356 2103 4396 mare
2150 4336 2547 4403 vcnerantur‘,
2578 4352 2696 4391 cum
2754 4336 2974 4407 ingressi
3020 4337 3235 4401 fuerint,
3285 4334 3525 4405 jejnniis,

1955 4433 2394 4501 orationibusque
2421 4441 2474 4485 et
2504 4429 2785 4499 psallentio
2830 4438 3038 4481 vacant.
3083 4428 3365 4481 Clavorum
3398 4442 3526 4495 ergo

1956 4520 2348 4577 dominicorum
2396 4520 2563 4589 gratia
2605 4521 2746 4588 quod
2778 4529 3005 4588 quatuor
3036 4518 3252 4583 fuerint,
3290 4517 3403 4570 haec
3441 4524 3529 4573 est

1958 4615 2093 4668 ratio
2123 4622 2145 4660 8
2182 4630 2193 4665 :
2226 4614 2331 4666 duo
2358 4624 2482 4666 sunt
2512 4612 2655 4665 afﬁxi
2689 4613 2739 4664 in
2772 4611 2977 4679 palmis,
3009 4621 3063 4664 et
3082 4610 3189 4664 duo
3220 4611 3271 4664 in
3302 4612 3529 4679 plantis.

1956 4716 2010 4760 et
2055 4710 2310 4774 quzeritur
2341 4718 2437 4758 cur
2487 4704 2682 4773 planta:
2727 4702 2904 4756 allixte
2953 4704 3081 4768 sint,
3111 4718 3232 4772 qua:
3280 4705 3334 4757 in
3363 4717 3526 4759 cruce

2037 4870 2059 4897 ο
2088 4861 2239 4916 Colb.
2269 4875 2348 4923 a.,
2379 4860 2675 4914 transmissa
2709 4862 2905 4929 fuisset,
2935 4860 3073 4928 quod
3107 4861 3245 4915 idem
3274 4860 3532 4928 signiﬁcat

1961 4945 2024 4984 ac
2068 4931 2464 4985 transmisisset.
2516 4931 2640 4983 Haec
2684 4934 2825 4985 enim
2883 4933 3049 4999 puella
3079 4930 3234 5000 jussu
3284 4933 3430 5000 regis
3477 4930 3531 4984 in

1961 5004 2337 5054 monasterium
2357 5002 2496 5053 venit
2528 5001 2596 5054 ibi
2627 5019 2893 5055 mansura.

2029 5069 2056 5108 ά
2091 5072 2251 5131 Editi,
2284 5071 2359 5124 De
2378 5071 2457 5123 his
2480 5071 2741 5125 hactenus.

2032 5151 2055 5179 ⁸
2084 5141 2368 5195 Gretserus
2396 5152 2447 5193 et
2475 5141 2565 5192 alii
2592 5143 2895 5195 existimant
2923 5140 3131 5191 clavum
3152 5140 3219 5193 ab
3248 5139 3451 5193 Helena
3481 5142 3533 5192 in

1960 5228 2106 5267 mare
2150 5211 2362 5279 quidem
2391 5211 2703 5276 demissum,
2738 5212 2832 5265 sed
2861 5210 3004 5264 illico
3041 5209 3201 5263 etiam
3242 5218 3535 5264 retractum

1959 5286 2026 5337 ab
2056 5301 2114 5335 ea
2148 5281 2328 5335 fuisse.

2036 5351 2055 5390 ί
2108 5351 2249 5405 Clar.
2296 5353 2347 5416 b,
2386 5358 2657 5413 venerant;
2694 5349 2785 5403 alii
2818 5358 3149 5414 veneranter;
3192 5349 3369 5403 czeter‘
3414 5366 3536 5404 cum

1959 5423 2136 5484 editis,
2162 5432 2486 5475 venerantur.

2036 5503 2060 5540 ες
2095 5493 2169 5546 De
2214 5493 2377 5545 clavis
2421 5489 2702 5543 dominicis
2742 5505 2862 5544 cum
2902 5501 3083 5543 sancta
3116 5505 3275 5544 cruce
3312 5494 3541 5545 iuvemis

1963 5562 2203 5631 plerique
2233 5562 2438 5625 l’atrcs,
2465 5559 2641 5627 capite
2669 5560 2895 5628 praeced.
2946 5562 3136 5613 laudati
3169 5563 3489 5630 scripserunt
3524 5581 3539 5617 :

1962 5644 2017 5686 at
2070 5648 2248 5699 uetnu,
2280 5632 2422 5702 quod
2465 5631 2693 5702 quidem
2724 5635 2910 5694 sciam,
2953 5631 3024 5685 ita
3069 5632 3269 5685 diserte
3314 5641 3539 5697 quatuor

1964 5704 2143 5760 clavos
2172 5701 2333 5761 fuisse
2363 5701 2742 5773 pronuntiavit,
2762 5717 2880 5773 qua:
2908 5712 3085 5759 tamen
3114 5703 3376 5760 sententia
3406 5718 3540 5758 vert—
