4020 6194
505 258 601 312 7M

1495 256 1554 313 S.
1595 253 1922 313 GBEGORII
1964 251 2273 308 EPISCOP!
2313 255 2738 314 TllRONENSlS

3656 260 3770 314 712

499 385 683 430 sancta
719 371 1018 443 dependere
1047 373 1174 427 vis-re
1199 373 1304 427 sint
1336 373 1511 443 potius
1535 388 1691 441 quam
1740 371 1917 426 stare?
1960 367 2066 422 Sed
2098 367 2150 426 A
2174 369 2306 425 duos
2334 371 2399 426 ad
2427 388 2514 428 me
2545 389 2715 428 annos
2753 373 2988 438 rediens,
3016 387 3136 426 cum
3164 381 3500 428 sacramento
3531 378 3774 432 asseruit

501 470 551 523 in
575 470 755 539 stipite
777 477 958 524 erecto
984 468 1221 524 loramen
1253 468 1450 522 factum
1479 467 1819 522 manifestum
1843 475 1946 519 est.
1971 463 2072 516 Pes

498 576 710 630 quoque
732 561 960 630 parvula:
991 562 1180 616 tabulae
1204 560 1255 615 in
1290 561 1392 614 hoc
1420 559 1658 614 foramen
1685 559 1920 613 insertus
1959 567 2069 621 est;

499 665 660 718 super
702 653 838 706 hanc
880 667 1010 706 vero
1039 652 1289 719 tabulam,
1321 661 1570 721 tanquam
1601 651 1791 704 stantis
1841 650 2072 703 hominis

497 757 665 796 sacrae
702 744 878 798 allisa:
923 755 1047 798 sunt
1090 744 1308 813 plantae.
1345 743 1616 811 Qumritur
1644 742 1802 796 etiam
1854 742 1976 810 quid
2007 743 2073 796 de

501 833 585 888 bis
613 835 779 890 clavis
821 836 979 891 luerit
1025 834 1244 890 factum.
1276 836 1391 890 Duo
1419 845 1541 889 sunt
1572 850 1706 903 quos
1737 848 1893 902 supra
1935 834 2072 888 dixi-

499 941 618 980 mus
663 927 824 994 aptati
858 928 909 980 in
957 926 1136 991 freno;
1181 929 1372 980 tertius
1418 927 1689 994 projectus
1734 925 1786 977 in
1843 924 2068 986 fretum;

503 1027 748 1085 quartum
783 1019 946 1088 728
973 1027 1220 1073 asserunt
1244 1033 1364 1072 esse
1389 1017 1620 1070 delixum
1662 1016 1713 1069 itt
1759 1016 1933 1082 capite
1963 1024 2072 1069 sta-

500 1119 605 1163 tua:
650 1108 1011 1176 Constantini,
1041 1126 1161 1178 quae
1201 1111 1445 1174 civitate,
1486 1119 1542 1162 ut
1593 1109 1762 1173 aiunt,
1795 1118 1900 1162 tota
1927 1107 2071 1181 [ΑΛ.

495 1201 658 1274 ιοιω]
702 1203 966 1258 excelsior
994 1217 1116 1257 esse
1161 1203 1468 1270 suspicitur,
1512 1202 1719 1255 scilicet
1747 1209 1800 1254 ut
1848 1209 1956 1252 tota
1986 1201 2071 1254 cui

496 1295 717 1356 eminet,
751 1296 1048 1350 munitione
1066 1295 1271 1356 salutis,
1293 1295 1522 1363 quodam
1555 1294 1713 1348 modo
1739 1293 1888 1362 galea
1915 1307 2072 1347 coro-

499 1398 620 1442 nata
652 1397 798 1443 esset
837 1398 888 1441 ι.
922 1389 1163 1457 Magnam
1195 1396 1443 1441 asserunt
1473 1386 1721 1440 virtutem
1766 1400 1887 1440 esse
1917 1385 2073 1453 hujus

498 1482 628 1534 l’rcui
651 1497 667 1534 :
692 1481 833 1550 quod
859 1481 1056 1552 ambigi
1088 1495 1421 1548 nequaquam
1443 1487 1640 1549 potest,
1666 1478 1804 1548 quod
1832 1476 2070 1531 Justinus

495 1572 784 1636 imperator
807 1571 1016 1640 publice
1046 1580 1302 1638 expertus
1330 1577 1433 1632 est,
1464 1585 1528 1624 ac
1553 1569 1665 1623 suis
1692 1566 1941 1620 omnibus
1979 1581 2072 1634 pa-

495 1664 692 1717 tel'ecit.
723 1663 916 1717 illusus
946 1663 1086 1716 enim
1119 1678 1146 1715 a
1189 1661 1420 1731 quodam
1455 1677 1609 1731 mago
1658 1670 1879 1730 propter
1911 1675 2069 1729 pecu-

2176 461 2457 517 duodeeim
2487 465 2554 518 ab
2590 481 2652 518 ea
2688 477 3098 532 energumenos,
3134 473 3240 517 tres
3290 478 3479 526 caecos,
3519 464 3776 535 duosque

2179 554 2498 623 paralyticos
2515 555 2677 610 luisse
2705 567 2944 611 sanatos.
2967 553 3110 608 Muto
3125 554 3333 608 cuidam
3364 557 3532 623 ipsam
3566 557 3773 625 pallam

2178 643 2228 696 in
2252 657 2313 697 os
2343 645 2516 712 posuit
2547 662 2562 697 :
2595 645 2688 699 sed
2718 661 2840 700 cum
2871 645 3080 710 dentes,
3113 645 3450 716 linguamque
3478 647 3599 716 ejus
3639 649 3776 701 atti-

2176 734 2271 806 git,
2302 737 2479 792 statim
2520 751 2705 793 vocem
2751 736 3128 809 eloquiumque
3170 738 3418 793 reStituit.
3453 738 3604 806 Quod
3663 754 3772 793 nos

2179 827 2406 881 lideltter
2427 829 2668 894 credere,
2690 831 2802 898 ipsa
2827 831 3034 886 Domini
3053 832 3336 899 promissio
3361 831 3512 886 illicit
3539 833 3769 887 dicens:

2179 918 2364 973 Omnia
2387 937 2696 990 quwcunque
2715 924 2955 992 petieritis
2974 924 3029 977 in
3051 927 3255 978 nomine
3279 939 3409 986 meo,
3433 925 3624 979 credite
3641 924 3773 995 quia

2175 1016 2458 1084 accipietis,
2487 1025 2532 1069 et
2561 1017 2755 1070 venient
2781 1018 2917 1072 vobis
2948 1017 3139 1087 (Marc.
3171 1032 3246 1080 xl,
3280 1016 3389 1087 14).

2771 1151 2996 1207 CAPUT
3038 1151 3146 1206 Vll.

2406 1267 2482 1319 De
2509 1265 2710 1331 lancea,
2736 1282 2929 1319 corona
2949 1266 3149 1336 spinea,
3181 1274 3228 1318 et
3257 1264 3518 1318 columna.

2246 1380 2321 1435 De
2344 1380 2522 1436 lancea
2549 1391 2574 1419 ε
2602 1396 2751 1445 vero,
2787 1381 3070 1447 arundine,
3113 1380 3361 1449 spongia.
3407 1395 3607 1433 corona
3637 1381 3760 1449 spi-

2175 1487 2272 1527 nea
2313 1481 2366 1526 et
2396 1474 2642 1527 columna
2667 1514 2680 1534 ,
2704 1474 2768 1526 ad
2815 1489 2976 1540 quam
3012 1475 3330 1528 verberatus
3374 1481 3458 1527 est
3491 1471 3762 1527 Dominus

2171 1571 2228 1618 et
2268 1563 2594 1634 Redemptor
2643 1565 3060 1636 llieroSolytnis,
3113 1563 3422 1618 dicendum.
3475 1564 3557 1618 Ad
3613 1562 3764 1616 hanc

2173 1668 2302 1708 vero
2347 1653 2652 1708 coiumnam
2695 1655 2844 1709 multi
2899 1656 3003 1709 lide
3032 1655 3173 1724 pleni
3201 1655 3544 1716 accedentes,
3578 1655 3762 1708 curri-

495 1757 635 1809 tiiatu
667 1756 940 1820 amissam,
983 1770 1112 1824 quas
1157 1754 1258 1809 sibi
1291 1755 1552 1807 daemonis
1589 1753 1777 1807 umbra
1813 1753 2064 1807 itttolcra-
2098 1759 2144 1818 Β
2168 1749 2283 1815 gias
2311 1748 2526 1803 textiles
2553 1748 2778 1814 faciunt,
2809 1764 3040 1819 eamque
3062 1750 3399 1806 circumdant
3429 1768 3444 1804 :
3469 1764 3607 1820 quas
3634 1765 3761 1804 rur-

493 1846 625 1900 biles
658 1863 749 1914 per
779 1847 1006 1900 duarum
1045 1845 1309 1900 curricula
1353 1845 1589 1898 noctium
1628 1844 1894 1898 intulisset
1925 1845 2064 1898 indi-

493 1940 632 1992 cavit
661 1939 882 1992 iusidias
909 1935 935 1975 5
971 1954 984 1990 :
1017 1937 1109 1990 sed
1138 1951 1258 1990 cum
1306 1932 1460 1989 tertia
1493 1945 1647 1991 nocte
1673 1934 1879 1989 frenum
1911 1933 2067 2003 capiti

492 2029 832 2089 collocasset,
867 2028 1041 2082 locum
1074 2025 1360 2081 insidiandi
1388 2026 1634 2079 inimicus
1657 2026 1796 2079 ultra
1827 2040 1933 2080 non
1969 2026 2065 2077 ba-

501 2119 635 2184 bnit,
668 2131 1050 2187 repertumque
1088 2125 1363 2171 auctorem
1397 2117 1708 2171 insidiarum
1733 2118 1910 2188 gladio
1943 2132 2062 2186 per-

491 2210 813 2264 culit.Nobis
832 2226 959 2264 vero
989 2225 1108 2278 qua:
1133 2212 1203 2263 sit
1232 2209 1402 2264 virtus
1430 2209 1557 2279 ligni
1589 2209 1748 2280 hujus
1779 2211 1881 2266 hoc
1907 2210 2066 2264 modo

491 2303 887 2356 manifestatum
931 2311 1035 2356 est.
1069 2302 1302 2356 Advenit
1341 2302 1557 2372 quidam
1587 2305 1678 2372 qui
1709 2303 1860 2358 nob's
1891 2304 2061 2372 pallu-

496 2394 599 2446 lam
632 2393 985 2447 holosericam
1012 2392 1167 2446 valde
1199 2400 1464 2446 vetustam
1497 2393 1758 2459 exhibuit,
1783 2392 1966 2448 dicens
1997 2393 2066 2447 ab

491 2487 590 2540 hac
612 2486 664 2540 in
686 2485 1073 2556 Hierosolymis
1093 2500 1305 2540 crucem
1331 2484 1540 2540 Domini
1565 2486 1851 2540 involutam
1879 2485 2061 2539 fuisse.

490 2579 639 2644 Quod
665 2594 785 2632 cum
809 2578 949 2647 apud
981 2578 1337 2632 rusticitatem
1365 2587 1602 2631 nostrain
1633 2577 1944 2633 incredibile
1971 2578 2065 2630 ha-

491 2669 726 2733 beretur,
758 2683 822 2722 ac
863 2669 1182 2722 t-i-tnaremu-r
1222 2668 1450 2722 sollicite
1499 2667 1638 2722 unde
1675 2667 1726 2722 ei
1768 2677 1913 2723 tanta
1961 2667 2067 2721 ibi.

489 2763 607 2815 tlem
633 2760 827 2822 luisset
853 2761 1022 2829 gratia
1053 2770 1110 2814 ut
1138 2762 1240 2814 ἰείη
1274 2761 1582 2826 meruisset,
1606 2776 1725 2815 cum
1751 2763 1984 2815 sciamus
2009 2762 2062 2815 in

489 2863 726 2923 tempore
752 2868 859 2921 quo
888 2868 1101 2907 sacrum
1135 2853 1236 2908 hoc
1279 2854 1480 2923 lignum
1510 2852 1780 2920 aduratur,
1829 2871 1934 2909 non
1975 2871 2065 2910 so-

489 2948 593 2999 lum
621 2947 816 3001 exinde
861 2948 993 3001 nihil
1023 2963 1341 3017 quemquam
1373 2948 1595 3015 mereri,
1627 2949 1720 3003 sed
1751 2949 1916 3004 etiam
1964 2951 2065 3005 im-

488 3038 767 3104 portunius
814 3038 1154 3092 accedentem
1185 3037 1496 3092 verberibus
1518 3038 1712 3103 arceri,
1743 3039 2056 3106 reSpondit:

488 3128 734 3192 Quando,
783 3129 976 3196 inquit,
1022 3127 1388 3198 Hierosolyma
1433 3129 1562 3192 abii,
1595 3131 1762 3184 Futen
1806 3131 2058 3186 abbatem
2090 3125 2134 3188 C

488 3218 682 3284 reperi,
711 3219 801 3286 qui
859 3233 1103 3286 magnam
1149 3234 1269 3272 cum
1301 3219 1497 3288 Sophia
1547 3220 1787 3290 Augusta
1835 3221 2061 3288 gratiam

487 3308 691 3372 habuit,
748 3307 870 3362 huic
914 3308 1055 3360 enim
1125 3322 1338 3364 omnem
1397 3308 1670 3364 Orientem
1718 3312 1870 3379 quasi
1929 3327 2063 3379 prte-

487 3400 626 3454 leCIo
673 3399 1014 3453 commiserat
1055 3408 1103 3453 ε.
1151 3399 1284 3455 lloic
1327 3416 1420 3456 nte
1452 3401 1697 3466 sitbdidi,
1738 3413 1945 3458 etcum
1995 3405 2064 3459 ab

486 3489 710 3546 Oriente
734 3489 1067 3558 regredet'er,
1093 3490 1161 3544 ab
1191 3491 1294 3545 hoc
1315 3501 1372 3544 et
1399 3503 1705 3547 sanctorum
1742 3496 1981 3564 pignora,
2009 3505 2064 3552 et

487 3579 628 3635 hanc
657 3581 870 3649 pallam,
897 3581 965 3635 de
991 3597 1095 3650 qua
1126 3598 1192 3636 eo
1233 3591 1472 3653 tempore
1517 3595 1698 3640 sancta
1725 3601 1858 3641 crux
1888 3588 2061 3643 invol—

487 3670 730 3732 vehatur.
759 3683 938 3737 accept
969 3667 1017 3723 ἀ.
1048 3671 1332 3738 Postquam
1376 3673 1504 3728 ntibi
1534 3677 1614 3729 vir
1655 3676 1744 3731 ille
1779 3681 1984 3744 retulit,
2009 3690 2062 3735 et

487 3763 625 3818 hanc
666 3764 798 3820 mihi
851 3765 1048 3832 pallam
1092 3766 1325 3832 tradidit,
1371 3769 1683 3838 praesumpsi
1733 3771 1902 3826 lateor
1943 3789 2061 3829 eam

487 3857 724 3921 abluere,
743 3865 798 3910 et
819 3854 1123 3928 frigoritieis
1143 3866 1322 3924 potum
1343 3859 1501 3926 dare;
1525 3861 1619 3916 sed
1635 3863 2062 3933 moxOpitulante

487 3950 684 4004 virtute
711 3949 922 4013 divina,
954 3951 1299 4005 sanabuntur.
1332 3951 1648 4008 Scindebam
1677 3956 1834 4009 etiam
1872 3957 2062 4010 exinde

489 4043 798 4109 plerumque
836 4041 1144 4109 particulas,
1175 4051 1230 4098 et
1255 4043 1446 4098 dabam
1493 4045 1752 4113 religiosis
1781 4048 1943 4118 729
1969 4065 2062 4116 pro

488 4133 879 4189 benedictione.
905 4134 1001 4189 Uni
1027 4150 1152 4190 vero
1177 4136 1352 4190 abbati
1379 4146 1582 4206 partem
1604 4136 1757 4192 divisi
1784 4155 1797 4191 :
1826 4141 1914 4209 qui
1943 4151 2062 4210 post

496 4291 725 4345 similior
753 4300 853 4344 cst.
908 4290 980 4344 Ex
1026 4307 1131 4344 uno
1177 4291 1400 4345 salutem
1433 4306 1496 4346 ex
1530 4291 1611 4344 ltis
1631 4291 1834 4347 frenum
1865 4293 2058 4349 factum

486 4362 688 4421 fuisse.
742 4372 795 4414 et
843 4361 1066 4416 alterum
1137 4361 1419 4416 diademati
1491 4362 1832 4428 imperatorio
1900 4367 2060 4423 fuisse

483 4433 726 4496 allixum,
761 4443 953 4500 prater
977 4433 1216 4501 vulgatos
1267 4443 1541 4496 auctores,
1589 4431 1816 4501 allirmat
1843 4447 2060 4490 sant-tus

2169 1854 2287 1896 sum
2319 1854 2416 1908 pro
2439 1841 2816 1896 benedictione
2857 1842 3142 1913 recipiunt,
3169 1842 3400 1897 diversis
3425 1841 3761 1896 inﬁrmitati-

2171 1931 2268 1986 bus
2316 1932 2641 2000 prol‘utnras.
2691 1933 2892 1988 Ferunt
2937 1935 3098 1989 etiam
3140 1934 3285 2003 ipsas
3323 1949 3540 1990 coronae
3569 1946 3760 1989 sentes

2167 2025 2320 2091 quasi
2368 2025 2569 2080 virides
2626 2041 2887 2093 apparere
2929 2045 2944 2078 :
2989 2042 3108 2094 qua:
3150 2036 3329 2081 tamen
3375 2025 3422 2081 si
3473 2025 3760 2082 videantur

2169 2115 2378 2168 aruisse
2406 2115 2458 2168 lo
2473 2116 2574 2181 liis,
2607 2115 2846 2185 quotidie
2880 2124 3058 2171 tamen
3090 2117 3418 2173 revirescere
3445 2119 3644 2172 virtute
3672 2119 3756 2172 di-

2167 2207 2310 2262 vina.
2339 2206 2526 2263 Prodit
2565 2219 2620 2264 et
2656 2223 2722 2264 ex
2755 2220 3104 2263 monumento
3131 2225 3236 2279 quo
3263 2209 3592 2265 dominicum
3622 2209 3641 2248 (
3663 2212 3754 2280 ja—

2166 2297 2277 2352 cuit
2304 2314 2502 2368 corpus
2553 2302 2686 2353 mira
2710 2302 2900 2368 virtus,
2933 2301 3074 2370 quod
3115 2301 3310 2370 saepius
3345 2313 3489 2355 terra
3520 2303 3752 2355 naturali

2165 2392 2400 2446 candore
2430 2393 2676 2447 radiante
2717 2393 2973 2462 repletur,
3023 2402 3077 2448 et
3104 2394 3299 2448 exinde
3335 2397 3526 2448 iterum
3565 2394 3748 2447 ablata

2165 2496 2299 2551 aqua
2325 2482 2718 2552 conspergitur,
2757 2484 2827 2537 de
2863 2498 2964 2553 qua
2993 2484 3208 2538 tortulte
3241 2484 3472 2552 parvulae
3499 2483 3739 2537 formau-

2167 2583 2272 2637 tur,
2317 2589 2380 2629 ac
2433 2589 2529 2644 per
2564 2575 2807 2630 diversas
2840 2576 3022 2630 mundi
3067 2587 3248 2646 partes
3288 2575 3746 2646 transmittuntur,

2164 2667 2233 2721 de
2259 2667 2451 2736 quibus
2483 2668 3008 2738 plerumqueinlirtni
3037 2671 3294 2723 sanitates
3317 2667 3583 2721 hauriunt.
3605 2667 3751 2724 lllutl

2166 2765 2251 2811 est
2294 2757 2660 2825 tripudiabile.
2712 2757 2857 2827 quod
2902 2758 3200 2827 smpissitne
3241 2771 3486 2813 accessus
3525 2772 3754 2822 serpen.

2168 2850 2298 2902 tium
2346 2851 2535 2903 vitant.
2578 2850 2687 2904 Sed
2722 2849 2850 2918 quid
2892 2865 2992 2919 ego
3029 2854 3346 2906 temerarius
3390 2849 3456 2902 de
3484 2847 3564 2902 bis
3601 2849 3755 2919 loqui

2164 2941 2361 3007 audeo,
2399 2955 2520 2995 cum
2553 2940 2944 2996 lidesretineat
2971 2957 3132 2996 omne
3161 2942 3304 3009 quod
3336 2951 3747 2998 sacrosanctqu

2164 3032 2329 3102 73o
2354 3046 2550 3102 corpus
2578 3033 2755 3102 attigit
2774 3045 2896 3087 esse
2917 3033 3223 3087 sacratum?

2754 3171 2983 3230 CAPUT
3015 3173 3150 3230 Vill.

2554 3287 2628 3342 De
2654 3289 2828 3342 tunica
2858 3287 3047 3342 Christi
3065 3290 3358 3345 inconsuta.

2243 3401 2316 3456 De
2345 3400 2519 3455 antica
2558 3417 2684 3456 vero
2727 3402 2865 3456 beati
2885 3403 3131 3472 corporis
3157 3419 3266 3458 non
3293 3414 3538 3471 consula,
3578 3406 3747 3462 desu-

2167 3508 2261 3562 per
2295 3502 2550 3548 cuntexta
2597 3509 2692 3566 per
2722 3501 2915 3561 totum,
2937 3510 3057 3561 qua:
3082 3494 3230 3565 juxta
3265 3495 3570 3551 Davidicttm
3598 3500 3745 3552 vati-

2166 3586 2366 3640 cinium
2395 3588 2495 3640 sub
2537 3597 2682 3639 sorte
2713 3585 2975 3655 iacuerat,
3021 3586 3153 3641 ﬁdes
3191 3589 3494 3656 evangelica
3533 3591 3744 3657 pandit.

2174 3677 2263 3730 Ait
2287 3678 2428 3730 enim
2458 3693 2473 3730 :
2507 3675 2697 3729 Partiti
2725 3687 2842 3730 sunt
2879 3678 3172 3731 vestimenta
3202 3695 3313 3731 mea
3347 3679 3462 3745 sibi,
3495 3691 3542 3733 et
3563 3682 3617 3733 in
3655 3699 3742 3734 ve-

2165 3782 2290 3823 stem
2314 3784 2476 3822 meum
2495 3768 2738 3821 miserunt
2755 3778 2914 3822 sortes
2938 3767 3117 3838 (Joan.
3138 3784 3251 3838 xu,
3265 3767 3381 3841 24).
3409 3770 3482 3824 De
3495 3771 3594 3824 hac
3617 3788 3753 3826 vero

2165 3863 2494 3918 imtnaculati
2545 3865 2676 3932 Agni
2716 3865 2918 3931 tun-ica,
2961 3880 3079 3933 qua:
3119 3880 3148 3916 a
3192 3864 3512 3932 quibusdam
3538 3864 3746 3930 audivi,

2163 3957 2326 4010 silere
2356 3971 2582 4027 nequeo.
2618 3957 2821 4012 Ferunt
2855 3967 3030 4012 autem
3059 3957 3111 4010 in
3149 3957 3368 4011 civitate
3399 3956 3745 4020 Galatltews,

2164 4049 2218 4102 in
2249 4049 2489 4116 basilica,
2534 4065 2656 4118 quae
2694 4051 2760 4103 ad
2802 4063 3018 4104 sanctos
3053 4051 3419 4120 Arcbangelos
3448 4053 3743 4117 vocitatur,

2167 4145 2386 4199 retineri
2419 4143 2467 4198 δ.
2501 4146 2593 4198 list
2624 4145 2764 4199 enim
2794 4147 2908 4201 huic
2929 4146 3139 4210 civitas,
3169 4148 3238 4202 ab
3267 4147 3399 4202 urbe
3427 4147 3746 4202 Constanti-

2173 4301 2266 4355 luit
2315 4300 2664 4369 Jerosolymis
2711 4299 3090 4354 ostendebatur
3113 4301 3212 4354 sub
3242 4305 3399 4370 linem
3426 4303 3605 4358 smculi
3636 4319 3740 4370 vn,

2175 4375 2227 4426 in
2285 4371 2452 4434 lignea
2501 4386 2663 4424 cruce
2713 4371 2937 4434 inclusa,
2991 4373 3065 4425 nti
3119 4381 3342 4425 testatur
3390 4374 3742 4431 Adamnanus

2170 4443 2263 4495 lib.
2297 4459 2314 4495 1
2346 4443 2412 4495 de
2443 4441 2598 4495 Locis
2627 4441 2827 4494 sanctis
2870 4457 2990 4510 eap.
3027 4443 3082 4506 9,
3123 4443 3263 4509 apud
3305 4444 3604 4498 Mabillou..
3635 4461 3744 4500 sae-

486 4494 800 4582 Amltrosiu's
821 4519 855 4582 Ξ-
891 4513 944 4582 et
992 4494 1381 4582 'l'_lti:odoretus,
1423 4494 1568 4582 lili._;t
1600 4499 1742 4582 l-list.
1797 4519 1916 4582 can.
1974 4507 2062 4573 l8,
2092 4494 2144 4554 Ῑ)
2171 4494 2290 4566 culo
2305 4494 2368 4566 ιιι
2397 4494 2618 4573 Bened.,
2650 4525 2801 4580 parte
2832 4528 2863 4564 ιι
2899 4494 3159 4582 ιιᾶξῶὒϐζ

490 4573 770 4647 alluditad
821 4573 1092 4647 Zacharia:
1149 4573 1474 4642 prophetiam
1516 4571 1700 4626 iisdem
1749 4578 1923 4632 verbis
1947 4571 2065 4647 quin

491 4644 575 4697 hic
603 4659 629 4694 a
655 4642 910 4712 Gregorio
942 4645 1240 4699 laudantur.

557 4724 580 4748 ⁸·
603 4714 757 4767 ι;οιι›.
794 4731 846 4775 a,
894 4716 1039 4782 galea
1063 4723 1108 4767 et
1137 4729 1324 4767 corona
1352 4715 1434 4768 sit.
1466 4713 1608 4768 Clar.
1632 4716 1694 4781 ι),
1736 4720 2063 4774 munitionem

485 4783 755 4838 salutis....
791 4795 1040 4851 operetur.

559 4857 582 4892 ι’
615 4855 703 4928 Sic
736 4853 890 4928 Col-lt.
914 4868 976 4928 a,
1003 4854 1147 4928 Clar.
1183 4853 1400 4928 μηνίειῐο
1423 4873 1444 4928 7:
1479 4857 1751 4927 Amissum,
1799 4879 1922 4928 quas
1971 4864 2066 4916 sibi

486 4927 730 4980 damonis
752 4925 934 4977 umbra
961 4924 1262 4977 intolerabili
1287 4927 1542 4980 immissas
1564 4945 1719 4992 per...
1741 4924 2063 4986 sustinuisset

485 4998 694 5050 insidias
741 4997 1032 5057 enarravit;
1058 4994 1165 5046 sed.
1193 4995 1388 5048 Caneri
1431 4998 1552 5051 Mss.
1579 5011 1629 5052 et
1658 4999 1814 5054 Clict.
1849 5021 1862 5054 :
1897 5003 2065 5056 Emis-

483 5086 591 5120 snm
615 5083 727 5137 qua:
748 5067 841 5119 sibi
873 5066 1116 5118 damonis
1137 5066 1315 5137 umbra
1331 5066 1669 5137 intolerabilis
1696 5089 1875 5132 pen...
1908 5078 2064 5127 susti-

484 5136 672 5192 nuisset
712 5139 947 5191 insidias.
1005 5137 1107 5188 Alii
1153 5136 1286 5189 [aditi
1317 5155 1331 5188 :
1359 5136 1582 5192 Emissos
1624 5143 1720 5194 sibi
1751 5160 1783 5194 a
1817 5145 2065 5198 dwmouis

485 5213 663 5263 umbra
683 5207 1026 5262 intolerabiles
1061 5223 1241 5275 perm.
1270 5209 1508 5262 sustinuit
1539 5211 1772 5264 insidias.

555 5291 577 5317 ο
607 5281 822 5338 Aliquot
845 5279 992 5341 Mss.,
1023 5279 1393 5330 commiserant.
1419 5279 1548 5347 Quis
1581 5282 1666 5336 ille
1693 5284 1855 5335 abbas
1885 5283 2060 5349 fuerit,

486 5351 690 5411 ignoro.
714 5350 920 5419 'Pbotau
972 5349 1199 5402 celebrat
1236 5351 1586 5419 Synaxurintn
1617 5352 1930 5407 Diviouense
1973 5358 2062 5410 die

486 5420 518 5469 6
543 5420 682 5471 Junii
711 5418 851 5486 apud
884 5418 1498 5486 llollandiauos.Sophia
1525 5433 1700 5476 autem
1745 5425 1836 5476 luit
1867 5426 2057 5480 Justtni

485 5488 707 5560 iunioris
723 5504 889 5560 ‘usor,
917 5489 994 5560 «ιφ
1025 5505 1124 5554 qua
1155 5492 1348 5556 passim
1391 5493 1440 5544 iu
1473 5491 1632 5560 Greg.
1667 5491 1913 5547 llisturia.

555 5557 580 5593 ά
612 5557 690 5610 Ad
723 5556 866 5609 illam
897 5557 1086 5624 pallam
1119 5560 1357 5613 alludere
1381 5556 1933 5619 videtnt-‘Fortuuatus
1962 5566 2054 5621 lib.

490 5635 527 5674 ιι
557 5642 720 5678 t-artn.
747 5626 797 5677 '5.

557 5706 581 5733 ο
607 5695 818 5750 lancea
857 5709 962 5762 qua
1005 5697 1140 5752 latus
1183 5699 1473 5753 Salviitoris
1523 5704 1688 5756 nostri
1724 5705 2049 5772 perforatum

2250 4581 2269 4622 ί
2298 4584 2431 4638 Cod.
2462 4583 2616 4636 Coll).
2641 4599 2694 4644 a,
2717 4585 2942 4635 diuinum
2960 4581 3129 4651 jucuit
3154 4600 3360 4647 corpus.

2247 4663 2272 4702 ε
2303 4653 2482 4718 Culb.,
2529 4651 2778 4716 Galatea),
2821 4664 2875 4706 et
2912 4653 2983 4705 al.
3019 4669 3200 4716 ιιτειιιιι,
3231 4655 3469 4718 Galatia’,
3501 4671 3604 4724 quo
3637 4673 3743 4708 tm-

2175 4725 2318 4780 mine
2344 4724 2546 4777 Galatia
2577 4724 2846 4792 provincia
2889 4724 3064 4789 potius
3093 4741 3250 4791 quam
3277 4728 3401 4779 urbs
3428 4730 3739 4793 designare-

2177 4809 2279 4848 lur.
2313 4795 2492 4858 Vind.,
2521 4792 2796 4848 Colat/tim.
2826 4794 3135 4848 Galatheattt
3166 4797 3351 4851 urbem
3374 4813 3436 4852 ex
3467 4792 3581 4854 solo
3599 4797 3737 4851 Gre-

2175 4867 2323 4935 gm-io
2344 4867 2542 4919 'l‘uroo.
2575 4864 3149 4928 tttetnnt-antOrtelitts,
3187 4867 3481 4932 Ferrarius,
3515 4878 3619 4921 etc.

2246 4936 2269 4972 ιι
2303 4938 2421 4989 llaec
2445 4936 2631 4991 eadem
2669 4937 2843 4988 tunica
2875 4936 2925 4988 in
2955 4936 3221 4990 Chronico
3255 4937 3577 5003 Fredegarii,
3607 4953 3734 5004 cap.

2172 5025 2246 5068 XI,
2281 5009 2472 5060 dicitur
2515 5021 2581 5060 ex
2615 5009 2829 5060 civitate
2874 5005 3060 5073 Zafad,
3100 5007 3238 5074 apud
3267 5008 3587 5075 Sigiberttun
3628 5009 3738 5062 Ζα-

2172 5081 2317 5142 phat,
2347 5091 2504 5145 quam
2536 5076 2722 5131 Jall'ant
2754 5093 2844 5129 seu
2888 5079 3090 5144 .loppen
3125 5079 3558 5146 interpretantur,
3591 5097 3739 5136 anno

2169 5148 2238 5202 50
2266 5149 2597 5218 Gumtramni
2630 5148 2768 5211 regis
2802 5150 2852 5199 in
2883 5158 3118 5199 sanctam
3149 5148 3605 5218 Jerosolytnuruut
3641 5168 3735 5202 nr—

2171 5219 2288 5272 bcm
2317 5217 2574 5271 translata
2605 5219 2789 5270 fuisse.
2849 5218 3192 5270 POsttnodttttt
3235 5220 3287 5272 in
3329 5217 3529 5273 Callias
3576 5227 3740 5276 allata

2168 5298 2250 5342 est
2275 5303 2515 5354 tempore
2546 5289 2717 5340 Caroli
2748 5287 2944 5358 Magni,
2985 5298 3041 5340 et
3085 5290 3222 5352 apud
3266 5291 3637 5355 Argentolitnn
3685 5295 3739 5347 ιιι

2167 5375 2296 5427 agro
2345 5358 2650 5422 Parisiensi,
2681 5359 2769 5412 ubi
2811 5359 2987 5412 bisela
3007 5359 3245 5425 ejusdem
3278 5361 3618 5428 imperatoris
3650 5377 3739 5415 So-

2165 5445 2337 5484 rurae
2365 5429 2680 5483 Tlteudrada
2711 5428 2879 5496 ipsius
2922 5428 3028 5481 ﬁlia
3070 5430 3502 5484 sanctintuniales
3553 5445 3734 5498 erant,

2161 5501 2404 5568 deposita
2430 5499 2546 5552 fuit.
2577 5499 2796 5552 Domum
2828 5513 2945 5552 cunt
2974 5498 3063 5552 diu
3081 5500 3149 5552 ob
3179 5501 3438 5553 bellorum
3473 5511 3739 5556 Iutnurttts

2162 5569 2423 5631 lalttlSscl,
2464 5569 2562 5621 sub
2610 5569 2790 5622 smculi
2842 5584 2912 5622 xtl
2959 5568 3193 5622 medium
3245 5571 3456 5623 iuventa
3506 5581 3609 5632 est,
3670 5589 3740 5629 ac

2161 5652 2421 5705 praesente
2453 5640 2721 5692 Ludovico
2755 5639 2966 5706 juniore
3009 5654 3127 5693 cunt
3160 5640 3276 5692 aliis
3307 5641 3450 5708 regni
3484 5648 3738 5709 proceri-

2158 5711 2276 5776 bus,
2329 5713 2395 5764 ab
2447 5712 2667 5780 llugone
2699 5709 3550 5780 archiepiscoyollotltomagensi
3578 5727 3743 5769 com-
