4020 6194
260 270 359 323 ἴιό

1075 255 1573 314 ΜΙΒΛΟῸΙΑΟΒΟΜ
1614 256 1742 311 ιιιι.
1784 256 1821 310 l.
1869 256 1956 311 DE
1983 253 2248 310 ;GI.ORIA
2290 252 2698 309 MARTYRUM.

3408 258 3509 312 7M

254 376 588 445 popoIitana,
634 371 785 441 quasi
836 368 1073 423 millibus
1101 378 1314 422 centum
1338 367 1741 437 quinquaginta,
1778 368 1830 420 in
1866 375 1909 430 Α
1942 384 2281 437 properarem
2322 370 2388 423 ad
2426 373 2743 434 oratorium,
2785 371 3019 439 suspicio
3054 387 3084 425 a
3116 372 3272 443 longe
3312 390 3408 444 per
3435 376 3511 430 τε-

255 484 359 536 qua
393 465 613 519 basilica
654 472 737 516 est
776 471 961 530 crypta
990 459 1321 514 abditissima
1356 477 1369 511 :
1404 460 1588 529 ibique
1619 460 1671 513 in
1714 474 1836 513 arca

258 558 435 627 lignea
460 556 562 609 hoc
590 554 963 607 vestimentum
996 550 1219 605 habetur
1244 551 1527 605 inclusum.
1561 551 1690 619 Quae
1711 566 1833 605 arca

256 666 286 702 a
309 648 525 704 devotis
554 658 717 715 atque
746 645 992 700 fidelibus
1012 660 1133 699 cum
1161 658 1367 698 summa
1396 644 1675 713 diligentia
1709 644 1839 697 adn.

258 750 432 808 ratur,
454 756 563 793 non
597 738 865 793 immerito
893 738 1052 807 digna
1081 752 1200 806 qua:
1224 739 1323 790 boc
1355 736 1728 790 vestimentum
1752 751 1842 790 re-

259 835 453 896 tineat,
492 831 635 900 quod
678 829 1006 883 dominicum
1048 843 1247 893 corpus
1278 829 1360 881 vel
1392 827 1702 897 contingere
1730 842 1843 881 nie—

258 923 393 987 rttit,
420 922 510 976 vel
548 919 753 976 velare.

870 1030 1097 1085 CAPUT
1146 1029 1239 1083 IX.

260 1168 344 1222 De
374 1166 687 1221 mirabilibus
721 1165 946 1220 basilica:
985 1166 1143 1220 beata:
1181 1165 1389 1237 virginis
1424 1164 1624 1231 Mariis,
1654 1166 1717 1219 ab
1745 1167 1842 1220 int-

597 1249 828 1307 peratorc
858 1237 1188 1290 Constantino
1208 1246 1495 1290 exstruclw.

338 1349 497 1405 Maria
526 1364 652 1403 vero
679 1348 908 1417 gloriosa
946 1348 1173 1416 genitrix
1211 1346 1431 1409 Christi,
1475 1355 1531 1400 ut
1562 1354 1687 1401 ante
1716 1362 1836 1415 par—

259 1452 399 1503 tum.
427 1442 495 1496 ita
519 1441 667 1511 virgo
688 1442 923 1496 creditur
943 1450 995 1496 et
1027 1451 1143 1508 post
1168 1453 1395 1508 partum,
1418 1456 1559 1509 qum,
1586 1450 1642 1493 ιιι
1670 1454 1833 1510 supra

258 1536 498 1588 diximus
543 1533 700 1604 (Cap.
755 1532 837 1602 4),
891 1534 1142 1603 angelicis
1180 1531 1358 1587 choris
1403 1532 1738 1598 eam-intibus,
1788 1533 1840 1587 in

262 1627 595 1695 paradisum,
628 1626 857 1680 Domino
887 1625 1244 1694 praecedente,
1275 1626 1526 1679 translata
1553 1636 1657 1680 est.
1676 1625 1842 1696 Cujus

1945 474 2153 515 uestras
2187 464 2259 514 ita
2289 461 2602 516 immensam
2624 461 2921 515 claritatem
2951 462 3203 534 effulgere
3224 506 3239 528 ,
3269 474 3328 519 ut
3353 474 3510 534 puta-

1943 565 2089 607 retur
2114 554 2184 607 ibi
2220 553 2501 607 multitudo
2528 555 2839 624 lychnorttm
2878 570 2940 607 ac
2958 568 3245 609 cercurum
3275 571 3392 611 esse
3420 572 3513 611 ac-

1941 643 2389 698 censa.'Credens
2437 644 2597 713 igitur
2637 644 2777 713 quod
2822 644 2986 713 aliqui
3034 645 3347 700 devotorum
3399 646 3510 715 jam

1944 751 2041 789 nos
2067 735 2131 789 ad
2152 736 2503 791 celebrandas
2532 737 2735 803 vigilias
2769 738 3190 804 prmeessissent,
3222 739 3418 793 accedo
3444 740 3511 793 ad

1940 826 2139 879 ostium
2163 844 2176 880 :
2200 827 2372 893 pulse,
2406 841 2503 881 nec
2522 843 2838 896 quemquam
2864 829 3102 895 invenio,
3136 838 3513 899 repertumque

1942 918 2139 969 ostium
2196 918 2344 969 clave
2381 916 2662 980 munitum,
2711 927 2902 971 attactu
2954 919 3173 973 silentio
3217 919 3365 987 data,
3419 922 3514 974 de-

1948 1006 2240 1072 prehendo.
2289 1007 2424 1072 Quid
2455 1005 2642 1073 plura?
2664 1008 3081 1063 transmittimus
3106 1010 3172 1063 ad
3205 1011 3508 1073 custodem.

1944 1100 2032 1152 cui
2083 1107 2208 1153 tunc
2259 1107 2377 1151 erat
2416 1097 2699 1152 obserandi
2748 1111 2900 1165 cura,
2944 1110 3009 1154 ut
3060 1102 3268 1156 scilicet
3306 1106 3512 1159 ostium

1943 1192 2098 1245 clave
2128 1187 2360 1243 exhibita
2401 1197 2689 1245 reseraret.
2718 1189 2858 1247 Dum
2880 1202 3065 1249 autem
3097 1193 3189 1248 ille
3216 1194 3377 1261 venit,
3413 1211 3513 1251 nus

1945 1280 2282 1335 accendimus
2324 1278 2488 1334 aforis
2512 1296 2748 1337 cereum.
2784 1281 2988 1345 Interea
3032 1287 3270 1353 aperitur
3310 1297 3513 1355 sponte

1946 1381 2000 1426 et
2021 1373 2212 1425 ostium
2242 1389 2255 1425 :
2280 1373 2637 1442 ingressisque
2656 1374 2831 1440 nobis,
2856 1378 3020 1431 credo
3040 1393 3069 1431 a
3098 1378 3257 1450 733
3285 1380 3514 1448 caligine

1949 1472 2285 1529 peccatorum
2342 1477 2604 1527 nieorum,
2647 1464 2865 1521 claritas
2915 1483 3074 1537 quam
3119 1472 3514 1527 admirabamur

1945 1548 2133 1615 aforis,
2176 1563 2467 1621 apparente
2503 1569 2664 1609 cereo
2703 1567 2907 1625 nostro,
2956 1559 3235 1626 diSCUSSil;
3268 1563 3399 1618 nihil
3428 1575 3512 1618 ta-

1949 1661 2069 1697 men
2098 1655 2291 1712 praeter
2315 1645 2563 1700 virtutem
2590 1646 2840 1715 gloriosa:
2866 1648 3099 1721 Virginis
3130 1652 3273 1706 aliud
3299 1653 3511 1721 penitus

262 1722 486 1775 basilica
512 1724 579 1775 ab
606 1721 922 1786 imperatore
958 1719 1304 1773 Constantino
1353 1719 1649 1773 admirabili
1677 1732 1841 1786 opere

1950 1736 2131 1792 videre
2160 1739 2448 1808 potuimus,
2474 1738 2624 1794 unde
2653 1739 2870 1795 claritas
2898 1719 2985 1796 illa
3015 1741 3204 1798 fuisset
3236 1719 3440 1801 exorta.

261 1813 523 1866 fabricata
544 1812 755 1865 renidet
776 1818 801 1846 λ
825 1826 841 1865 :
866 1810 928 1862 ad
961 1825 1118 1878 quam
1141 1810 1296 1885 731
1319 1809 1556 1864 adducta:
1577 1808 1840 1864 columna:

260 1919 389 1961 cum
432 1919 539 1973 prae
576 1903 951 1972 magnitudine
981 1903 1143 1961 levari
1178 1918 1280 1957 non
1311 1913 1559 1977 possent,
1596 1918 1662 1957 eo
1699 1903 1839 1971 quod

259 2005 413 2050 esset
440 1996 703 2051 circuitus
736 2009 929 2049 .earum
987 1994 1219 2051 sedecim
1260 1996 1495 2062 pedum,
1549 2009 1613 2048 ac
1654 1994 1843 2051 diebus

262 2084 494 2149 singulis
533 2098 692 2139 casso
738 2084 920 2139 labore
967 2084 1341 2153 fatigarentur,
1371 2085 1621 2153 apparuit
1648 2085 1841 2139 artiﬁci

261 2185 454 2231 s-incta
496 2174 656 2246 Virgo
690 2191 783 2242 per
815 2177 1007 2240 visum,
1050 2176 1231 2229 dicens
1257 2192 1271 2227 :
1301 2176 1415 2228 Noli
1447 2184 1667 2230 maestus
1694 2190 1837 2239 esse,

262 2280 373 2332 ego
410 2266 549 2319 enim
596 2264 688 2317 tibi
729 2264 1005 2319 ostendam
1053 2263 1281 2334 qualiter
1318 2263 1399 2316 bre
1423 2272 1619 2333 queant
1642 2263 1842 2318 elevari

260 2357 554 2409 columnae.
586 2355 651 2408 Et
695 2354 930 2409 ostendit
962 2355 1010 2408 ei
1051 2369 1169 2424 quae
1207 2364 1522 2423 aptarentur
1561 2355 1842 2421 machinae,

265 2446 505 2516 qualiter
541 2444 999 2515 suspenderentur
1037 2444 1313 2509 trochleaa,
1338 2456 1498 2515 atque
1522 2442 1723 2499 funium
1752 2461 1846 2500 ex-

268 2537 619 2593 tendereutur
651 2535 848 2600 officia,
900 2536 1026 2589 illud
1062 2536 1267 2591 addens
1302 2552 1313 2588 :
1345 2535 1620 2606 Conjunge
1670 2544 1844 2599 tecum

268 2636 389 2682 tres
422 2640 615 2697 pueros
644 2627 711 2681 de
749 2626 972 2691 scholis,
998 2641 1220 2696 quorum
1251 2632 1352 2681 hoc
1379 2626 1647 2695 adjutorio
1673 2628 1849 2695 possis

266 2721 511 2788 explere.
541 2720 693 2786 Quod
724 2735 844 2773 cum
870 2719 963 2774 ille
995 2719 1253 2788 et'igilans
1283 2734 1400 2789 quae
1436 2733 1702 2788 praecepta
1731 2716 1849 2779 fne-

268 2822 397 2868 rant
438 2820 762 2880 coaptasset,
814 2812 1018 2866 vocatis
1071 2810 1239 2865 tribus
1298 2809 1473 2878 pueris
1512 2811 1580 2865 ab
1623 2810 1846 2878 scholis,

264 2906 453 2960 erexit
490 2918 697 2959 summa
738 2903 1018 2958 velocitate
1062 2902 1359 2956 columnas.
1422 2900 1723 2963 Praestitum
1757 2910 1842 2958 est

269 2994 484 3066 populis
520 3008 768 3063 spectare
812 2993 1130 3047 miraculum
1174 2992 1565 3059 admirandum,
1600 3003 1657 3047 ut
1698 2993 1841 3063 quod

2563 1848 2789 1905 CAPUT
2828 1850 2895 1904 Χ.

2014 1960 2092 2013 De
2129 1975 2283 2026 puero
2305 1960 2488 2014 Iudaeo
2524 1961 2671 2014 ualde
2693 1963 3076 2015 memorandum
3108 1964 3435 2022 miraculum.

1955 2066 1959 2071 ’
2014 2076 2151 2142 Quid
2181 2077 2336 2146 igitur
2364 2077 2414 2130 in
2446 2073 2665 2131 Oriente
2692 2087 2865 2131 actum
2896 2079 3050 2132 fuerit
3075 2078 3126 2142 ἀ,
3158 2082 3223 2134 ad
3253 2084 3511 2139 corrobo-

1946 2166 2169 2220 randam
2222 2165 2377 2218 fidem
2425 2166 2742 2221 catholicam
2775 2182 2879 2220 non
2910 2168 3101 2223 silebo.
3131 2169 3301 2226 Judaei
3331 2172 3511 2243 cujus-

1943 2257 2066 2313 dam
2099 2258 2303 2312 vitrarii
2333 2260 2491 2324 lilius,
2534 2273 2654 2315 cum
2698 2259 2840 2329 apud
2864 2259 3198 2317 Christianos
3222 2280 3416 2333 pueros
3444 2267 3514 2325 ad

1946 2348 2119 2403 Studia
2174 2350 2469 2403 litterarum
2530 2359 2890 2415 exerceretur,
2933 2353 3159 2418 quadam
3225 2354 3312 2409 die
3385 2357 3512 2411 dum

1948 2441 2227 2495 missarum
2255 2438 2389 2495 festa
2428 2442 2478 2494 in
2527 2439 2742 2495 basilica
2776 2440 2945 2495 beata:
2973 2440 3154 2497 Maria:
3181 2445 3517 2501 celebraren-

1950 2543 2054 2603 tur,
2082 2533 2145 2587 ad
2171 2534 2627 2603 participationem
2651 2532 2871 2603 gleriosi
2896 2534 3135 2603 corporis
3165 2546 3219 2589 et
3240 2537 3516 2607 sanguinis

1949 2627 2203 2682 dominici
2252 2641 2371 2681 cum
2400 2626 2520 2683 aliis
2542 2626 2828 2680 infantibus
2860 2628 3029 2681 infans
3070 2630 3283 2685 .lndaans
3336 2648 3517 2687 acces-

1949 2720 2037 2773 sit.
2070 2720 2186 2785 Quo
2213 2730 2398 2772 sancto
2435 2729 2708 2784 assumpto
2737 2729 2784 2779 °,
2817 2720 3051 2790 gaudens
3086 2723 3148 2774 ad
3178 2724 3391 2778 domum
3425 2741 3517 2795 pa-

1952 2812 2046 2864 tris
2072 2811 2357 2866 revertitur
2390 2827 2403 2863 :
2430 2810 2637 2879 illoque
2668 2825 2926 2879 operante
2953 2810 2969 2847 τ
2994 2812 3133 2867 inter
3157 2816 3433 2884 amplexus
3460 2827 3515 2871 et

1950 2905 2155 2969 oscula,
2195 2920 2314 2973 qua:
2354 2912 2634 2972 acceperat
2680 2917 2799 2956 cum
2851 2904 3044 2973 gaudio
3073 2904 3255 2959 refert.
3305 2913 3375 2961 At
3424 2908 3518 2963 ille

1950 2995 2166 3050 Christo
2192 2993 2418 3047 Domino
2450 3008 2512 3046 ac
2541 2993 2652 3046 suis
2681 2992 2883 3061 legibus
2909 2992 3153 3049 inimicus
3176 2994 3249 3049 ait
3274 3013 3289 3050 :
3318 2996 3374 3051 Si
3393 3013 3516 3052 cum

268 3086 556 3141 multitudo
608 3087 844 3140 virorum
876 3082 1093 3140 fortium
1142 3084 1319 3139 levare
1364 3086 1694 3154 nequiverat,
1736 3095 1846 3143 tres
1871 3106 1922 3173 ρ
1954 3090 2036 3143 his
2068 3083 2357 3141 infantibus
2400 3083 2828 3148 communicasti,
2859 3083 3056 3138 oblitus
3090 3097 3323 3151 paternae
3346 3089 3517 3157 pietao

275 3177 489 3244 pueruli
526 3178 727 3246 absque
762 3176 955 3229 virtute
995 3172 1217 3243 perfecti
1259 3176 1437 3243 operis
1482 3177 1840 3237 sublevarent.

268 3268 443 3338 Hujus
490 3268 744 3322 festivitas
786 3281 935 3322 sacra
975 3266 1244 3320 mediante
1294 3282 1475 3321 mense
1503 3268 1788 3324 undecimo
1820 3270 1844 3307 δ

267 3364 590 3418 celebratur.
642 3361 771 3414 Nam
814 3360 866 3414 in
914 3358 1153 3413 oratorio
1183 3358 1560 3415 Marciacensis
1593 3370 1615 3397 ο
1658 3361 1848 3415 domus

269 3452 505 3507 Arverni
550 3450 807 3506 territorii
849 3448 969 3519 ejus
1001 3450 1243 3518 reliquia:
1284 3448 1644 3504 continentur.
1676 3452 1851 3504 Adre-

268 3545 458 3599 niente
487 3558 613 3599 vero
646 3543 745 3596 hac
783 3541 1096 3603 festivitate,
1125 3554 1227 3609 ego
1249 3540 1317 3595 ad
1346 3541 1695 3597 celebrandas
1720 3542 1848 3611 vigi-

270 3638 375 3691 lias
411 3636 476 3689 ad
507 3651 627 3691 eum
655 3635 878 3691 accessi.
910 3632 1152 3703 Cumque
1200 3648 1293 3701 per
1322 3632 1606 3688 obscuram
1638 3646 1847 3697 noctem

277 3814 629 3884 pluribusque
652 3814 774 3868 aliis
795 3814 1056 3882 episcopis
1085 3822 1138 3867 et
1169 3811 1451 3867 abbatibus
1471 3814 1699 3884 publicze
1730 3813 1854 3869 ﬁde

269 3882 406 3940 lium
460 3882 790 3940 venerationi
841 3885 1076 3939 exhibita
1125 3884 1221 3937 fuit
1268 3898 1409 3936 anno
1461 3882 1618 3939 1156,
1649 3884 1853 3939 Exinde

273 3971 494 4009 summo
544 3956 859 4023 pupulorum
892 3969 1155 4008 concursu
1204 3953 1434 4007 celebris
1476 3952 1574 4007 fuit
1624 3957 1849 4007 ecclesia

270 4026 718 4095 Argentoliensis,
762 4026 849 4079 ubi
875 4024 1034 4079 etiam
1073 4038 1214 4078 nunc
1272 4040 1301 4075 a
1353 4032 1554 4077 nostra:
1594 4040 1848 4093 congreg.

270 4094 443 4151 sancti
492 4097 657 4150 Mauri
710 4095 986 4149 monachis
1043 4095 1409 4147 Benedictinis
1448 4094 1853 4163 religiosissime

272 4181 382 4219 tam
412 4167 699 4235 pretiosum
722 4166 1024 4220 caemeliutn
1049 4179 1357 4235 asservatur
1387 4174 1440 4217 et
1460 4166 1673 4218 colitur.
1721 4164 1852 4220 Vide

272 4234 512 4290 libellum
528 4252 591 4290 ea
615 4237 681 4290 de
708 4252 765 4290 re
792 4251 821 4289 a
848 4236 1049 4288 domno
1073 4235 1317 4290 Gabriele
1338 4234 1611 4290 Cerberon
1635 4235 1850 4291 Parisiis

270 4308 475 4362 editum
506 4322 647 4359 anno
683 4305 838 4359 i677.

347 4386 374 4413 ιι
411 4376 672 4430 Describit
707 4376 1067 4439 Adamnanus,
1118 4376 1188 4429 lib
1261 4390 1276 4428 ι
1325 4375 1391 4429 de
1447 4374 1602 4429 Locis
1653 4374 1851 4432 sanctis

270 4464 392 4512 cap.
458 4447 545 4509 15,
578 4448 861 4501 ecclesiam
916 4462 1081 4513 prope
1122 4445 1532 4511 Jerosolytnam.
1582 4446 1669 4499 ubi
1728 4457 1852 4501 tunc

272 4522 532 4585 temporis
558 4518 955 4571 monstrabatur
982 4516 1148 4569 beata:
1176 4515 1351 4570 Maria:
1390 4517 1713 4582 sepulcrum.
1742 4517 1845 4571 Sed

276 4604 558 4664 fumante
587 4588 861 4664 Juveualis
889 4587 1579 4664 tempora,_qui_mediante
1601 4588 1795 4664 sa'culo
1817 4602 1848 4640 v

270 4660 517 4721 ﬂorebat,
556 4673 711 4711 nemo
742 4657 937 4710 dixerit
966 4656 1135 4709 beata:
1164 4654 1396 4723 Virginis
1421 4659 1726 4722 sepulcrum
1761 4659 1848 4709 Je-

271 4730 560 4799 rosolymis
602 4727 894 4799 exstitisse,
948 4727 1031 4780 Cl.
1084 4728 1164 4779 vir
1209 4727 1577 4799 il'tllemontius
1620 4728 1684 4799 in
1732 4728 1844 4781 Vita

269 4797 613 4852 Constantini
650 4798 845 4865 Magni,
878 4805 981 4850 art.
1014 4800 1103 4860 68,
1137 4798 1408 4850 existimat
1437 4798 1718 4851 erclesiam
1762 4800 1847 4851 hic

270 4885 304 4921 a
328 4868 589 4937 Gregorio
642 4878 989 4922 memoratam
1023 4868 1179 4920 aliam
1212 4882 1315 4918 non
1344 4882 1462 4920 esse
1488 4884 1517 4919 a
1550 4868 1843 4921 eatltedrali

273 4940 569 5005 I'Zpln-sioa,
628 4955 770 5004 quae,
801 4941 872 4990 uti
906 4939 1035 4990 Acta
1066 4937 1252 5007 synodi
1284 4937 1563 5005 Ephesium
1593 4948 1847 4992 attestan-

271 5019 380 5071 tur,
423 5010 475 5062 in
504 5010 735 5079 Virginis
778 5009 1018 5076 Deiparte
1078 5012 1331 5060 honorem
1361 5021 1671 5079 consecrata
1704 5023 1843 5070 erat,

271 5089 330 5131 et
358 5081 469 5131 sola
517 5082 570 5133 in
607 5077 799 5148 probis
828 5079 1141 5133 auctoribus
1190 5088 1315 5130 ante
1343 5077 1394 5130 id
1444 5088 1651 5147 tempus
1680 5081 1847 5134 beata:

276 5149 510 5219 Virginis
539 5147 693 5202 titulo
724 5149 971 5202 decorata
1000 5147 1162 5203 fuisse
1194 5150 1402 5216 legitur.

349 5220 374 5257 δ
406 5222 456 5273 Id
489 5231 572 5274 est
603 5236 787 5272 mense
814 5220 1090 5285 Januario,
1124 5235 1229 5288 qmt
1261 5222 1311 5270 in
1343 5218 1527 5271 Galliis
1551 5218 1843 5286 depositio-

277 5293 358 5343 nis
387 5307 481 5345 seu
510 5295 892 5355 a-sninptionis
939 5292 1261 5342 beatissima:
1311 5288 1542 5355 Virginis
1583 5291 1844 5343 leStiVitas

273 5364 401 5413 olim
431 5364 823 5415 celebrabatur.
858 5362 1007 5426 Quod
1042 5369 1243 5413 certum
1275 5368 1355 5411 est
1384 5376 1448 5413 ex
1490 5360 1723 5425 antiquis
1760 5360 1846 5412 Li-

278 5434 464 5501 tnrgtis
504 5431 818 5501 Gallic.otis,
852 5441 905 5483 et
930 5432 1307 5483 VetustiSsiniis
1340 5429 1750 5501 Martyrologiis,
1780 5430 1846 5483 ad

278 5499 422 5554 diem
458 5500 523 5555 18
554 5504 808 5561 Januarii,
844 5514 897 5554 ut
932 5501 1120 5569 probat
1156 5511 1334 5552 noster
1368 5499 1638 5553 .\labillon.
1677 5501 1768 5553 lib.
1796 5516 1831 5553 tt

280 5571 530 5642 Litnrg-a:
564 5570 851 5624 Gallicana:
884 5586 1026 5622 num.
1051 5573 1121 5622 ‘22!
1170 5587 1286 5640 pug.
1326 5571 1443 5624 HS.
1507 5569 1626 5622 Vult
1669 5580 1846 5625 tamen

278 5644 533 5710 Scaliger,
562 5645 697 5694 libro
721 5658 769 5693 VI
792 5644 859 5693 de
888 5642 1274 5695 Etuondatiotm
1297 5647 1618 5704 lentporuttt,
1650 5657 1845 5694 annum

277 5718 702 5769 ecclesiasticum
751 5728 779 5765 a
830 5712 1090 5779 Gregorio
1122 5727 1302 5767 nos'ru
1336 5711 1574 5766 inchoari
1605 5732 1632 5766 ιι
1665 5730 1847 5769 mense

556 5806 830 5866 Pnuoc.
881 5805 1104 5865 LXXI.

1880 4482 1932 4543 D

1944 3181 2040 3243 ιίς..
2081 3178 2146 3232 ad
2179 3172 2538 3231 ulciscendam
2590 3173 2836 3229 Μοδειίοω
2866 3174 2999 3246 legis
3035 3176 3305 3244 iniuriam,
3349 3180 3514 3248 parri-

1949 3275 2066 3329 «illa
2108 3271 2161 3325 in
2192 3278 2243 3323 te
2270 3268 2433 3321 durus
2470 3266 2717 3321 existam.
2774 3266 2842 3322 Et
2873 3271 3261 3335 apprehensum
3294 3286 3513 3338 puerum

1949 3367 2003 3419 in
2057 3375 2118 3416 os
2171 3358 2405 3415 fornacis
2451 3357 2689 3412 ardentis
2730 3356 2975 3426 projecit,
3007 3360 3332 3431 ad,’ectisqne
3362 3362 3518 3431 lignis

1948 3472 2054 3528 quo
2083 3452 2449 3510 vehementius
2478 3458 2813 3517 exureretur,
2848 3451 3064 3506 insistit.
3120 3453 3222 3507 Sed
3282 3469 3389 3508 nou
3421 3454 3515 3511 de-

1951 3554 2046 3607 fuit
2079 3552 2168 3605 illa
2202 3548 2571 3602 misericordia
2616 3562 2735 3616 qua:
2783 3557 2893 3601 tres
2940 3548 3207 3623 quondam
3256 3549 3517 3606 Hebraeos

1952 3655 2149 3712 pueros
2172 3638 2464 3695 Chaldaico
2491 3638 2541 3692 in
2566 3638 2776 3694 camino
2796 3638 3059 3708 projectos
3079 3641 3220 3695 nube
3242 3643 3516 3698 rorulenta

1952 3815 2146 3882 Aprili,
2191 3830 2296 3878 quo
2328 3824 2481 3878 pacto
2525 3811 2817 3883 Gregorius
2862 3813 2946 3867 hic
3005 3827 3205 3867 menSIS
3253 3814 3519 3870 undecimi

1958 3880 2173 3939 nomine
2205 3883 2549 3935 Februarium
2578 3880 2926 3950 designasset.
2951 3883 3045 3935 Cui
3074 3885 3306 3950 opinioni
3339 3886 3517 3941 favere

1953 3958 2162 4008 videtur
2206 3955 2689 4007 Sacramentarium
2739 3952 3100 4014 Gallicanum,
3128 3953 3266 4021 quod
3303 3968 3370 4008 ex
3411 3971 3516 4009 ms.

1955 4027 2139 4079 codice
2170 4024 2533 4079 vetustissimo
2583 4021 2863 4076 Bobiensis
2887 4024 3192 4078 monasterii
3230 4023 3298 4079 ab
3326 4026 3515 4080 eodem

1958 4096 2269 4150 Mabillonio
2298 4094 2498 4148 editum
2526 4101 2609 4146 est
2634 4093 2699 4145 ad
2729 4092 2925 4146 calcem
2944 4093 3072 4146 tomi
3094 4092 3112 4146 Ι
3137 4093 3303 4147 Musei
3329 4095 3515 4159 Italici.

1958 4167 2047 4220 ubi
2098 4164 2392 4229 assumptio
2420 4171 2620 4216 sancta:
2650 4162 2832 4215 Maria:
2864 4171 2985 4228 post
3015 4165 3207 4217 lesutm
3238 4165 3521 4220 Catbedrm

1958 4240 2126 4293 sancti
2152 4236 2289 4289 Petri
2316 4232 2619 4289 immediate
2649 4243 2770 4287 ante
2792 4232 3260 4303 Quadragesimam
3291 4238 3515 4290 locatur.

1958 4308 2161 4369 Passim
2197 4316 2370 4361 tamen
2401 4303 2688 4373 Gregorius
2716 4318 2745 4356 a
2771 4303 2959 4358 Martio
2988 4319 3184 4358 annum
3215 4306 3445 4359 inchoat.

2033 4388 2053 4415 ε
2080 4377 2199 4443 Hir,
2224 4377 2297 4429 uti
2321 4374 2550 4437 videtur,
2574 4375 2882 4447 designatur
2900 4374 3217 4430 Marziacum
3240 4375 3518 4447 (Marsae),

1959 4450 2255 4517 parthenon
2305 4455 2553 4513 antiquus
2581 4446 2641 4517 B.
2676 4444 2853 4499 Maria:
2904 4448 3062 4499 etiam
3112 4444 3259 4517 nunc
3306 4447 3521 4502 nomine

1958 4515 2269 4589 insignitus,
2313 4516 2641 4589 Mauzacensi
2693 4518 3049 4589 monasterio_
3079 4515 3375 4589 subjectus,
3434 4519 3523 4574 ubi

1954 4586 2387 4641 Sanetintoniales
2417 4586 2514 4658 sub
2553 4586 2825 4656 priorissze
2858 4586 3123 4658 regimine
3148 4586 3517 4655 perseverant.

1958 4661 2105 4711 Alius
2127 4668 2209 4713 est
2236 4675 2260 4705 τι
2292 4657 2700 4711 Marcinianensi
2734 4657 3064 4723 partltenonc
3093 4658 3247 4727 cujus
3274 4661 3520 4715 meminit

1956 4743 2060 4783 noo
2089 4730 2253 4783 semel
2287 4728 2471 4781 llettus
2498 4727 2867 4781 Cluniacensis
2900 4727 3087 4785 abbas.
3132 4728 3263 4784 Vide
3289 4734 3517 4785 Savaro-

1956 4814 2076 4853 nem
2109 4801 2157 4851 in
2190 4798 2350 4862 epist.
2386 4799 2487 4852 H9
2519 4798 2638 4851 libri
2672 4816 2704 4851 n
2727 4798 3048 4864 Apollinaris
3077 4798 3303 4855 Sidonii.

2025 4866 2047 4903 δ
2070 4869 2309 4922 Similem
2337 4867 2611 4923 historiam
2638 4870 2794 4925 liabet
2816 4870 3071 4936 Evagrius
3093 4870 3187 4923 lib.
3206 4885 3261 4922 tv
3283 4884 3401 4933 cap.
3423 4867 3514 4934 56,

1954 4947 2008 4992 et
2033 4940 2363 5010 Nicephorus
2390 4941 2481 4991 lih.
2516 4954 2620 4992 xvu
2645 4954 2764 5006 cap.
2793 4937 2884 4992 25.
2918 4940 3060 4997 Idem
3090 4940 3379 5010 contigisse
3404 4954 3520 5010 me-

1952 5018 2193 5062 moratur
2218 5009 2356 5076 apnd
2391 5010 2651 5061 ltitnrtcas
2682 5011 2734 5062 in
2788 5010 3014 5065 erclcsia
3067 5008 3267 5062 sancta:
3313 5008 3517 5076 Mariae,

1955 5092 2197 5147 tempore
2246 5081 2454 5132 lluinati
2484 5080 2723 5146 ejusdem
2778 5080 2923 5133 urbis
2962 5079 3218 5148 episcopi,
3250 5089 3308 5131 ut
3340 5090 3514 5133 narrat

1956 5152 2247 5218 Monachus
2272 5150 2704 5215 Sansulpieiauus
2736 5154 2785 5203 in
2812 5148 3511 5218 ,PatriarcltioBituriceust.

1948 5236 2047 5288 cap
2081 5216 2161 5272 l9.
2193 5219 2328 5272 Hinc
2357 5234 2649 5287 cognomen
2684 5221 2867 5272 habuit
2894 5220 2956 5273 de
2987 5218 3166 5270 Furno
3185 5220 3375 5272 calido.

2021 5290 2285 5356 'Aliquot
2314 5290 2463 5352 Mss.,
2509 5290 2645 5354 quod
2692 5298 2921 5342 sanctum
2964 5296 3305 5355 assumptum,
3360 5303 3518 5343 accu~

1956 5363 2104 5411 sanin
2136 5376 2259 5412 casu
2293 5360 2408 5412 luco
2436 5370 2569 5423 sexti
2602 5361 2865 5428 adhibito,
2896 5377 3013 5428 qum
3045 5374 3262 5413 casuum
3294 5361 3517 5415 mutatio

1958 5435 1977 5482 f
2005 5431 2282 5497 equetttior
2310 5443 2386 5483 εει
2420 5430 2557 5495 apud
2605 5427 2938 5494 Gregorium.
2969 5430 3072 5483 Sed
3108 5432 3192 5483 hic
3222 5432 3515 5489 observan-

1956 5504 2078 5553 dum
2110 5512 2190 5552 est
2221 5502 2355 5554 hanc
2400 5514 2586 5553 vocem
2616 5509 2845 5553 sanctum
2874 5503 3115 5557 absolute
3147 5516 3240 5568 pro
3268 5501 3517 5557 euchari-

1956 5584 2053 5643 sna
2102 5572 2318 5643 assumi,
2355 5581 2411 5624 ut
2464 5571 2521 5623 lit
2573 5573 2623 5623 in
2678 5572 2947 5640 plerisque
2990 5571 3241 5643 Liturgiie
3292 5586 3516 5638 nostrae,

1957 5642 2114 5693 etiam
2145 5642 2434 5703 hodiernae,
2462 5643 2809 5695 orationibus.

2035 5709 2051 5748 ί
2086 5712 2218 5766 Cod.
2253 5710 2402 5769 Colb.
2436 5727 2488 5780 a,
2522 5712 2711 5782 illoque
2729 5724 3057 5784 properante.

3094 5807 3172 5866 23
