4020 6194
545 228 645 284 715

1559 216 1617 272 S.
1653 210 1979 270 GREGORII
2020 208 2324 267 EPISCOPI
2358 208 2782 267 TURONEVSIS

3684 214 3798 270 τισ

542 345 890 413 resperscral.
946 334 1061 403 lpsa
1088 331 1231 388 enim
1262 341 1314 386 et
1355 330 1495 384 hunc
1536 330 1676 383 inter
1718 337 1923 381 medios
1956 325 2109 393 ignes
2139 331 2184 383 Α
2213 332 2304 376 aut
2326 332 2573 391 permitte
2601 323 2878 378 discedere
2906 338 3336 394 unumquemque
3378 324 3427 379 in
3470 326 3642 379 locum
3685 344 3804 394 quis

554 448 609 492 et
648 444 935 504 prunarum
981 426 1151 482 moles
1174 425 1444 495 jacentcm
1476 436 1695 493 prorsus
1733 416 1977 472 consumi
2006 432 2111 468 non

541 528 758 596 patitur.
798 521 930 577 Cum
982 529 1159 574 autem
1214 516 1454 569 audisset
1493 523 1662 568 mater
1708 510 1851 579 quod
1905 508 2115 563 scilicet

542 619 709 673 filium
758 625 1099 670 communem
1158 616 1308 677 pater
1352 604 1707 659 deliberasset
1743 614 1991 661 exurere,
2020 613 2113 651 cu-

539 708 703 764 currit
732 698 803 759 ad
848 699 1182 757 liberandum
1215 713 1363 750 eum.
1396 695 1501 749 Sed
1531 709 1651 747 cum
1681 692 1904 746 vidisset
1929 690 2112 744 incen-

479 806 487 865 ζ
545 801 633 855 dia
664 798 732 852 ab
758 812 853 849 ore
878 793 1037 865 733
1063 789 1296 844 fornacis
1321 787 1501 856 patulo
1534 787 1634 837 huc
1665 793 1718 838 et
1751 783 1876 837 illuc
1898 783 2109 835 flamma

537 893 849 947 dominante
872 885 1132 955 respergi.
1170 890 1418 936 ornatum
1448 878 1640 943 capitis
1666 876 1732 930 ad
1760 886 1954 931 terram
1986 889 2112 943 pro-

538 987 689 1057 jecit,
713 982 1010 1050 diffusaque
1037 977 1257 1032 caesarie
1279 988 1339 1029 se
1370 971 1618 1027 miseram
1640 969 1943 1031 clamitans,
1973 967 2105 1022 civi-

538 1089 703 1134 tatem
746 1064 962 1130 vocibus
1012 1071 1216 1139 implet.
1272 1066 1425 1135 Quod
1465 1080 1585 1120 cum
1636 1062 1944 1128 Christiani,
1982 1060 2108 1128 quid

534 1182 713 1227 actum
745 1170 917 1226 fuerat
954 1166 1289 1228 didicissent,
1331 1162 1663 1217 concurrunt
1692 1173 1881 1211 omnes
1908 1156 1972 1209 ad
2000 1165 2107 1211 tant

535 1266 774 1335 iniquum
819 1260 1205 1332 spectaculum,
1257 1253 1613 1321 retractisque
1667 1250 1881 1322 ignibus
1917 1249 1985 1303 ab
2012 1263 2107 1301 ore

536 1358 794 1423 fornacis,
824 1352 1103 1409 inveniunt
1126 1362 1351 1420 puerum
1382 1349 1532 1415 quasi
1563 1359 1724 1412 super
1747 1343 1953 1411 plumas
1976 1340 2110 1395 mol-

535 1450 767 1505 lissimas
823 1446 1259 1503 decutubentem.
1299 1440 1416 1507 Quo
1466 1448 1727 1503 extracto,
1777 1435 2109 1489 admirantur

533 1553 723 1594 omnes
746 1537 991 1601 illzesum,
1021 1530 1447 1599 clamoribusque
1467 1528 1615 1581 locus
1638 1526 1727 1581 ille
1769 1525 2025 1589 repletur,
2053 1533 2109 1577 et

532 1632 614 1686 sic
645 1629 926 1683 Dominum
973 1626 1146 1680 omnis
1186 1620 1411 1691 populus
1459 1617 1747 1673 beuedicit.
1790 1616 2109 1670 Conclama-

2220 416 2384 469 vitam
2411 429 2706 483 pr0pagare
2733 415 2919 481 possit,
2948 414 3144 482 alioqui
3173 431 3271 469 nec
3310 424 3361 471 te
3388 418 3635 471 consulto
3662 419 3804 472 abs-

2217 506 2493 571 cedimus,
2522 523 2589 561 ne
2637 521 2915 575 pereamus
2957 506 3115 561 fame.
3148 507 3271 561 llzec
3298 508 3360 562 iis
3387 508 3692 564 dicentibus
3720 512 3805 564 ait

2215 600 2378 654 abbas
2407 616 2420 654 :
2452 599 2702 664 Oremus,
2739 598 2931 652 fratres
2951 597 3306 662 dilectissimi,
3337 608 3392 653 et
3421 599 3676 653 Dominus
3695 603 3805 653 mi-

2216 692 2460 746 nistrabit
2487 693 2642 745 nobis
2662 691 2847 754 cibos;
2877 705 2974 744 nec
2994 690 3134 744 enim
3160 698 3335 759 potest
3363 692 3471 744 fieri
3501 701 3559 744 ut
3579 691 3612 745 d
3636 692 3804 744 -ficiat

2216 783 2448 837 triticqu
2481 783 2531 836 in
2551 781 2666 851 ejus
2692 782 3018 836 monasterio
3032 796 3148 848 qua
3165 782 3364 851 frugem
3390 783 3511 835 vit:e
3536 798 3603 836 ex
3638 795 3801 836 utero

2217 875 2455 945 pereuuti
2508 874 2682 928 intulit
2729 872 2947 927 mundo.
2984 872 3209 938 Quibus
3262 872 3604 942 vigilantibus
3634 884 3804 929 nocte

2218 974 2351 1033 tota,
2371 980 2433 1019 ac
2456 964 2839 1033 psallentibus,
2871 977 3026 1017 mane
3053 973 3176 1018 orto
3205 963 3272 1016 ita
3299 964 3572 1032 reperiunt
3599 975 3801 1019 cuncta

2215 1062 2530 1116 horreorum
2564 1059 2866 1113 habitacula
2896 1058 3100 1126 repleta
3121 1057 3321 1123 tritico,
3342 1058 3500 1111 utvix
3529 1057 3613 1110 vel
3650 1072 3803 1111 resc-

2212 1152 2319 1206 rari
2374 1152 2573 1205 ostium
2635 1160 2832 1215 posset.
2894 1151 3129 1217 At't‘eplu
3181 1160 3355 1203 autem
3407 1150 3547 1211 cibo,
3595 1150 3802 1218 gratias

2210 1252 2433 1313 egerunt
2478 1242 2610 1296 Deo.
2656 1241 2781 1296 Post
2832 1241 3030 1296 multos
3067 1256 3193 1293 vero
3238 1255 3408 1293 annos
3434 1241 3630 1293 iterum
3661 1239 3802 1292 defi-

2209 1335 2387 1390 ciente
2415 1333 2565 1403 cibo,
2601 1334 2964 1389 clamaverunt
3008 1332 3253 1387 monachi
3294 1333 3359 1385 ad
3391 1332 3665 1396 abbatem,
3695 1333 3793 1401 qui

2208 1428 2283 1479 ait
2312 1443 2325 1479 :
2361 1425 2650 1495 Vigilemus
2680 1439 2743 1479 ac
2770 1424 3120 1493 deprecemur
3152 1423 3455 1484 Dominum,
3484 1431 3540 1477 et
3572 1423 3798 1479 forsitan

2215 1518 2578 1573 transmittere
2623 1515 2930 1587 dignabitur
2976 1515 3248 1569 alimenta.
3284 1513 3524 1583 Denique
3550 1524 3797 1581 proster-

2210 1619 2407 1663 nuntur
2428 1609 2493 1662 ad
2521 1608 2873 1677 pavimentum
2899 1607 3101 1675 templi.
3137 1604 3424 1675 Vigilantcs
3457 1607 3640 1674 itaque
3666 1619 3799 1658 noc-

533 1722 663 1775 hant
706 1717 865 1774 etiam
898 1726 954 1771 ut
981 1724 1256 1770 auctorem
1305 1711 1460 1779 hujus
1485 1710 1707 1765 sceleris
1737 1708 1788 1763 in
1813 1708 1959 1777 ipsas
1987 1722 2109 1776 pro.
2140 1717 2186 1776 Β
2214 1710 2318 1753 tem
2362 1698 2415 1753 in
2460 1698 2678 1767 psalmis
2719 1697 3032 1768 hymnisque
3086 1705 3140 1750 et
3188 1695 3411 1748 canticis
3463 1695 3799 1764 spiritalibus

533 1814 759 1885 jicereut
806 1810 1071 1865 flammas.
1124 1806 1427 1874 Proiectum
1457 1813 1635 1858 autem
1678 1803 1749 1856 ita
1781 1810 1947 1855 totum
1976 1800 2111 1870 ignis

533 1903 826 1968 absorbuit,
862 1914 917 1957 ut
950 1900 1036 1955 vix
1080 1898 1147 1953 de
1175 1897 1390 1953 ossibus
1442 1893 1559 1965 ejus
1607 1909 1830 1963 parvum
1860 1892 2112 1963 quodam-

534 1997 695 2052 modo
751 1995 1140 2063 relinqueretur
1190 1990 1467 2044 indicium.
1507 1987 1902 2055 lnterrogantes
1932 1993 2108 2037 autem

533 2086 848 2144 infantulum
906 2083 1188 2140 Christiani
1246 2080 1401 2150 quale
1430 2080 1480 2135 ei
1546 2079 1687 2135 inter
1732 2078 1888 2147 ignes
1919 2076 2111 2131 fuisset

530 2180 931 2242 umbraculum,
981 2176 1104 2230 ait:
1139 2173 1331 2229 Mulier
1378 2188 1495 2242 quae
1537 2175 1592 2225 in
1638 2171 1856 2226 basilica
1905 2170 1989 2224 illa
2023 2170 2110 2224 ubi

541 2286 735 2343 panem
755 2270 865 2326 'de
894 2283 1072 2325 mensa
1103 2268 1305 2335 accepi,
1336 2265 1387 2320 iu
1410 2264 1664 2320 cathedra
1697 2263 1961 2329 residens,
1987 2278 2109 2331 par-

533 2367 716 2423 vulum
743 2366 796 2421 in
836 2365 956 2418 sinu
1002 2371 1173 2431 gestat
1215 2359 1495 2424 infantem,
1528 2359 1642 2413 haec
1666 2374 1752 2413 tne
1783 2358 1944 2425 pallio
1974 2372 2106 2422 suo,

535 2473 603 2514 ne
652 2456 791 2527 ignis
843 2462 1078 2521 voraret,
1130 2452 1363 2522 operuit.
1408 2449 1562 2505 Unde
1625 2449 1979 2503 indubitatum
2030 2456 2112 2501 est

537 2552 748 2605 beatam
795 2546 846 2602 ei
898 2546 1113 2601 Mariam
1165 2542 1496 2613 apparuisse.
1542 2542 1735 2611 Agnita
1778 2554 1906 2609 ergo
1935 2539 2111 2593 infans

537 2644 647 2699 ﬁde
690 2640 973 2705 catholica,
1002 2637 1231 2694 credidit
1278 2636 1330 2690 in
1363 2634 1579 2689 nomine
1622 2633 1797 2687 Patris
1829 2641 1885 2687 et
1912 2631 2028 2685 Filii
2057 2640 2113 2687 et

537 2735 765 2807 Spiritus
793 2732 987 2795 sancti.
1057 2745 1121 2787 ac
1167 2729 1494 2786 salutaribus
1539 2728 1694 2799 aquis
1747 2726 1962 2782 ablutus
2008 2742 2108 2780 una

532 2845 659 2885 cum
683 2827 942 2901 genitrice
967 2841 1084 2891 sua,
1115 2824 1296 2881 denuo
1326 2831 1451 2879 sunt
1476 2822 1667 2877 renati.
1714 2820 1862 2875 Multi
1898 2820 2112 2876 Judaeo-

532 2937 656 2978 rum
678 2920 925 2990 exemplo
952 2918 1053 2975 hoc
1079 2918 1135 2973 in
1170 2916 1303 2972 urbe
1339 2916 1433 2971 illa
1460 2914 1650 2970 salvati
1675 2920 1821 2968 sunt.

1137 3052 1364 3110 CAPUT
1407 3051 1501 3107 XI.

541 3166 939 3223 Demonaterio
956 3164 1439 3235 Hierosolymitano,
1470 3171 1518 3235 et
1548 3161 1811 3216 miraculis
1839 3179 1928 3232 per
1950 3165 2109 3217 virtu-

871 3246 971 3291 tem
994 3246 1181 3290 sanctte
1198 3233 1393 3289 ’Μανίας
1413 3233 1767 3303 reliquiarum.

610 3350 989 3407 Monasterium
1030 3356 1114 3403 est
1168 3348 1322 3402 valde
1367 3361 1614 3417 magnum
1661 3347 1715 3401 in
1754 3346 2108 3414 Hierusalem,

541 3458 648 3501 non
674 3442 935 3497 modicam
973 3439 1175 3495 habens
1220 3439 1708 3509 congregationem,
1757 3439 1808 3493 iu
1853 3454 1958 3508 quo
2005 3455 2111 3494 non

546 3537 719 3591 solum
749 3533 964 3589 devotio
990 3528 1020 3570 δ
1046 3530 1227 3602 populi
1253 3545 1395 3599 saepe
1419 3531 1640 3600 plurima
1669 3532 1899 3595 confert,
1928 3547 2112 3586 verum

541 3628 700 3684 etiam
735 3626 1074 3697 imperatoris
1099 3625 1251 3697 jussu
1277 3624 1349 3680 ibi
1401 3640 1505 3679 non
1537 3625 1754 3678 minima
1797 3625 2111 3695 largiuntur.

541 3719 749 3777 Accidit
775 3727 950 3775 autem
964 3717 1192 3789 quodam
1217 3727 1453 3787 tempore
1476 3727 1533 3772 ttt
1565 3733 1673 3784 pra:
1706 3718 1922 3786 penuria
1952 3733 2116 3787 eges-

540 3816 665 3868 tatis
696 3811 851 3868 valde
876 3812 954 3866 eis
979 3811 1151 3865 victus
1174 3810 1475 3866 necessaria
1504 3808 1848 3865 defecissent.
1876 3808 2109 3880 Congre-

540 3904 684 3976 gatio
702 3905 844 3961 enim
874 3904 1087 3974 garrula
1122 3912 1145 3942 ο
1180 3903 1582 3968 monachorum,
1641 3916 1760 3957 cum
1807 3918 1910 3956 una
1954 3911 2115 3972 atque

539 3994 707 4069 73‘.
732 3996 838 4050 alia
880 3994 968 4050 die
1009 3993 1320 4050 refectionis
1354 3992 1663 4048 alimoniam
1705 4007 1809 4046 non
1840 4003 2113 4059 caperent,

540 4087 903 4144 vociferantur
944 4085 1011 4141 ad
1049 4086 1321 4149 abbatem,
1366 4084 1644 4139 dicentes:
1684 4082 1904 4154 Largire
1941 4082 2111 4154 cibos,

615 4236 643 4265 ι
689 4226 1092 4298 Observandum
1123 4227 1210 4298 bic
1236 4228 1429 4298 primo,
1475 4244 1658 4298 panem
1681 4225 2033 4298 solummodo,
2061 4224 2113 4278 id

543 4308 627 4355 est
652 4300 863 4353 unicam
876 4297 1211 4353 eucharistiae
1229 4296 1395 4354 sacrae
1415 4296 1671 4363 speciem,
1689 4312 1717 4349 a
1737 4312 1901 4364 puero
1927 4296 2115 4350 .ludaeo

541 4370 707 4425 fuisse
745 4378 1013 4438 receptam
1035 4409 1051 4434 ,
1084 4370 1171 4437 qui
1218 4378 1393 4423 tamen
1423 4383 1581 4437 supra
1625 4382 1810 4431 corpus
1833 4380 1878 4423 et
1907 4368 2114 4436 sanguis

544 4439 752 4494 Domini
774 4455 804 4493 a
821 4438 1078 4507 Gregorio
1098 4440 1414 4507 appellatur.
1430 4439 1831 4494 Observandum
1850 4438 2108 4500 secuudo.

544 4512 817 4578 antiquum
846 4525 1047 4564 morem
1080 4508 1133 4563 in
1164 4510 1406 4564 ecclesiis
1448 4510 1809 4563 beatissimam
1846 4508 2114 4575 Virginem

544 4580 965 4702 repraesentandi
996 4578 1271 4636 sedentem
1299 4595 1419 4635 cum
1448 4579 1648 4635 infante
1677 4578 1831 4642 Jesu,
1865 4594 2024 4647 quem
2058 4580 2109 4632 in

544 4665 575 4702 υ
602 4664 683 4702 IIIS
714 4660 901 4702 ρθειειι.

542 4660 683 4705 ulnis
714 4660 901 4705 2881M.

614 4694 615 4701 η
640 4666 683 4702 ts
833 4666 857 4701 a
889 4690 901 4703 .

614 4666 641 4758 τι
941 4720 1118 4781 Rom.;
1160 4719 1338 4773 cmteri
1369 4718 1501 4785 fere,
1534 4719 1586 4772 in
1617 4736 1715 4788 quo
1738 4720 1846 4774 loco
1874 4720 2117 4784 devotio;

545 4791 671 4853 Ed.,
700 4793 752 4843 in
800 4790 1023 4857 quodam
1063 4791 1195 4843 loco.
1255 4790 1419 4843 Porro
1462 4805 1526 4862 ex
1565 4789 1647 4844 his
1676 4807 1793 4854 quae
1819 4801 2116 4862 sequuntur

542 4871 687 4930 patet
712 4864 811 4914 hoc
842 4864 1219 4915 monasterium
1251 4863 1417 4913 beata:
1462 4860 1638 4914 Mariae
1677 4860 2113 4917 sacrum‘fuisse.

614 4943 637 4970 ο
679 4930 1000 5014 (.od:_[{om.
1029 4949 1041 4984 :
1070 4930 1405 5014 Cougregatio
1428 4933 1562 5014 enim
1584 4934 1750 5014 beata.
1777 4932 1879 4987 Ed.
1913 4946 1931 4988 :
1974 4931 2114 4986 Con-

540 5004 768 5074 greqatio
794 5002 966 5068 itaque
991 5005 1264 5071 garrula...
1296 5012 1513 5068 caperet,
1533 5002 1828 5072 uociferaut.

612 5062 640 5112 δ
678 5073 764 5127 Sic
794 5073 913 5126 cod.
938 5071 1076 5125 Clar.
1105 5088 1156 5125 a.
1175 5073 1363 5126 Caneri
1387 5087 1513 5126 vero
1534 5088 1652 5126 cum
1679 5073 1846 5127 Editis
1870 5070 2115 5140 ﬁdium,

541 5157 631 5199 aut
655 5144 851 5199 adimi.
885 5142 1155 5208 Nouuulli,
1188 5142 1409 5196 (editum.
1437 5144 1619 5207 Clict.,
1654 5145 1864 5197 tedium.

615 5225 642 5253 ⁸
684 5215 893 5269 Exinde
929 5223 1072 5283 patet
1124 5214 1413 5267 monachos
1465 5214 1529 5266 ad
1573 5215 1808 5269 officium
1851 5213 2109 5275 divinum,

541 5284 682 5355 quod
711 5285 797 5339 hic
836 5285 1125 5355 Gregorius
1165 5300 1400 5346 cursum,
1430 5295 1484 5337 ttt
1508 5285 1640 5340 alias
1670 5300 1811 5351 saepe
1859 5285 2112 5352 appellat,

541 5354 870 5410 convocandi
919 5354 1100 5408 curam
1149 5355 1216 5408 ad
1267 5354 1510 5408 abbatem
1559 5357 1912 5424 pertinuisse,
1969 5356 2111 5419 quod

541 5436 759 5480 sanctus
790 5426 849 5479 P.
883 5424 1195 5496 Benedictus
1220 5427 1417 5496 regula:
1437 5441 1546 5479 suae
1568 5442 1688 5493 cap.
1724 5429 1815 5493 47,
1851 5427 1925 5480 De
1950 5425 2116 5492 signi-

546 5497 747 5565 tlcauda
782 5496 908 5565 hora
950 5494 1127 5563 operis
1154 5494 1304 5561 Dei,'
1324 5497 1672 5565 praescripsit.
1724 5496 1907 5552 Codex
1934 5505 2113 5551 tamen

543 5564 687 5637 Clar.
710 5580 750 5637 7a
774 5563 929 5618 habet
956 5581 1236 5637 surgerem.

616 5632 638 5675 ¹
680 5636 903 5691 Crucem
927 5632 1248 5699 pectoralem
1271 5634 1410 5689 inter
1429 5644 1739 5691 ornamenta
1758 5650 1906 5691 sacra
1922 5636 2117 5703 quibus

543 5705 611 5762 ad
639 5704 1020 5765 celebrandum
1072 5707 1239 5762 utitur
1290 5718 1529 5764 summus
1568 5707 1804 5777 pontifex
1828 5746 1844 5774 ,
1874 5716 2120 5763 recenset

2146 4479 2197 4538 D

2217 1790 2599 1858 perduxerunt.
2628 1789 2867 1857 Cumque
2905 1804 2966 1843 se
3014 1796 3135 1857 post
3162 1788 3452 1841 matutinos
3482 1802 3675 1840 somno
3695 1788 3795 1841 de-

2216 1883 2454 1957 dissent,
2480 1880 2627 1935 venit
2655 1879 2876 1950 angelus
2895 1878 3196 1942 Doaiini,et
3226 1877 3403 1946 posuit
3430 1892 3594 1946 super
3622 1880 3797 1932 altare

2219 1972 2609 2029 multitudinem
2629 1971 2962 2026 innumeram
2982 1970 3123 2026 auri.
3148 1969 3461 2023 Erautenim
3493 1970 3632 2024 ostia
3661 1971 3798 2027 a-dis

2212 2062 2480 2121 obserata.
2517 2064 2847 2132 Exsurgente
2886 2071 3063 2115 autem
3110 2075 3265 2116 mane
3295 2061 3490 2116 abbate
3517 2076 3640 2116 eum
3681 2076 3799 2115 mo-

2220 2158 2403 2212 nachis
2433 2155 2499 2211 ad
2528 2154 2907 2210 celebrandum
2940 2169 3150 2208 cursum
3177 2198 3192 2222 ,
3227 2153 3472 2208 viderunt
3498 2154 3797 2209 multitudi-

2214 2265 2334 2305 nem
2365 2249 2479 2304 auri
2513 2262 2675 2317 super
2711 2246 2900 2301 altare.
2936 2247 2999 2301 Et
3019 2247 3095 2300 ait
3121 2247 3283 2301 abbas
3312 2250 3521 2301 custodi
3549 2262 3681 2301 aeota
3714 2246 3742 2285 ἀ
3773 2263 3790 2276 ·

2213 2342 2341 2409 Quis
2370 2339 2741 2410 praefectorum
2770 2352 2871 2392 nuc
2900 2352 3170 2407 Ingressus
3191 2352 3293 2404 est,
3318 2354 3406 2408 qut
3435 2348 3547 2393 haec
3568 2336 3797 2393 detulit?

2212 2431 2540 2499 Respondit:
2574 2429 2697 2484 Post
2723 2444 2998 2499 egressum
3029 2443 3264 2484 vestrum
3308 2431 3479 2485 nullus
3504 2434 3589 2485 hic
3610 2432 3792 2485 homi-

2212 2538 2337 2577 num
2368 2536 2647 2576 accessum
2676 2521 2880 2585 habuit,
2912 2522 3006 2576 sed
3037 2522 3156 2575 ostii
3190 2525 3388 2576 clavem
3420 2534 3673 2575 munitam
3706 2538 3792 2575 re-

2213 2612 2368 2679 tinui,
2412 2622 2468 2668 et
2506 2626 2712 2667 mecum
2763 2610 2941 2677 habui,
2968 2610 3141 2666 donec
3177 2626 3422 2682 surgeres
3459 2612 3524 2665 ad
3542 2626 3792 2666 commo-

2212 2707 2441 2762 vendum
2482 2706 2690 2777 signum
2724 2714 2773 2757 ο.
2804 2704 2957 2759 Tunc
2994 2716 3213 2775 stupens
3247 2705 3408 2760 abbas
3447 2720 3569 2760 cum
3601 2722 3797 2761 mona—

2217 2800 2354 2867 chis,
2382 2815 2573 2856 munus
2588 2799 3084 2855 cmlesteiutellexit
3115 2815 3128 2850 τ
3156 2800 3461 2869 gratiasque
3491 2799 3602 2855 Deo
3630 2814 3801 2870 agens

2212 2893 2443 2964 collegit,
2491 2890 2919 2960 comparatisque
2958 2890 3118 2943 victui
3185 2891 3535 2956 necessariis,
3583 2891 3799 2960 plebem

2215 2986 2473 3041 creditam
2507 2984 2790 3038 afﬂuenter
2812 2981 3019 3037 refecit.
3045 2981 3151 3036 Nec
3166 2982 3354 3036 mirum
3380 2983 3426 3038 si
3456 2981 3609 3037 beata
3633 2983 3798 3053 Virgo

2141 3098 2187 3161 ρ
2215 3078 2333 3135 sine
2362 3077 2543 3133 labore
2564 3078 2676 3129 suis
2721 3076 2937 3145 promlit
2983 3075 3204 3142 victum,
3237 3090 3355 3144 quae
3383 3075 3502 3130 sine
3521 3076 3668 3130 coitu
3697 3076 3797 3130 viri

2214 3169 2551 3238 concipiens,
2574 3167 2720 3237 virgo
2744 3166 3033 3235 permansit
3051 3177 3103 3221 et
3135 3176 3253 3236 post
3275 3176 3509 3236 partum.

2289 3262 2461 3332 Hujus
2508 3261 2677 3316 beata:
2732 3260 2968 3330 Virginis
3024 3259 3275 3328 reliquias
3325 3275 3445 3312 cum
3490 3270 3798 3315 sanctorum

2215 3353 2575 3425 apostolorum
2618 3350 2703 3405 vel
2746 3349 2887 3404 beati
2932 3349 3091 3422 735
3144 3348 3351 3403 Martini
3390 3350 3620 3419 quadam
3677 3352 3799 3406 vice

2215 3462 2375 3517 super
2414 3459 2500 3499 me
2549 3446 2602 3497 in
2643 3457 2801 3497 cruce
2828 3456 2990 3496 aurea
3024 3441 3225 3511 pOsitas
3271 3442 3610 3497 exhibebam.
3635 3442 3799 3495 Cum-

2216 3554 2321 3608 que
2348 3554 2441 3609 per
2488 3537 2627 3591 viam
2669 3534 3053 3605 graderemur,
3084 3535 3358 3605 conspicio
3391 3541 3525 3588 haud
3559 3537 3797 3604 procula

2218 3632 2299 3685 via
2331 3630 2675 3698 hOSpitiolum
2705 3627 2979 3697 cujusdam
3014 3629 3263 3695 pauperis
3296 3628 3537 3680 incendia
3568 3644 3798 3684 c0ttcre-

2219 3721 2371 3775 mari.
2432 3720 2557 3774 Erat
2610 3730 2786 3773 autem
2827 3732 2857 3771 a
2908 3716 3071 3782 foliis,
3123 3733 3243 3786 quas
3301 3718 3513 3787 ignibus
3567 3724 3798 3774 maxima

2220 3820 2471 3883 przestant
2522 3811 2777 3875 fomenta,
2820 3817 3150 3863 contectum.
3198 3807 3456 3864 Currebat
3488 3811 3650 3864 miser
3676 3827 3796 3865 cum

2218 3904 2400 3959 liberis
2428 3913 2480 3958 et
2511 3918 2677 3957 uxore
2724 3916 2914 3970 aquam
2945 3902 3257 3969 deportans,
3297 3902 3395 3957 sed
3425 3903 3657 3956 llanunze
3690 3921 3795 3959 non

2220 3998 2616 4066 mitigabantur.
2669 3994 2819 4048 Tunc
2859 4000 3150 4048 extractam
3198 4010 3226 4045 a
3266 4006 3484 4061 pectore
3526 4010 3740 4050 crucem
3773 3996 3791 4034 ί

2218 4091 2369 4146 elevo
2390 4097 2575 4145 contra
2605 4089 2780 4157 ignem
2804 4104 2819 4141 :
2863 4101 2987 4141 mox
3015 4086 3068 4141 in
3096 4097 3313 4156 aSpectu
3342 4099 3647 4142 sanctarum
3674 4092 3799 4144 reli-

2218 4225 2557 4281 Innocentius
2583 4226 2648 4280 ΙΙΙ
2676 4227 2727 4281 in
2760 4227 2894 4280 libro
2921 4228 2986 4281 tle
3009 4226 3272 4296 Mysteriis
3296 4227 3506 4293 missae;
3538 4228 3631 4281 sed
3658 4246 3786 4282 uus-

2218 4313 2374 4365 quam
2407 4299 2645 4351 invenies
2672 4300 2720 4366 id
2754 4299 2915 4351 fuisse
2947 4299 3215 4361 singulare
3255 4300 3516 4365 pontifice
3560 4301 3787 4353 llomini

2222 4368 2577 4436 privilegium,
2604 4375 2663 4421 ut
2687 4368 2960 4423 contendit
2994 4368 3301 4422 Vicecntues
3324 4370 3415 4421 lib.
3452 4385 3498 4421 tv
3529 4371 3597 4423 de
3617 4373 3793 4423 mis-2

2224 4444 2493 4508 Apparatu
2529 4453 2646 4506 cap.
2692 4440 2780 4492 δυ.
2814 4440 3013 4492 Morem
3048 4440 3194 4492 illum
3221 4454 3322 4491 non
3354 4441 3487 4493 adeo
3515 4442 3793 4509 antiquum

2221 4525 2342 4563 esse
2372 4509 2574 4578 colligit
2601 4512 2702 4577 pia}
2728 4510 2998 4562 memoria:
3024 4509 3308 4563 cardinalis
3348 4509 3384 4562 ll
3409 4527 3489 4563 una
3523 4511 3593 4563 lib
3624 4525 3641 4563 ι
3692 4512 3795 4566 Re-

2224 4596 2338 4632 rtttn
2373 4580 2620 4645 Liturgic.
2653 4596 2771 4645 cap.
2810 4578 2881 4630 24
2919 4596 3063 4631 num.
3095 4580 3160 4632 10
3185 4621 3200 4642 ,
3235 4580 3375 4648 quod
3406 4581 3581 4633 crucis
3616 4591 3796 4646 pecto-

2223 4651 2349 4703 ralis
2372 4652 2568 4703 mentio
2597 4665 2852 4717 nusquam
2880 4652 2928 4702 iu
2953 4650 3220 4705 veteribus
3248 4652 3683 4705 sacratueutariis
3703 4668 3796 4706 oc-

2221 4730 2418 4773 eurrat.
2452 4719 2614 4772 Vetus
2644 4732 2723 4773 est
2756 4729 2931 4774 tamen
2957 4721 3284 4773 cun~uetutlo
3315 4720 3583 4775 deferendi
3607 4737 3799 4777 cruces

2223 4791 2361 4844 collo
2390 4805 2653 4859 appensas
2673 4831 2687 4856 ,
2718 4792 2768 4843 in
2806 4792 2997 4859 quibus
3020 4803 3324 4844 saneturqu
3353 4794 3587 4859 reliquit}:
3617 4796 3797 4845 cauti-

2223 4873 2451 4925 nentur,
2476 4870 2532 4913 ut
2554 4862 2636 4913 vel
2666 4876 2732 4914 ex
2777 4859 2877 4915 hoc
2911 4860 3149 4927 Gregorii
3190 4865 3305 4915 loco
3344 4864 3590 4929 colligere
3644 4863 3795 4917 licet.

2222 4930 2379 4984 Certe
2409 4932 2695 4999 Gregorius
2733 4930 2954 5000 Magnus
2998 4933 3324 5001 phylacteria
3358 4947 3524 4986 sacris
3555 4933 3799 4999 reliquiis

2222 5003 2412 5055 referta
2462 5002 2527 5053 ad
2579 5002 2773 5055 collum
2825 5015 3084 5067 suspensa
3137 5002 3429 5060 deferebat.
3488 5003 3560 5056 uti
3618 5014 3800 5058 narrat

2218 5071 2450 5125 Joannes
2482 5071 2652 5133 Diac.,
2679 5070 2770 5125 lib.
2790 5086 2841 5124 tv
2871 5086 2988 5139 cap.
3016 5074 3102 5125 80.
3138 5072 3468 5142 Phylacteria
3498 5082 3679 5128 autem
3709 5075 3801 5129 illa

2218 5142 2849 5214 cruceminterpretatur
2879 5144 3006 5214 ipse
3039 5142 3328 5212 Gregorius
3352 5184 3368 5210 ,
3401 5144 3495 5197 lib.
3531 5160 3603 5199 stt
3636 5147 3798 5214 epist.

2219 5213 2272 5275 7,
2307 5215 2371 5265 ad
2401 5213 2843 5266 'l‘heodeliutlatn.
2871 5212 2977 5268 Sed
3015 5216 3273 5284 ejusmodi
3304 5228 3494 5269 cruces
3535 5230 3641 5269 non
3678 5212 3802 5284 epi-

2219 5285 2370 5350 scopi
2397 5285 2589 5347 solum,
2610 5297 2793 5337 verum
2818 5284 2976 5337 etiam
3002 5284 3118 5337 laici
3142 5282 3467 5339 deferebant.
3502 5286 3631 5339 Nam
3661 5282 3797 5340 idem

2222 5355 2474 5423 pontifex,
2508 5353 2598 5408 lib.
2629 5368 2663 5406 tt
2690 5362 2848 5419 epist.
2873 5353 2927 5415 5,
2957 5354 3214 5423 Dynamio
3243 5356 3463 5419 patricio
3488 5356 3799 5409 transmittit

2219 5440 2417 5478 crucem
2469 5424 2754 5489 parvulum,
2790 5424 2971 5493 inqua
3004 5426 3071 5477 de
3118 5426 3318 5478 catenis
3362 5427 3498 5479 beati
3547 5426 3709 5486 Petri,
3740 5435 3797 5478 et

2221 5496 2288 5550 de
2317 5496 2488 5548 sancti
2518 5494 2785 5547 Laurentii
2815 5495 3067 5547 craticula
3122 5495 3317 5563 aliquid
3370 5499 3623 5548 insertum
3652 5506 3790 5559 erat,

2223 5576 2381 5629 utea,
2430 5567 2597 5632 inquit
2622 5604 2637 5628 ,
2672 5576 2834 5617 vestra
2856 5564 2991 5616 colla
3020 5581 3052 5617 a
3089 5569 3307 5630 peccatis
3348 5568 3562 5618 solvant.
3592 5565 3794 5619 Confer

2223 5637 2381 5705 epist.
2414 5633 2446 5688 6
2478 5635 2591 5687 llbl‘l
2622 5649 2654 5685 v
2685 5638 2751 5687 ad
2780 5633 3205 5705 Childebertumr
3235 5651 3435 5704 regem.
3487 5636 3678 5689 Mirum
3709 5645 3794 5689 est

2223 5702 2413 5775 quanti
2462 5704 2717 5773 ponderis
2765 5718 2975 5768 _cruces
3037 5702 3210 5762 Graeci
3258 5702 3607 5775 imperatores
3658 5707 3797 5762 collo
