4020 6194
275 306 374 360 ἾΠ

1094 309 1582 366 MIRACULORUM
1626 309 1752 365 LIB.
1788 311 1823 362 1.
1869 311 1954 364 DE
1993 311 2244 368 GLORIA
2285 309 2689 370 MARTYP-UM.

3421 321 3520 374 713

271 425 518 493 quiarum
548 425 616 477 ita
641 435 862 479 cunctus
885 425 1018 496 ignis
1041 427 1333 494 obstupuit,
1359 442 1418 479 ac
1449 428 1489 480 si
1525 442 1626 480 non
1663 429 1846 480 fuisset
1880 431 1919 482 A
1949 424 2163 493 globum
2214 441 2463 495 magnum
2516 425 2651 495 ignis
2691 441 2850 496 super
2884 429 3064 483 urbem
3088 427 3436 497 descendere,
3466 445 3522 490 et

272 530 552 571 aereus-us.

871 611 1097 666 CAPUT
1138 611 1250 665 XII.

676 722 753 778 De
771 734 944 777 sancto
974 723 1173 777 Joanne
1191 722 1443 790 Baptista.

339 839 578 894 JOannes
608 847 634 875 ⁸
667 854 793 894 vero
819 839 1049 906 Baptista
1075 848 1191 892 astu
1224 838 1448 894 llerodis
1478 854 1570 906 per
1594 838 1846 892 Herodia-

270 930 392 984 dem
423 946 642 986 uxorem
668 930 864 995 fratris,
894 930 950 984 in
973 945 1242 985 carcerem
1271 930 1695 999 colligatur(An.
1729 928 1844 998 50).

280 1023 423 1077 fune
456 1024 710 1092 temporis
753 1038 781 1076 a
826 1023 1016 1078 Galliis
1046 1031 1290 1077 matrona
1317 1021 1556 1091 quaedam
1588 1021 1845 1076 Hieroso-

269 1115 432 1184 lymis
480 1114 704 1179 abierat,
755 1127 851 1182 pro
899 1113 1185 1168 devotione
1220 1122 1448 1174 tantum,
1473 1120 1528 1165 ut
1559 1111 1766 1165 Domini
1793 1120 1848 1166 et

266 1207 565 1261 Salvatoris
619 1206 786 1260 nostri
844 1207 1181 1275 praesentiam
1257 1213 1570 1260 mereretur.
1627 1205 1849 1258 Audivit

265 1310 448 1353 autem
490 1297 631 1368 quod
689 1297 877 1352 beatus
916 1297 1150 1353 Joannes
1197 1297 1555 1353 decollaretur
1604 1295 1726 1365 (An.
1779 1295 1841 1351 51

266 1400 360 1442 aut
387 1388 482 1458 59.)
546 1403 743 1442 :cursu
773 1388 896 1442 illuc
924 1387 1105 1456 rapido
1151 1387 1339 1450 tendit,
1379 1388 1624 1457 datisque
1663 1402 1847 1440 mune-

265 1482 419 1534 ribus
461 1481 729 1550 supplicat
773 1482 1098 1548 percussori,
1149 1493 1204 1534 ut
1231 1496 1348 1534 eam
1390 1481 1700 1550 sanguinem
1747 1479 1843 1532 de-

265 1573 523 1626 ﬂuentem
575 1571 828 1641 colligere
890 1573 1224 1640 permitteret
1276 1587 1381 1626 non
1428 1573 1599 1627 arceri
1643 1570 1692 1624 ι).
1750 1571 1844 1624 lllo

262 1674 445 1718 autem
497 1664 870 1732 percutiente,
914 1674 1154 1717 matrona
1210 1666 1468 1718 concham
1536 1671 1841 1733 argenteam

266 1767 556 1824 praeparat,
580 1764 932 1824 truncatoque
970 1756 1217 1825 martyris
1247 1755 1440 1824 capite,
1474 1769 1715 1809 cruorem
1744 1754 1838 1808 de-

262 1858 388 1902 vota
417 1849 692 1917 suscepit:
745 1863 901 1918 quem
953 1845 1236 1918 diligenter
1281 1847 1333 1901 in
1382 1846 1614 1916 ampulla
1644 1858 1665 1886 ε
1703 1848 1842 1917 posi-

261 1951 378 1993 tum
410 1940 635 2008 patriam
692 1940 907 2002 detulit.
963 1951 1016 1995 et
1069 1941 1205 2007 apud
1251 1940 1600 1995 Vasatensem
1633 1941 1840 2009 urbem,

264 2033 530 2086 aediﬁcata
570 2032 624 2087 in
670 2032 788 2103 ejus
822 2033 1023 2088 honore
1057 2033 1286 2088 ecclesia
1316 2031 1364 2098 ἀ,
1395 2035 1445 2087 in
1473 2045 1658 2089 sancto
1687 2035 1839 2089 altari

265 2124 568 2180 collocavit.

859 2220 1085 2274 CAPUT
1127 2220 1261 2274 XIII.

522 2332 597 2388 De
625 2351 822 2404 gemma
862 2332 1126 2389 Vasatemt'
1166 2346 1291 2388 nata
1329 2336 1586 2390 diuinitus.

338 2449 504 2521 736
575 2451 836 2514 Quoniam
899 2449 1204 2506 Vasatensis
1273 2452 1420 2505 orbis
1481 2453 1838 2517 meminimus,

259 2554 450 2610 operae
473 2543 702 2608 pretium
737 2553 863 2607 puto
889 2543 1204 2597 miraculum
1234 2544 1375 2612 quod
1414 2543 1465 2597 in
1493 2558 1553 2597 ea
1589 2544 1842 2598 Dominus

261 2631 491 2700 largitus
518 2640 600 2687 est
625 2647 944 2687 memorare.
970 2632 1237 2698 Tempore
1280 2648 1386 2701 quo
1420 2634 1668 2688 diuturna
1692 2635 1841 2689 obsi-

261 2723 431 2782 dione
452 2724 751 2778 vallabatur
773 2740 802 2778 a
824 2722 1026 2778 Chttuis
1047 2735 1094 2791 ε,
1119 2726 1263 2779 οηιηί
1295 2735 1449 2779 nocte
1473 2727 1723 2782 sacerdos
1752 2728 1840 2796 qui

263 2824 501 2885 prmerat
539 2814 800 2869 circuibat
844 2815 1143 2880 psallendo,
1175 2823 1230 2870 et
1263 2815 1482 2881 orabat;
1515 2830 1611 2870 nec
1635 2817 1702 2868 ab
1731 2817 1841 2869 ullo

262 2905 548 2974 auxilium,
603 2907 703 2960 nisi
749 2921 778 2959 a
835 2905 1041 2959 Domini
1089 2906 1459 2960 misericordia
1514 2906 1838 2975 requirebat.

262 2997 594 3051 Ilortabatur
639 3012 827 3052 omnes
877 3011 1033 3050 orare
1078 3006 1270 3051 etnon
1313 2997 1560 3064 deiicere,
1592 3014 1839 3053 asserens

262 3087 497 3141 humiles
543 3101 728 3155 preces
768 3086 1022 3141 cmlorum
1066 3085 1256 3155 januas
1310 3098 1608 3154 penetrare.
1661 3089 1839 3144 Hostis

1953 518 2029 570 ait
2058 534 2071 570 :
2105 517 2162 574 Si
2189 526 2373 572 contra
2404 532 2501 573 nos
2547 520 2600 573 bi
2655 519 2860 576 obsessi
2904 523 3288 579 contumaciter
3333 538 3519 595 agunt,

1953 623 2052 663 nec
2081 624 2179 664 nos
2218 619 2482 676 metuunt,
2540 610 2621 665 vel
2665 612 2900 668 ctelcstis
2954 629 3051 668 eos
3097 615 3172 669 ira
3223 628 3519 675 consumet.

1952 700 2188 770 Cumque
2235 716 2338 755 non
2368 701 2573 757 videret
2604 703 2767 759 ullum
2799 705 2865 759 ab
2896 706 3029 760 urbe
3055 706 3360 763 incendium
3391 725 3522 764 con-

1950 805 2189 859 surgere,
2219 792 2365 846 misit
2415 793 2607 847 iterum
2650 794 2979 864 interrogare
3022 812 3138 866 qum
3188 811 3367 853 essent
3405 818 3522 869 quae

1951 882 2174 936 viderat.
2219 884 2376 954 737
2408 883 2661 940 Similiter
2690 898 3020 957 negaverunt
3062 889 3193 944 niltil
3219 905 3278 945 se
3303 894 3523 947 omnino

1951 975 2167 1031 vidisse.
2201 978 2350 1031 'l'unc
2393 993 2485 1033 rex
2541 977 2864 1034 Gausericus
2906 991 2932 1028 Β
2980 984 3049 1034 ait
3095 1001 3108 1037 :
3171 984 3226 1038 Si
3277 985 3391 1040 lucc
3436 987 3522 1041 isti

1950 1067 2215 1133 nesciunt,
2266 1069 2606 1122 manilesmm
2637 1077 2720 1122 est
2757 1072 2896 1138 quod
2929 1071 3068 1126 Deus
3098 1089 3281 1128 eorum
3309 1075 3526 1144 adjuvat

1948 1170 2060 1208 eos.
2111 1157 2177 1211 Et
2203 1159 2380 1211 statim
2411 1159 2657 1214 discessit
2699 1174 2729 1213 a
2759 1161 2877 1215 loco
2903 1162 3013 1216 illo.
3043 1164 3309 1218 Sacerdos
3340 1178 3518 1221 autem

1946 1247 2256 1301 Convocatis
2283 1249 2487 1304 civibus
2509 1250 2715 1321 vigilias
2743 1252 2998 1316 celebrat,
3032 1267 3084 1308 et
3106 1257 3390 1311 missarum
3416 1263 3525 1328 agit

1949 1339 2079 1390 l'csta
2103 1334 2131 1372 ιι
2184 1354 2278 1408 pro
2319 1339 2634 1396 liberatione
2689 1345 2869 1411 populi
2901 1344 3005 1402 sui.
3033 1347 3161 1401 Dum
3198 1358 3375 1404 autem
3411 1350 3526 1407 haec

1945 1441 2147 1498 ageret,
2193 1435 2485 1502 respiciens
2531 1451 2742 1490 sursum
2786 1439 2921 1492 vidit
2946 1455 3105 1510 super
3151 1443 3340 1514 altare,
3373 1447 3523 1514 qua~i

1946 1523 2012 1575 de
2034 1536 2246 1577 camera
2277 1521 2293 1559 ί
2331 1524 2535 1592 templi,
2563 1527 2757 1583 cadere
2788 1537 2896 1584 tres
2918 1542 3116 1601 guttas,
3151 1535 3381 1604 aequales
3414 1553 3525 1589 ma-

1947 1614 2241 1682 guitudine,
2268 1614 2532 1680 claritate,
2560 1626 2615 1672 et
2643 1620 2928 1676 candorem
2949 1627 3184 1693 crystalli
3215 1629 3522 1682 vincentes.

1947 1704 2186 1773 Cumque
2224 1719 2411 1760 omnes
2459 1720 2578 1789 cum
2625 1707 2976 1767 admiratione
2999 1724 3052 1768 et
3099 1724 3319 1785 stupore
3360 1719 3523 1774 velte-

1873 1792 1920 1852 Β
1950 1798 2112 1850 menti
2137 1797 2496 1863 intenderent,
2538 1815 2735 1870 easque
2779 1803 2956 1858 nullus
2991 1808 3212 1864 auderet
3237 1813 3520 1881 attingere,

1947 1887 2133 1941 Petrus
2161 1890 2375 1957 quidam
2422 1891 2720 1962 presbyter,
2763 1894 2875 1963 qui,
2909 1906 2967 1949 ut
3012 1913 3096 1953 res
3147 1900 3258 1969 ipsa
3304 1904 3514 1968 asserit,

1946 1981 2118 2041 magni
2147 1981 2318 2034 meriti
2366 1989 2513 2046 erat,
2553 1984 2788 2039 exhibita
2819 1999 3068 2056 argentea
3094 2000 3313 2057 patena,
3340 2003 3516 2063 guttas

1943 2072 2196 2139 colligere
2219 2071 2406 2126 nititur
2430 2089 2443 2136 ;
2477 2088 2594 2142 qua:
2615 2077 2739 2128 dum
2765 2091 2858 2144 per
2886 2079 3053 2134 altare
3085 2097 3217 2150 vago
3245 2099 3402 2139 cursu
3431 2102 3519 2140 ro-

1947 2165 2144 2220 tantur,
2175 2156 2470 2213 deﬂuentes
2502 2159 2555 2214 in
2599 2160 2768 2230 ipsam
2801 2173 3046 2232 patenam
3072 2208 3086 2231 ,
3118 2171 3300 2223 statim
3351 2173 3406 2226 in
3459 2188 3519 2229 se

1944 2247 2244 2316 conjuncta:
2265 2291 2279 2314 ,
2305 2250 2457 2318 quasi
2482 2267 2636 2304 unam
2667 2268 2929 2322 gemmam
2954 2259 3365 2325 pulcherrimam
3392 2265 3519 2321 εσθ-

1943 2341 2471 2410 ceiunt:patuitque
2521 2341 2754 2398 evidenti
2799 2345 3005 2402 ratione
3056 2359 3240 2405 contra
3282 2354 3515 2425 iniquam

1941 2443 1994 2484 et
2026 2431 2132 2486 Deo
2153 2432 2401 2488 odibilem
2428 2434 2678 2490 Arianam
2720 2436 2990 2505 haeresim,
3018 2457 3139 2512 quae
3178 2459 3244 2499 eo
3269 2455 3511 2516 tempore

1946 2525 2257 2592 pullulabat,
2289 2526 2403 2582 hate
2431 2537 2570 2583 acta.
2603 2531 2960 2600 Aguitumque
3000 2544 3084 2590 est
3121 2549 3360 2594 sanctam
3404 2542 3516 2596 Tri-

1945 2619 2185 2684 nitatem,
2215 2618 2270 2672 in
2297 2633 2399 2672 una
2430 2620 2833 2686 omnipotentiae
2863 2627 3169 2693 aequalitate
3194 2647 3515 2697 ruttnexam,

1944 2711 2100 2765 nullis
2126 2712 2579 2780 garrulationibus
2607 2728 2763 2783 posse
2814 2715 3067 2787 disjungi.
3119 2719 3269 2774 Tunc
3305 2724 3516 2791 gavisus

1945 2802 2190 2871 populus,
2237 2811 2293 2857 et
2336 2803 2638 2873 intelligens
2687 2821 2880 2860 munus
2923 2807 3025 2862 sibi
3057 2809 3319 2864 indultum
3350 2811 3517 2868 fuisse

1944 2895 2212 2960 divinitus,
2264 2895 2546 2950 conferens
2584 2911 2769 2950 aurum
2821 2913 3166 2970 gemmasque
3217 2903 3513 2972 pretiosas,

1944 3002 2157 3043 crucem
2189 2987 2334 3054 fecit,
2367 2988 2422 3042 in
2444 3003 2542 3058 qua
2571 2987 2708 3042 hanc
2730 3005 2992 3059 gemmam
3020 2995 3228 3049 statult.
3263 2996 3365 3051 Sed
3388 3013 3517 3066 pro-

1945 3080 2084 3133 tinus
2123 3093 2311 3134 onmes
2360 3079 2577 3148 reliquae
2604 3095 2828 3148 gemmae
2858 3081 2956 3136 hac
2986 3085 3275 3141 accedente
3303 3094 3515 3149 cecide~

263 3193 404 3230 νει-ο
427 3177 477 3231 in
510 3177 734 3232 circuitu
765 3176 1195 3242 depopulabatur
1223 3176 1376 3231 villas
1396 3219 1412 3243 ,
1441 3179 1630 3233 domos
1656 3180 1832 3233 trade.
1862 3159 1912 3225 C
1942 3176 2083 3223 runt.
2113 3167 2265 3222 Tunc
2292 3167 2526 3238 pontifex
2558 3170 2860 3239 intelligens
2889 3187 2994 3226 non
3023 3189 3144 3230 eSse
3182 3181 3509 3238 consortium

262 3269 363 3321 bat
392 3267 656 3332 incendio,
671 3281 830 3337 agros
858 3267 1146 3336 vineasque
1167 3268 1448 3336 pecoribus
1474 3271 1832 3328 intromissis‘

261 3357 549 3411 vastabat:
598 3358 692 3412 sed
728 3357 992 3412 sacerdoti
1034 3357 1176 3411 bono
1207 3360 1356 3428 operi
1406 3361 1834 3416 insistenticelc-

263 3449 402 3502 riter
451 3449 620 3502 virtus
670 3447 846 3502 divina
895 3447 1082 3502 adfuit.
1127 3446 1236 3501 Una
1289 3447 1440 3520 [Ed.,
1485 3450 1639 3523 Nam]
1684 3461 1838 3507 ni-cte

261 3538 442 3592 visum
473 3546 557 3592 est
602 3539 698 3606 ipsi
734 3541 1080 3592 barbarorum
1115 3540 1222 3607 regi
1255 3540 1406 3606 quasi
1432 3542 1714 3608 psallentes
1744 3542 1840 3596 lto-

264 3629 444 3683 ntines
472 3628 524 3682 in
555 3630 889 3684 vestimentis
917 3629 1055 3684 albis
1079 3669 1094 3694 ,
1120 3631 1360 3684 accensis
1387 3631 1583 3696 cereis,
1612 3634 1840 3688 circuire

266 3735 458 3775 muros
486 3721 655 3775 urbis.
701 3720 768 3774 Et
813 3720 1120 3790 indignans,
1165 3723 1236 3773 ait
1271 3739 1282 3772 :
1315 3721 1445 3787 Quae
1467 3733 1548 3777 est
1569 3724 1684 3777 bazc
1715 3742 1838 3793 per-

264 3815 497 3867 versitas
524 3821 578 3868 et
603 3813 862 3866 securitas
902 3827 1060 3877 vana,
1097 3821 1152 3866 ut
1181 3814 1406 3877 obsessi,
1439 3817 1587 3882 quasi
1618 3816 1839 3885 despec-

264 3906 338 3959 tis
369 3904 542 3968 nobis,
569 3903 793 3958 canticis
825 3903 1005 3958 nescio
1034 3903 1224 3972 quibus
1247 3919 1310 3958 ac
1333 3905 1574 3959 laudibus
1606 3917 1837 3974 perstre-

267 3995 439 4063 pant?
481 4010 608 4050 vere
658 3996 778 4064 quia
823 3995 965 4064 digni
1015 4003 1141 4049 sunt
1194 3996 1506 4062 perditione.
1549 3997 1613 4051 Et
1660 4001 1836 4052 statim

265 4088 416 4142 misit
445 4086 509 4140 ad
535 4086 720 4140 urbem
755 4086 968 4139 nuntios
988 4125 1005 4149 ,
1039 4085 1430 4153 interrogantes
1455 4085 1581 4154 quid
1609 4087 1708 4142 sibi
1737 4088 1835 4142 ista

266 4181 456 4234 velint.
499 4181 568 4233 At
594 4180 666 4232 illi
717 4187 910 4247 negant
939 4178 1076 4232 scire
1103 4192 1160 4233 se
1201 4195 1319 4247 qua:
1349 4179 1598 4234 dicuntur
1618 4225 1632 4248 ,
1664 4196 1838 4251 neque

268 4274 338 4327 de
367 4272 434 4325 iis
459 4271 635 4340 aliqua
667 4268 1151 4340 persensisse.Alia
1179 4284 1303 4322 vero
1326 4278 1505 4334 nocte,
1535 4271 1666 4325 vidit
1685 4271 1834 4341 quasi

265 4440 531 4496 appensas
559 4432 827 4495 gestarent
851 4464 866 4488 ,
895 4437 1026 4496 quas
1059 4422 1177 4476 ideo
1198 4422 1439 4496 encolpia
1469 4424 1831 4493 appellabant,

266 4495 410 4568 quod
451 4511 611 4568 supra
660 4505 845 4568 pectus
886 4495 1194 4561 penderent.
1235 4495 1546 4568 Praeclaram
1575 4496 1833 4568 ejusmodi

267 4564 521 4629 crucem,
579 4564 772 4632 duplici
829 4574 1134 4617 transverso
1188 4564 1442 4617 munitam
1495 4580 1556 4618 ac
1611 4566 1833 4620 viviﬂcm

265 4641 440 4693 crucis
465 4653 566 4689 non
601 4636 822 4689 modicis
865 4633 1139 4700 particulis
1169 4634 1387 4687 dilatam
1411 4673 1426 4694 .
1455 4645 1637 4688 nostro
1662 4638 1832 4691 sancti

268 4708 520 4762 Germani
565 4723 592 4758 a
627 4707 796 4760 Pratis
845 4704 1166 4758 monasterio
1215 4705 1558 4758 serenissima
1590 4708 1833 4774 princeps

267 4780 506 4832 Palatina
535 4785 850 4831 testamento
891 4789 990 4829 suo
1031 4777 1220 4841 legavit
1260 4790 1400 4827 anno
1431 4774 1586 4832 1;.85.
1623 4792 1778 4842 quam
1802 4795 1831 4832 a

267 4850 510 4903 Manuele
562 4847 833 4901 Contneno
885 4847 1203 4913 imperatore
1248 4845 1360 4898 Con
1395 4845 1832 4914 tantinopolitano

265 4922 457 4971 tactam
509 4919 671 4972 fuisse
720 4917 952 4970 indicant
1007 4917 1111 4967 duo
1139 4929 1327 4967 versus
1373 4914 1425 4968 in
1476 4920 1592 4981 ejus
1632 4919 1830 4984 postica

266 5000 418 5054 parte
470 4987 735 5054 insculpti.
768 4989 1034 5040 Cteterum
1085 4985 1240 5038 hodie
1282 4987 1330 5037 in
1380 4985 1551 5039 Gallia
1594 4989 1830 5055 episc0pi

267 5073 478 5112 erucem
520 5058 836 5127 pectoralem
877 5056 1344 5127 collorappensam
1382 5057 1579 5123 jugiter
1620 5055 1830 5113 deferre

266 5125 645 5199 soletit,gquod
702 5127 940 5199 plerique
995 5125 1214 5199 abbates
1257 5129 1560 5199 regulares,
1593 5131 1832 5197 exceptis

266 5196 742 5264 Cistercieitsibus,
773 5208 826 5251 et
853 5196 1138 5250 abbatissa:
1180 5197 1370 5248 imitari
1396 5200 1645 5262 gaudent.

344 5278 372 5306 ⁸
414 5269 466 5322 In
506 5269 656 5323 Colb.
708 5279 808 5322 tttt.
861 5281 980 5335 pom
1019 5265 1288 5334 prologqu
1339 5267 1519 5333 incipit
1573 5269 1707 5320 liber
1763 5269 1830 5323 ab

267 5345 371 5395 isto
398 5342 590 5410 capite,
613 5340 860 5410 quodque
888 5338 958 5391 ibi
983 5339 1209 5406 primum
1240 5338 1434 5389 dicitur
1455 5375 1470 5399 ,
1496 5346 1550 5390 et
1578 5339 1655 5391 sic
1673 5338 1827 5393 dein-

266 5428 410 5465 ρρινς.

332 5427 549 5534 ιιῖςζ’[ζάὶιί
575 5521 588 5542 ,
615 5491 667 5532 ut
695 5480 806 5533 ei...
839 5477 1160 5548 permitteret.
1195 5475 1318 5530 Illo.
1359 5476 1568 5546 Aliquot
1592 5477 1742 5543 Mss.,
1773 5488 1827 5532 ut

269 5569 397 5614 eam,
417 5563 547 5613 etc.,
575 5563 631 5604 ιιι
659 5552 818 5604 Editi.

343 5636 364 5660 ε
407 5625 536 5676 llud.
560 5620 702 5676 Clar.
737 5636 789 5688 a,
821 5621 871 5671 in
893 5622 1156 5686 mappula.

340 5702 367 5729 ι
405 5694 735 5747 Catbedralis
771 5691 990 5744 ecclesia
1026 5689 1326 5762 Vasatensis
1355 5691 1614 5762 hodieque
1642 5702 1824 5746 sancto

270 5763 458 5820 Joanai
487 5764 737 5832 Baptista:
765 5775 914 5819 sacra
944 5767 1026 5816 est
1047 5799 1064 5829 ,
1088 5761 1140 5816 in
1173 5776 1273 5831 qua
1301 5765 1496 5820 servari
1519 5761 1823 5820 etiamnunc

1940 3259 2250 3315 caelestibus
2293 3274 2411 3314 cum
2466 3261 2716 3328 terrenis,
2761 3261 3015 3318 fabricata
3067 3281 3227 3324 cruce
3268 3285 3334 3325 ex
3381 3278 3516 3330 aurt'

1943 3351 2248 3418 purissimo,
2270 3366 2386 3406 eam
2414 3366 2678 3421 gemmam
2709 3354 2886 3408 media
2908 3355 3309 3427 intercapedine
3339 3363 3509 3430 locat,

1939 3449 1994 3495 et
2033 3443 2230 3512 populo
2283 3441 2608 3497 adorandam
2639 3445 2861 3513 praebet.
2893 3445 3002 3502 Nec
3027 3464 3194 3517 mora,
3219 3452 3419 3524 fugato,
3454 3472 3512 3513 ut

1939 3531 2200 3596 diximus.
2259 3534 2432 3598 hoste,
2473 3536 2662 3590 civitas
2715 3538 2938 3592 liberata
2980 3551 3082 3594 est.
3133 3543 3249 3599 Jam
3299 3563 3363 3601 ex
3409 3550 3510 3605 hoc

1941 3626 2096 3680 multi
2140 3627 2335 3682 inﬁrmi
2384 3628 2575 3685 hausto
2624 3632 2747 3685 vino
2794 3633 2877 3686 vel
2920 3650 3055 3703 aqua
3087 3636 3137 3690 in
3170 3649 3270 3707 qua
3299 3655 3510 3708 gemma

1940 3717 2194 3782 abluitur,
2226 3720 2468 3787 protinus
2507 3723 2722 3776 sanitati
2761 3724 3075 3780 redduntur.
3119 3728 3355 3799 Denique
3384 3749 3507 3788 cum

1939 3812 2156 3864 adorata
2212 3811 2389 3878 fuerit,
2441 3814 2484 3866 si
2535 3827 2568 3866 a
2613 3825 2830 3883 peccato
2851 3825 2934 3870 est
2959 3817 3121 3873 homo
3151 3820 3424 3891 immunis,
3457 3837 3510 3880 et

1942 3904 2054 3970 ipsa
2077 3910 2299 3971 apparet
2324 3903 2467 3956 clara
2503 3922 2517 3957 :
2547 3916 2796 3959 caeterum
2827 3905 2892 3969 si,
2928 3915 2984 3960 ut
3024 3909 3336 3979 plerumque
3360 3929 3510 3968 asso-

1941 3994 2034 4060 let,
2064 3993 2308 4047 humana:
2332 3992 2601 4061 fragilitati
2623 3995 2816 4065 aliquid
2833 3998 3082 4052 detulerit
3109 4001 3368 4068 criminis,
3393 4015 3507 4061 tota

1938 4086 1984 4136 ei
2019 4083 2225 4137 videtur
2267 4083 2489 4138 obscura
2517 4126 2533 4148 ,
2560 4085 2855 4154 miramque
2886 4087 3088 4155 prabet
3124 4089 3504 4149 discretionem

1938 4176 2078 4230 inter
2110 4178 2446 4230 innocentem
2476 4177 2639 4246 738
2692 4187 2745 4230 et
2775 4178 2989 4231 noxium
3019 4195 3033 4244 ;
3089 4195 3207 4234 cum
3251 4184 3338 4239 ttni
3365 4197 3508 4251 atra,

1937 4267 2090 4321 alteri
2113 4276 2435 4320 monstretur
2460 4268 2754 4334 splendida.

1937 4426 2129 4506 dicitur
2153 4424 2352 4493 aliquid
2379 4425 2449 4479 de
2494 4427 2750 4494 sanguine
2795 4428 3036 4496 ejusdem
3083 4429 3220 4485 beati
3260 4449 3497 4501 prmcur-

1939 4513 2096 4550 SOI'IS.

1864 4537 1916 4596 Β
1939 4537 2289 4638 W'fMAquuol
2317 4567 2463 4628 Mss.,
2496 4569 2558 4620 ab
2581 4567 2790 4622 Hunnis
2811 4609 2824 4628 ,
2853 4569 2990 4638 quod
3022 4571 3160 4626 idem
3185 4582 3285 4626 est.

2012 4635 2032 4674 τ
2077 4635 2202 4695 Mss.
2231 4637 2302 4708 27,
2327 4639 2833 4708 pccorajntromisxa
2851 4635 2883 4707 ,⁷
2903 4641 3140 4694 adhibito
3166 4653 3356 4708 quarto
3385 4662 3508 4702 casu

1939 4707 2058 4759 loco
2086 4709 2240 4786 sexti.
2267 4707 2466 4786 'I‘amen
2490 4707 2642 4762 Colb.
2677 4719 2843 4763 tut.et
2873 4711 3014 4765 Clar.
3049 4712 3082 4767 b
3112 4707 3390 4782 lt:tbent,et
3423 4735 3509 4780 pe-

1936 4793 2058 4829 cora
2088 4781 2400 4831 intromissa.

2010 4856 2043 4923 8_
2076 4847 2419 4923 Gensericum
2454 4848 2806 4923 Vandalorum
2859 4869 3035 4922 regem
3079 4855 3216 4920 apud
3244 4857 3503 4923 quosdam

1938 4920 2183 4995 antiquos
2212 4917 2524 4995 Gaiiericttm
2572 4920 2769 4995 dictum
2821 4917 3054 4990 invenio,
3112 4917 3201 4995 qui
3250 4917 3385 4978 forte
3418 4927 3506 4980 ltic

1938 4990 2263 5058 designatur.
2310 4989 2644 5044 Pnel‘erenda
2689 5002 2862 5047 tamen
2902 4989 3278 5049 videtur'esse
3308 4995 3504 5049 Valein

1933 5061 2192 5112 sententia
2222 5061 2522 5119 scribentis.
2556 5063 2620 5114 ad
2662 5077 2858 5116 annum
2909 5065 3035 5128 437,
3083 5076 3228 5118 ιοωο
3258 5065 3274 5117 Ι
3303 5065 3500 5121 lterum

1935 5129 2200 5201 Francic.,
2233 5129 2370 5183 hunc
2399 5130 2741 5186 Gausericum
2777 5150 2951 5201 regem
2976 5135 3137 5188 fuisse
3166 5136 3496 5201 Chunorum,

1933 5214 2028 5273 seu
2062 5200 2392 5260 Hunnorum,
2439 5216 2574 5273 quos
2622 5200 2875 5273 Romani,
2929 5212 3118 5273 agente
3165 5204 3332 5269 fEtio,
3378 5200 3502 5261 tunc

1932 5272 2457 5344 atlvocaratttcmttra
2492 5269 2748 5344 Gottltos,
2788 5275 2876 5341 qui
2905 5269 3022 5328 eain
3055 5275 3237 5328 Gallia:
3267 5286 3497 5344 partem,

1935 5343 2020 5410 ubi
2051 5341 2236 5392 Cossio
2269 5339 2538 5393 Vasatium
2567 5340 2666 5394 sita
2691 5339 2920 5410 est,'jam
2949 5355 3070 5397 tunc
3095 5339 3424 5400 obtinebant.

2011 5409 2045 5484 h_
2079 5412 2352 5464 Missarum
2381 5411 2668 5484 celebratio
2694 5409 2999 5482 l'estigenus
3014 5418 3331 5469 censebatur
3359 5419 3497 5484 apu"

1939 5482 2214 5550 antiquos,
2249 5490 2305 5532 nt
2355 5495 2420 5534 ex
2471 5481 2570 5550 boc
2617 5481 2736 5535 loco
2782 5481 2852 5538 et,
2887 5499 2953 5537 ex
3004 5501 3121 5539 can.
3164 5487 3226 5538 17
3264 5481 3416 5539 conc.
3462 5504 3500 5541 ll

1934 5548 2137 5675 golrlon.
2162 5550 2358 5620 colligit
2390 5548 2660 5606 MabiIIon.
2688 5552 2740 5607 in
2772 5557 3031 5623 protentio
3062 5557 3152 5610 lib.
3180 5572 3216 5610 tt
3246 5557 3499 5627 Liturgia:

1983 5638 2008 5672 a
2057 5637 2122 5675 te.

1983 5623 2122 5675 allic.

2011 5690 2029 5768 ξ
2070 5692 2243 5768 ld_e‘st
2292 5691 2519 5768 fornice.1
2582 5709 2678 5749 seu
2729 5697 2900 5765 potius
2947 5698 3179 5768 laqueari
3227 5714 3290 5754 ex
3335 5699 3494 5768 ligno.

1934 5763 2087 5830 Vide,
2119 5763 2276 5830 infra,
2305 5778 2424 5830 cap.
2455 5764 2543 5822 47.
