  <div class='ocr_page' id='page_1' title='image "/cluster/home/n/w/nwhite01/storage/ocr_20150623/71/uva.x000827083/377.png"; bbox 0 0 4020 6194; ppageno 0'>
   <div class='ocr_carea' id='block_1_1' title="bbox 516 293 617 350">
    <p class='ocr_par' dir='ltr' id='par_1_1' title="bbox 516 293 617 350">
     <span class='ocr_line' id='line_1_1' title="bbox 516 293 617 350; baseline 0.01 -3"><span class='ocrx_word' id='word_1_1' title='bbox 516 293 617 350; x_wconf 74' lang='grc' dir='ltr'><strong>τις)</strong></span> 
     </span>
    </p>
   </div>
   <div class='ocr_carea' id='block_1_2' title="bbox 1109 407 1512 462">
    <p class='ocr_par' dir='ltr' id='par_1_2' title="bbox 1109 407 1512 462">
     <span class='ocr_line' id='line_1_2' title="bbox 1109 407 1512 462; baseline -0.005 -1"><span class='ocrx_word' id='word_1_2' title='bbox 1109 407 1332 462; x_wconf 68' lang='lat' dir='ltr'><strong>CAPUT</strong></span> <span class='ocrx_word' id='word_1_3' title='bbox 1373 407 1512 460; x_wconf 71' lang='lat' dir='ltr'><strong>XIV.</strong></span> 
     </span>
    </p>
   </div>
   <div class='ocr_carea' id='block_1_3' title="bbox 556 518 2049 593">
    <p class='ocr_par' dir='ltr' id='par_1_3' title="bbox 556 518 2049 593">
     <span class='ocr_line' id='line_1_3' title="bbox 556 518 2049 593; baseline -0.006 -14"><span class='ocrx_word' id='word_1_4' title='bbox 556 529 629 579; x_wconf 84' lang='lat' dir='ltr'><strong>De</strong></span> <span class='ocrx_word' id='word_1_5' title='bbox 654 524 861 578; x_wconf 83' lang='lat' dir='ltr'><strong>muliere</strong></span> <span class='ocrx_word' id='word_1_6' title='bbox 898 539 1012 592; x_wconf 74' lang='lat' dir='ltr'><strong>quis</strong></span> <span class='ocrx_word' id='word_1_7' title='bbox 1039 523 1251 576; x_wconf 75' lang='lat' dir='ltr'><strong>obtinuit</strong></span> <span class='ocrx_word' id='word_1_8' title='bbox 1281 521 1518 593; x_wconf 83' lang='lat' dir='ltr'><strong>pollicem</strong></span> <span class='ocrx_word' id='word_1_9' title='bbox 1548 518 1766 574; x_wconf 81' lang='lat' dir='ltr'><strong>Joannis</strong></span> <span class='ocrx_word' id='word_1_10' title='bbox 1786 518 2049 590; x_wconf 70' lang='lat' dir='ltr'><strong>Baptistae.</strong></span> 
     </span>
    </p>
   </div>
   <div class='ocr_carea' id='block_1_4' title="bbox 594 632 2087 711">
    <p class='ocr_par' dir='ltr' id='par_1_4' title="bbox 594 632 2087 711">
     <span class='ocr_line' id='line_1_4' title="bbox 594 632 2087 711; baseline -0.005 -19"><span class='ocrx_word' id='word_1_11' title='bbox 594 640 721 692; x_wconf 81' lang='lat' dir='ltr'><strong>Nam</strong></span> <span class='ocrx_word' id='word_1_12' title='bbox 756 637 905 711; x_wconf 86' lang='lat' dir='ltr'><strong>(Ed.,</strong></span> <span class='ocrx_word' id='word_1_13' title='bbox 949 636 1140 706; x_wconf 80' lang='lat' dir='ltr'><strong>Etiam)</strong></span> <span class='ocrx_word' id='word_1_14' title='bbox 1170 634 1410 706; x_wconf 56' lang='lat' dir='ltr'><strong>quaedam</strong></span> <span class='ocrx_word' id='word_1_15' title='bbox 1445 634 1635 688; x_wconf 86' lang='lat' dir='ltr'><strong>mulier</strong></span> <span class='ocrx_word' id='word_1_16' title='bbox 1662 643 1687 670; x_wconf 74' lang='grc' dir='ltr'>ει</span> <span class='ocrx_word' id='word_1_17' title='bbox 1721 648 1749 687; x_wconf 91' lang='lat' dir='ltr'><strong>a</strong></span> <span class='ocrx_word' id='word_1_18' title='bbox 1781 632 2087 686; x_wconf 87' lang='lat' dir='ltr'><strong>Maurieuna</strong></span> 
     </span>
    </p>
   </div>
   <div class='ocr_carea' id='block_1_5' title="bbox 522 725 2091 799">
    <p class='ocr_par' dir='ltr' id='par_1_5' title="bbox 522 725 2091 799">
     <span class='ocr_line' id='line_1_5' title="bbox 522 725 2091 799; baseline -0.006 -14"><span class='ocrx_word' id='word_1_19' title='bbox 522 732 651 785; x_wconf 91' lang='lat' dir='ltr'><strong>urbe</strong></span> <span class='ocrx_word' id='word_1_20' title='bbox 682 729 1051 799; x_wconf 78' lang='lat' dir='ltr'><strong>progrediens,</strong></span> <span class='ocrx_word' id='word_1_21' title='bbox 1078 728 1244 796; x_wconf 76' lang='lat' dir='ltr'><strong>ipsius</strong></span> <span class='ocrx_word' id='word_1_22' title='bbox 1267 727 1619 780; x_wconf 71' lang='lat' dir='ltr'><strong>Prmcursoris</strong></span> <span class='ocrx_word' id='word_1_23' title='bbox 1638 725 1889 791; x_wconf 80' lang='lat' dir='ltr'><strong>reliquias</strong></span> <span class='ocrx_word' id='word_1_24' title='bbox 1929 737 2091 790; x_wconf 86' lang='lat' dir='ltr'><strong>expe-</strong></span> 
     </span>
    </p>
   </div>
   <div class='ocr_carea' id='block_1_6' title="bbox 524 815 2087 887">
    <p class='ocr_par' dir='ltr' id='par_1_6' title="bbox 524 815 2087 887">
     <span class='ocr_line' id='line_1_6' title="bbox 524 815 2087 887; baseline -0.005 -13"><span class='ocrx_word' id='word_1_25' title='bbox 524 823 661 887; x_wconf 85' lang='lat' dir='ltr'><strong>tivit,</strong></span> <span class='ocrx_word' id='word_1_26' title='bbox 693 830 748 874; x_wconf 90' lang='lat' dir='ltr'><strong>et</strong></span> <span class='ocrx_word' id='word_1_27' title='bbox 787 821 855 873; x_wconf 90' lang='lat' dir='ltr'><strong>ita</strong></span> <span class='ocrx_word' id='word_1_28' title='bbox 883 834 941 872; x_wconf 91' lang='lat' dir='ltr'><strong>se</strong></span> <span class='ocrx_word' id='word_1_29' title='bbox 965 818 1287 872; x_wconf 77' lang='lat' dir='ltr'><strong>constrinxit</strong></span> <span class='ocrx_word' id='word_1_30' title='bbox 1330 817 1541 870; x_wconf 84' lang='lat' dir='ltr'><strong>vinculo</strong></span> <span class='ocrx_word' id='word_1_31' title='bbox 1570 815 1877 883; x_wconf 86' lang='lat' dir='ltr'><strong>juramenti,</strong></span> <span class='ocrx_word' id='word_1_32' title='bbox 1906 822 2087 867; x_wconf 90' lang='lat' dir='ltr'><strong>utnon</strong></span> 
     </span>
    </p>
   </div>
   <div class='ocr_carea' id='block_1_7' title="bbox 468 906 2092 976">
    <p class='ocr_par' dir='ltr' id='par_1_7' title="bbox 468 906 2092 976">
     <span class='ocr_line' id='line_1_7' title="bbox 468 906 2092 976; baseline -0.003 -13"><span class='ocrx_word' id='word_1_33' title='bbox 468 939 473 951; x_wconf 59' lang='grc' dir='ltr'><strong>η·</strong></span> <span class='ocrx_word' id='word_1_34' title='bbox 521 923 642 967; x_wconf 83' lang='lat' dir='ltr'><strong>ante</strong></span> <span class='ocrx_word' id='word_1_35' title='bbox 663 928 691 964; x_wconf 85' lang='lat' dir='ltr'><strong>a</strong></span> <span class='ocrx_word' id='word_1_36' title='bbox 743 913 858 967; x_wconf 92' lang='lat' dir='ltr'><strong>loco</strong></span> <span class='ocrx_word' id='word_1_37' title='bbox 888 910 1206 972; x_wconf 80' lang='lat' dir='ltr'><strong>discederet,</strong></span> <span class='ocrx_word' id='word_1_38' title='bbox 1251 909 1349 962; x_wconf 85' lang='lat' dir='ltr'><strong>nisi</strong></span> <span class='ocrx_word' id='word_1_39' title='bbox 1392 910 1460 963; x_wconf 87' lang='lat' dir='ltr'><strong>de</strong></span> <span class='ocrx_word' id='word_1_40' title='bbox 1490 908 1746 962; x_wconf 85' lang='lat' dir='ltr'><strong>membris</strong></span> <span class='ocrx_word' id='word_1_41' title='bbox 1774 906 1889 976; x_wconf 82' lang='lat' dir='ltr'><strong>ejus</strong></span> <span class='ocrx_word' id='word_1_42' title='bbox 1921 921 2092 959; x_wconf 91' lang='lat' dir='ltr'><strong>mere-</strong></span> 
     </span>
    </p>
   </div>
   <div class='ocr_carea' id='block_1_8' title="bbox 519 996 2093 1073">
    <p class='ocr_par' dir='ltr' id='par_1_8' title="bbox 519 996 2093 1073">
     <span class='ocr_line' id='line_1_8' title="bbox 519 996 2093 1073; baseline -0.005 -15"><span class='ocrx_word' id='word_1_43' title='bbox 519 1015 663 1058; x_wconf 87' lang='lat' dir='ltr'><strong>retur</strong></span> <span class='ocrx_word' id='word_1_44' title='bbox 692 1003 973 1073; x_wconf 80' lang='lat' dir='ltr'><strong>quidquam</strong></span> <span class='ocrx_word' id='word_1_45' title='bbox 1019 1002 1285 1070; x_wconf 88' lang='lat' dir='ltr'><strong>accipere.</strong></span> <span class='ocrx_word' id='word_1_46' title='bbox 1338 998 1442 1055; x_wconf 87' lang='lat' dir='ltr'><strong>Sed</strong></span> <span class='ocrx_word' id='word_1_47' title='bbox 1474 1014 1598 1053; x_wconf 93' lang='lat' dir='ltr'><strong>cum</strong></span> <span class='ocrx_word' id='word_1_48' title='bbox 1640 996 1967 1066; x_wconf 86' lang='lat' dir='ltr'><strong>impossibile</strong></span> <span class='ocrx_word' id='word_1_49' title='bbox 1991 996 2093 1051; x_wconf 89' lang='lat' dir='ltr'><strong>hoc</strong></span> 
     </span>
    </p>
   </div>
   <div class='ocr_carea' id='block_1_9' title="bbox 519 1089 2093 1161">
    <p class='ocr_par' dir='ltr' id='par_1_9' title="bbox 519 1089 2093 1161">
     <span class='ocr_line' id='line_1_9' title="bbox 519 1089 2093 1161; baseline -0.001 -16"><span class='ocrx_word' id='word_1_50' title='bbox 519 1094 707 1149; x_wconf 74' lang='lat' dir='ltr'><strong>incola:</strong></span> <span class='ocrx_word' id='word_1_51' title='bbox 740 1094 840 1147; x_wconf 87' lang='lat' dir='ltr'><strong>loci</strong></span> <span class='ocrx_word' id='word_1_52' title='bbox 891 1102 1209 1155; x_wconf 90' lang='lat' dir='ltr'><strong>narrarent,</strong></span> <span class='ocrx_word' id='word_1_53' title='bbox 1240 1090 1678 1161; x_wconf 79' lang='lat' dir='ltr'><strong>prosternebatur</strong></span> <span class='ocrx_word' id='word_1_54' title='bbox 1706 1089 1943 1159; x_wconf 89' lang='lat' dir='ltr'><strong>quotidie</strong></span> <span class='ocrx_word' id='word_1_55' title='bbox 1969 1099 2093 1144; x_wconf 89' lang='lat' dir='ltr'><strong>ante</strong></span> 
     </span>
    </p>
   </div>
   <div class='ocr_carea' id='block_1_10' title="bbox 517 1181 2093 1254">
    <p class='ocr_par' dir='ltr' id='par_1_10' title="bbox 517 1181 2093 1254">
     <span class='ocr_line' id='line_1_10' title="bbox 517 1181 2093 1254; baseline -0.004 -15"><span class='ocrx_word' id='word_1_56' title='bbox 517 1186 843 1254; x_wconf 84' lang='lat' dir='ltr'><strong>sepulcrum,</strong></span> <span class='ocrx_word' id='word_1_57' title='bbox 876 1200 1038 1239; x_wconf 86' lang='lat' dir='ltr'><strong>orans</strong></span> <span class='ocrx_word' id='word_1_58' title='bbox 1094 1184 1213 1248; x_wconf 84' lang='lat' dir='ltr'><strong>sibi,</strong></span> <span class='ocrx_word' id='word_1_59' title='bbox 1245 1190 1303 1236; x_wconf 91' lang='lat' dir='ltr'><strong>ut</strong></span> <span class='ocrx_word' id='word_1_60' title='bbox 1350 1181 1602 1249; x_wconf 80' lang='lat' dir='ltr'><strong>diximus,</strong></span> <span class='ocrx_word' id='word_1_61' title='bbox 1630 1181 1699 1235; x_wconf 91' lang='lat' dir='ltr'><strong>de</strong></span> <span class='ocrx_word' id='word_1_62' title='bbox 1725 1181 1921 1235; x_wconf 90' lang='lat' dir='ltr'><strong>sanctis</strong></span> <span class='ocrx_word' id='word_1_63' title='bbox 1948 1190 2093 1234; x_wconf 88' lang='lat' dir='ltr'><strong>artu-</strong></span> 
     </span>
    </p>
   </div>
   <div class='ocr_carea' id='block_1_11' title="bbox 521 1271 2091 1346">
    <p class='ocr_par' dir='ltr' id='par_1_11' title="bbox 521 1271 2091 1346">
     <span class='ocr_line' id='line_1_11' title="bbox 521 1271 2091 1346; baseline -0.004 -15"><span class='ocrx_word' id='word_1_64' title='bbox 521 1282 618 1332; x_wconf 86' lang='lat' dir='ltr'><strong>bus</strong></span> <span class='ocrx_word' id='word_1_65' title='bbox 642 1278 815 1346; x_wconf 87' lang='lat' dir='ltr'><strong>aliqua</strong></span> <span class='ocrx_word' id='word_1_66' title='bbox 845 1275 1155 1330; x_wconf 90' lang='lat' dir='ltr'><strong>condonari.</strong></span> <span class='ocrx_word' id='word_1_67' title='bbox 1209 1276 1263 1329; x_wconf 90' lang='lat' dir='ltr'><strong>In</strong></span> <span class='ocrx_word' id='word_1_68' title='bbox 1318 1288 1420 1341; x_wconf 89' lang='lat' dir='ltr'><strong>qna</strong></span> <span class='ocrx_word' id='word_1_69' title='bbox 1481 1274 1774 1327; x_wconf 82' lang='lat' dir='ltr'><strong>intentione</strong></span> <span class='ocrx_word' id='word_1_70' title='bbox 1828 1271 2091 1341; x_wconf 86' lang='lat' dir='ltr'><strong>integrum</strong></span> 
     </span>
    </p>
   </div>
   <div class='ocr_carea' id='block_1_12' title="bbox 518 1362 2095 1431">
    <p class='ocr_par' dir='ltr' id='par_1_12' title="bbox 518 1362 2095 1431">
     <span class='ocr_line' id='line_1_12' title="bbox 518 1362 2095 1431; baseline -0.006 -9"><span class='ocrx_word' id='word_1_71' title='bbox 518 1368 670 1421; x_wconf 80' lang='lat' dir='ltr'><strong>duxit</strong></span> <span class='ocrx_word' id='word_1_72' title='bbox 690 1382 910 1420; x_wconf 89' lang='lat' dir='ltr'><strong>annum.</strong></span> <span class='ocrx_word' id='word_1_73' title='bbox 940 1364 1199 1421; x_wconf 87' lang='lat' dir='ltr'><strong>Similiter</strong></span> <span class='ocrx_word' id='word_1_74' title='bbox 1228 1374 1283 1417; x_wconf 90' lang='lat' dir='ltr'><strong>et</strong></span> <span class='ocrx_word' id='word_1_75' title='bbox 1312 1364 1537 1417; x_wconf 87' lang='lat' dir='ltr'><strong>alterum</strong></span> <span class='ocrx_word' id='word_1_76' title='bbox 1557 1403 1571 1426; x_wconf 93' lang='lat'><strong>,</strong></span> <span class='ocrx_word' id='word_1_77' title='bbox 1597 1362 1707 1431; x_wconf 79' lang='lat' dir='ltr'><strong>jugi</strong></span> <span class='ocrx_word' id='word_1_78' title='bbox 1730 1377 1947 1431; x_wconf 89' lang='lat' dir='ltr'><strong>semper</strong></span> <span class='ocrx_word' id='word_1_79' title='bbox 1974 1378 2095 1416; x_wconf 89' lang='lat' dir='ltr'><strong>ora-</strong></span> 
     </span>
    </p>
   </div>
   <div class='ocr_carea' id='block_1_13' title="bbox 521 1454 2083 1525">
    <p class='ocr_par' dir='ltr' id='par_1_13' title="bbox 521 1454 2083 1525">
     <span class='ocr_line' id='line_1_13' title="bbox 521 1454 2083 1525; baseline -0.003 -15"><span class='ocrx_word' id='word_1_80' title='bbox 521 1458 665 1512; x_wconf 84' lang='lat' dir='ltr'><strong>tione</strong></span> <span class='ocrx_word' id='word_1_81' title='bbox 692 1458 1011 1525; x_wconf 89' lang='lat' dir='ltr'><strong>deposcens.</strong></span> <span class='ocrx_word' id='word_1_82' title='bbox 1045 1454 1228 1510; x_wconf 90' lang='lat' dir='ltr'><strong>Tertio</strong></span> <span class='ocrx_word' id='word_1_83' title='bbox 1257 1469 1384 1508; x_wconf 90' lang='lat' dir='ltr'><strong>vero</strong></span> <span class='ocrx_word' id='word_1_84' title='bbox 1409 1454 1737 1525; x_wconf 82' lang='lat' dir='ltr'><strong>ingrediente</strong></span> <span class='ocrx_word' id='word_1_85' title='bbox 1766 1468 1927 1517; x_wconf 90' lang='lat' dir='ltr'><strong>anno,</strong></span> <span class='ocrx_word' id='word_1_86' title='bbox 1961 1468 2083 1507; x_wconf 91' lang='lat' dir='ltr'><strong>cum</strong></span> 
     </span>
    </p>
   </div>
   <div class='ocr_carea' id='block_1_14' title="bbox 520 1544 2091 1617">
    <p class='ocr_par' dir='ltr' id='par_1_14' title="bbox 520 1544 2091 1617">
     <span class='ocr_line' id='line_1_14' title="bbox 520 1544 2091 1617; baseline -0.001 -18"><span class='ocrx_word' id='word_1_87' title='bbox 520 1550 814 1604; x_wconf 89' lang='lat' dir='ltr'><strong>orationem</strong></span> <span class='ocrx_word' id='word_1_88' title='bbox 843 1563 992 1602; x_wconf 89' lang='lat' dir='ltr'><strong>suam</strong></span> <span class='ocrx_word' id='word_1_89' title='bbox 1027 1548 1307 1617; x_wconf 89' lang='lat' dir='ltr'><strong>pervenire</strong></span> <span class='ocrx_word' id='word_1_90' title='bbox 1326 1563 1428 1599; x_wconf 88' lang='lat' dir='ltr'><strong>non</strong></span> <span class='ocrx_word' id='word_1_91' title='bbox 1454 1554 1703 1599; x_wconf 89' lang='lat' dir='ltr'><strong>cerneret</strong></span> <span class='ocrx_word' id='word_1_92' title='bbox 1730 1544 1795 1599; x_wconf 93' lang='lat' dir='ltr'><strong>ad</strong></span> <span class='ocrx_word' id='word_1_93' title='bbox 1819 1545 2091 1610; x_wconf 76' lang='lat' dir='ltr'><strong>elIectum,</strong></span> 
     </span>
    </p>
   </div>
   <div class='ocr_carea' id='block_1_15' title="bbox 523 1640 2094 1711">
    <p class='ocr_par' dir='ltr' id='par_1_15' title="bbox 523 1640 2094 1711">
     <span class='ocr_line' id='line_1_15' title="bbox 523 1640 2094 1711; baseline -0.001 -17"><span class='ocrx_word' id='word_1_94' title='bbox 523 1643 739 1711; x_wconf 64' lang='lat' dir='ltr'><strong>profecit</strong></span> <span class='ocrx_word' id='word_1_95' title='bbox 794 1654 853 1695; x_wconf 91' lang='lat' dir='ltr'><strong>se</strong></span> <span class='ocrx_word' id='word_1_96' title='bbox 907 1648 1031 1694; x_wconf 89' lang='lat' dir='ltr'><strong>ante</strong></span> <span class='ocrx_word' id='word_1_97' title='bbox 1060 1641 1392 1707; x_wconf 88' lang='lat' dir='ltr'><strong>sepulcrum;</strong></span> <span class='ocrx_word' id='word_1_98' title='bbox 1451 1646 1507 1691; x_wconf 91' lang='lat' dir='ltr'><strong>et</strong></span> <span class='ocrx_word' id='word_1_99' title='bbox 1555 1640 1853 1691; x_wconf 81' lang='lat' dir='ltr'><strong>obtestatur</strong></span> <span class='ocrx_word' id='word_1_100' title='bbox 1890 1653 1994 1691; x_wconf 92' lang='lat' dir='ltr'><strong>non</strong></span> <span class='ocrx_word' id='word_1_101' title='bbox 2035 1652 2094 1692; x_wconf 90' lang='lat' dir='ltr'><strong>se</strong></span> 
     </span>
    </p>
   </div>
   <div class='ocr_carea' id='block_1_16' title="bbox 526 1729 2089 1799">
    <p class='ocr_par' dir='ltr' id='par_1_16' title="bbox 526 1729 2089 1799">
     <span class='ocr_line' id='line_1_16' title="bbox 526 1729 2089 1799; baseline -0.001 -13"><span class='ocrx_word' id='word_1_102' title='bbox 526 1732 712 1786; x_wconf 84' lang='lat' dir='ltr'><strong>exinde</strong></span> <span class='ocrx_word' id='word_1_103' title='bbox 753 1740 1132 1794; x_wconf 78' lang='lat' dir='ltr'><strong>surrecturum,</strong></span> <span class='ocrx_word' id='word_1_104' title='bbox 1183 1730 1489 1799; x_wconf 85' lang='lat' dir='ltr'><strong>priusquam</strong></span> <span class='ocrx_word' id='word_1_105' title='bbox 1515 1729 1628 1784; x_wconf 74' lang='lat' dir='ltr'><strong>haec</strong></span> <span class='ocrx_word' id='word_1_106' title='bbox 1660 1731 1849 1797; x_wconf 85' lang='lat' dir='ltr'><strong>petitio</strong></span> <span class='ocrx_word' id='word_1_107' title='bbox 1879 1730 2089 1785; x_wconf 87' lang='lat' dir='ltr'><strong>obtine-</strong></span> 
     </span>
    </p>
   </div>
   <div class='ocr_carea' id='block_1_17' title="bbox 524 1819 2089 1889">
    <p class='ocr_par' dir='ltr' id='par_1_17' title="bbox 524 1819 2089 1889">
     <span class='ocr_line' id='line_1_17' title="bbox 524 1819 2089 1889; baseline -0.002 -12"><span class='ocrx_word' id='word_1_108' title='bbox 524 1835 667 1877; x_wconf 83' lang='lat' dir='ltr'><strong>retur</strong></span> <span class='ocrx_word' id='word_1_109' title='bbox 692 1838 718 1873; x_wconf 87' lang='lat' dir='ltr'><strong>a</strong></span> <span class='ocrx_word' id='word_1_110' title='bbox 746 1823 965 1876; x_wconf 82' lang='lat' dir='ltr'><strong>Sancto.</strong></span> <span class='ocrx_word' id='word_1_111' title='bbox 1014 1820 1253 1889; x_wconf 86' lang='lat' dir='ltr'><strong>Septima</strong></span> <span class='ocrx_word' id='word_1_112' title='bbox 1296 1836 1421 1875; x_wconf 84' lang='lat' dir='ltr'><strong>vero</strong></span> <span class='ocrx_word' id='word_1_113' title='bbox 1466 1821 1574 1884; x_wconf 88' lang='lat' dir='ltr'><strong>die,</strong></span> <span class='ocrx_word' id='word_1_114' title='bbox 1628 1836 1750 1874; x_wconf 90' lang='lat' dir='ltr'><strong>cum</strong></span> <span class='ocrx_word' id='word_1_115' title='bbox 1770 1819 1879 1889; x_wconf 88' lang='lat' dir='ltr'><strong>jam</strong></span> <span class='ocrx_word' id='word_1_116' title='bbox 1919 1821 2089 1876; x_wconf 92' lang='lat' dir='ltr'><strong>inedia</strong></span> 
     </span>
    </p>
   </div>
   <div class='ocr_carea' id='block_1_18' title="bbox 527 1914 2094 1984">
    <p class='ocr_par' dir='ltr' id='par_1_18' title="bbox 527 1914 2094 1984">
     <span class='ocr_line' id='line_1_18' title="bbox 527 1914 2094 1984; baseline 0.001 -15"><span class='ocrx_word' id='word_1_117' title='bbox 527 1915 802 1981; x_wconf 84' lang='lat' dir='ltr'><strong>deficeret,</strong></span> <span class='ocrx_word' id='word_1_118' title='bbox 834 1916 1078 1984; x_wconf 89' lang='lat' dir='ltr'><strong>apparuit</strong></span> <span class='ocrx_word' id='word_1_119' title='bbox 1098 1928 1260 1982; x_wconf 84' lang='lat' dir='ltr'><strong>super</strong></span> <span class='ocrx_word' id='word_1_120' title='bbox 1292 1914 1460 1968; x_wconf 91' lang='lat' dir='ltr'><strong>altare</strong></span> <span class='ocrx_word' id='word_1_121' title='bbox 1490 1915 1666 1982; x_wconf 82' lang='lat' dir='ltr'><strong>pollex</strong></span> <span class='ocrx_word' id='word_1_122' title='bbox 1700 1915 1816 1968; x_wconf 91' lang='lat' dir='ltr'><strong>miri</strong></span> <span class='ocrx_word' id='word_1_123' title='bbox 1846 1917 2094 1971; x_wconf 88' lang='lat' dir='ltr'><strong>candoris</strong></span> 
     </span>
    </p>
   </div>
   <div class='ocr_carea' id='block_1_19' title="bbox 518 2005 2092 2075">
    <p class='ocr_par' dir='ltr' id='par_1_19' title="bbox 518 2005 2092 2075">
     <span class='ocr_line' id='line_1_19' title="bbox 518 2005 2092 2075; baseline 0.001 -16"><span class='ocrx_word' id='word_1_124' title='bbox 518 2024 581 2060; x_wconf 89' lang='lat' dir='ltr'><strong>ac</strong></span> <span class='ocrx_word' id='word_1_125' title='bbox 611 2006 744 2062; x_wconf 91' lang='lat' dir='ltr'><strong>lueis</strong></span> <span class='ocrx_word' id='word_1_126' title='bbox 762 2006 1047 2075; x_wconf 69' lang='lat' dir='ltr'><strong>effulgens.</strong></span> <span class='ocrx_word' id='word_1_127' title='bbox 1074 2006 1302 2075; x_wconf 84' lang='lat' dir='ltr'><strong>Cognito</strong></span> <span class='ocrx_word' id='word_1_128' title='bbox 1341 2016 1517 2059; x_wconf 90' lang='lat' dir='ltr'><strong>autem</strong></span> <span class='ocrx_word' id='word_1_129' title='bbox 1560 2005 1755 2060; x_wconf 89' lang='lat' dir='ltr'><strong>mulier</strong></span> <span class='ocrx_word' id='word_1_130' title='bbox 1785 2005 1880 2060; x_wconf 88' lang='lat' dir='ltr'><strong>Dei</strong></span> <span class='ocrx_word' id='word_1_131' title='bbox 1908 2007 2053 2061; x_wconf 91' lang='lat' dir='ltr'><strong>dono</strong></span> <span class='ocrx_word' id='word_1_132' title='bbox 2077 2047 2092 2073; x_wconf 92' lang='lat'><strong>,</strong></span> 
     </span>
    </p>
   </div>
   <div class='ocr_carea' id='block_1_20' title="bbox 521 2097 2094 2167">
    <p class='ocr_par' dir='ltr' id='par_1_20' title="bbox 521 2097 2094 2167">
     <span class='ocr_line' id='line_1_20' title="bbox 521 2097 2094 2167; baseline 0 -14"><span class='ocrx_word' id='word_1_133' title='bbox 521 2099 753 2154; x_wconf 81' lang='lat' dir='ltr'><strong>surrexit</strong></span> <span class='ocrx_word' id='word_1_134' title='bbox 796 2113 824 2150; x_wconf 90' lang='lat' dir='ltr'><strong>a</strong></span> <span class='ocrx_word' id='word_1_135' title='bbox 851 2099 1185 2167; x_wconf 86' lang='lat' dir='ltr'><strong>pavimento,</strong></span> <span class='ocrx_word' id='word_1_136' title='bbox 1212 2097 1456 2166; x_wconf 86' lang='lat' dir='ltr'><strong>factaque</strong></span> <span class='ocrx_word' id='word_1_137' title='bbox 1484 2098 1700 2163; x_wconf 84' lang='lat' dir='ltr'><strong>capsula</strong></span> <span class='ocrx_word' id='word_1_138' title='bbox 1730 2113 1916 2163; x_wconf 88' lang='lat' dir='ltr'><strong>aurea,</strong></span> <span class='ocrx_word' id='word_1_139' title='bbox 1952 2098 2004 2152; x_wconf 91' lang='lat' dir='ltr'><strong>in</strong></span> <span class='ocrx_word' id='word_1_140' title='bbox 2030 2114 2094 2153; x_wconf 91' lang='lat' dir='ltr'><strong>ea</strong></span> 
     </span>
    </p>
   </div>
   <div class='ocr_carea' id='block_1_21' title="bbox 521 2190 2098 2269">
    <p class='ocr_par' dir='ltr' id='par_1_21' title="bbox 521 2190 2098 2269">
     <span class='ocr_line' id='line_1_21' title="bbox 521 2190 2098 2269; baseline -0.001 -25"><span class='ocrx_word' id='word_1_141' title='bbox 521 2192 822 2246; x_wconf 85' lang='lat' dir='ltr'><strong>recondidit</strong></span> <span class='ocrx_word' id='word_1_142' title='bbox 872 2205 991 2260; x_wconf 65' lang='lat' dir='ltr'><strong>qua!</strong></span> <span class='ocrx_word' id='word_1_143' title='bbox 1043 2190 1268 2245; x_wconf 92' lang='lat' dir='ltr'><strong>Domino</strong></span> <span class='ocrx_word' id='word_1_144' title='bbox 1311 2190 1572 2269; x_wconf 73' lang='lat' dir='ltr'><strong>largiente</strong></span> <span class='ocrx_word' id='word_1_145' title='bbox 1626 2202 1915 2257; x_wconf 88' lang='lat' dir='ltr'><strong>meruerat,</strong></span> <span class='ocrx_word' id='word_1_146' title='bbox 1945 2193 2098 2245; x_wconf 88' lang='lat' dir='ltr'><strong>etsie</strong></span> 
     </span>
    </p>
   </div>
   <div class='ocr_carea' id='block_1_22' title="bbox 522 2281 2155 2353">
    <p class='ocr_par' dir='ltr' id='par_1_22' title="bbox 522 2281 2155 2353">
     <span class='ocr_line' id='line_1_22' title="bbox 522 2281 2155 2353; baseline 0.002 -18"><span class='ocrx_word' id='word_1_147' title='bbox 522 2283 757 2353; x_wconf 77' lang='lat' dir='ltr'><strong>gaudens</strong></span> <span class='ocrx_word' id='word_1_148' title='bbox 788 2282 1046 2336; x_wconf 89' lang='lat' dir='ltr'><strong>remeavit</strong></span> <span class='ocrx_word' id='word_1_149' title='bbox 1098 2281 1162 2334; x_wconf 91' lang='lat' dir='ltr'><strong>ad</strong></span> <span class='ocrx_word' id='word_1_150' title='bbox 1217 2286 1477 2350; x_wconf 83' lang='lat' dir='ltr'><strong>propria:</strong></span> <span class='ocrx_word' id='word_1_151' title='bbox 1535 2282 1915 2352; x_wconf 89' lang='lat' dir='ltr'><strong>impletumque</strong></span> <span class='ocrx_word' id='word_1_152' title='bbox 1936 2285 2094 2338; x_wconf 91' lang='lat' dir='ltr'><strong>estin</strong></span> <span class='ocrx_word' id='word_1_153' title='bbox 2146 2314 2155 2318; x_wconf 55' lang='grc' dir='ltr'><strong>ι</strong></span> 
     </span>
    </p>
   </div>
   <div class='ocr_carea' id='block_1_23' title="bbox 526 2371 2098 2441">
    <p class='ocr_par' dir='ltr' id='par_1_23' title="bbox 526 2371 2098 2441">
     <span class='ocr_line' id='line_1_23' title="bbox 526 2371 2098 2441; baseline -0.001 -13"><span class='ocrx_word' id='word_1_154' title='bbox 526 2375 614 2428; x_wconf 88' lang='lat' dir='ltr'><strong>illa</strong></span> <span class='ocrx_word' id='word_1_155' title='bbox 660 2373 798 2441; x_wconf 90' lang='lat' dir='ltr'><strong>quod</strong></span> <span class='ocrx_word' id='word_1_156' title='bbox 856 2371 1114 2425; x_wconf 89' lang='lat' dir='ltr'><strong>Dominus</strong></span> <span class='ocrx_word' id='word_1_157' title='bbox 1162 2371 1236 2425; x_wconf 83' lang='lat' dir='ltr'><strong>ait</strong></span> <span class='ocrx_word' id='word_1_158' title='bbox 1283 2372 1336 2425; x_wconf 90' lang='lat' dir='ltr'><strong>in</strong></span> <span class='ocrx_word' id='word_1_159' title='bbox 1394 2371 1723 2440; x_wconf 80' lang='lat' dir='ltr'><strong>Evangelia:</strong></span> <span class='ocrx_word' id='word_1_160' title='bbox 1779 2374 1938 2428; x_wconf 86' lang='lat' dir='ltr'><strong>Amen</strong></span> <span class='ocrx_word' id='word_1_161' title='bbox 1983 2376 2098 2428; x_wconf 86' lang='lat' dir='ltr'><strong>dico</strong></span> 
     </span>
    </p>
   </div>
   <div class='ocr_carea' id='block_1_24' title="bbox 524 2460 2100 2537">
    <p class='ocr_par' dir='ltr' id='par_1_24' title="bbox 524 2460 2100 2537">
     <span class='ocr_line' id='line_1_24' title="bbox 524 2460 2100 2537; baseline -0.001 -18"><span class='ocrx_word' id='word_1_162' title='bbox 524 2465 684 2528; x_wconf 82' lang='lat' dir='ltr'><strong>vobis,</strong></span> <span class='ocrx_word' id='word_1_163' title='bbox 715 2462 850 2529; x_wconf 85' lang='lat' dir='ltr'><strong>quod</strong></span> <span class='ocrx_word' id='word_1_164' title='bbox 871 2464 914 2515; x_wconf 85' lang='lat' dir='ltr'><strong>si</strong></span> <span class='ocrx_word' id='word_1_165' title='bbox 939 2461 1329 2529; x_wconf 83' lang='lat' dir='ltr'><strong>perseveraverit</strong></span> <span class='ocrx_word' id='word_1_166' title='bbox 1361 2464 1571 2530; x_wconf 78' lang='lat' dir='ltr'><strong>pulsans</strong></span> <span class='ocrx_word' id='word_1_167' title='bbox 1593 2460 1643 2525; x_wconf 76' lang='grc' dir='ltr'><strong>δ,</strong></span> <span class='ocrx_word' id='word_1_168' title='bbox 1668 2472 1713 2514; x_wconf 89' lang='lat' dir='ltr'><strong>et</strong></span> <span class='ocrx_word' id='word_1_169' title='bbox 1742 2464 1786 2516; x_wconf 85' lang='lat' dir='ltr'><strong>si</strong></span> <span class='ocrx_word' id='word_1_170' title='bbox 1815 2480 1916 2518; x_wconf 87' lang='lat' dir='ltr'><strong>non</strong></span> <span class='ocrx_word' id='word_1_171' title='bbox 1937 2468 2100 2537; x_wconf 83' lang='lat' dir='ltr'><strong>surgit</strong></span> 
     </span>
    </p>
   </div>
   <div class='ocr_carea' id='block_1_25' title="bbox 525 2552 2100 2623">
    <p class='ocr_par' dir='ltr' id='par_1_25' title="bbox 525 2552 2100 2623">
     <span class='ocr_line' id='line_1_25' title="bbox 525 2552 2100 2623; baseline 0 -14"><span class='ocrx_word' id='word_1_172' title='bbox 525 2571 617 2623; x_wconf 79' lang='lat' dir='ltr'><strong>pro</strong></span> <span class='ocrx_word' id='word_1_173' title='bbox 645 2571 701 2609; x_wconf 89' lang='lat' dir='ltr'><strong>eo</strong></span> <span class='ocrx_word' id='word_1_174' title='bbox 731 2555 868 2621; x_wconf 83' lang='lat' dir='ltr'><strong>quod</strong></span> <span class='ocrx_word' id='word_1_175' title='bbox 887 2564 1082 2606; x_wconf 80' lang='lat' dir='ltr'><strong>amicus</strong></span> <span class='ocrx_word' id='word_1_176' title='bbox 1108 2552 1219 2621; x_wconf 83' lang='lat' dir='ltr'><strong>ejus</strong></span> <span class='ocrx_word' id='word_1_177' title='bbox 1241 2553 1337 2617; x_wconf 85' lang='lat' dir='ltr'><strong>sit,</strong></span> <span class='ocrx_word' id='word_1_178' title='bbox 1371 2561 1577 2621; x_wconf 66' lang='lat' dir='ltr'><strong>promer</strong></span> <span class='ocrx_word' id='word_1_179' title='bbox 1614 2553 1987 2623; x_wconf 86' lang='lat' dir='ltr'><strong>improbitatem</strong></span> <span class='ocrx_word' id='word_1_180' title='bbox 2017 2566 2100 2609; x_wconf 85' lang='lat' dir='ltr'><strong>ta-</strong></span> 
     </span>
    </p>
   </div>
   <div class='ocr_carea' id='block_1_26' title="bbox 526 2643 2102 2717">
    <p class='ocr_par' dir='ltr' id='par_1_26' title="bbox 526 2643 2102 2717">
     <span class='ocr_line' id='line_1_26' title="bbox 526 2643 2102 2717; baseline -0.001 -16"><span class='ocrx_word' id='word_1_181' title='bbox 526 2664 639 2701; x_wconf 86' lang='lat' dir='ltr'><strong>men</strong></span> <span class='ocrx_word' id='word_1_182' title='bbox 677 2648 785 2715; x_wconf 88' lang='lat' dir='ltr'><strong>ejus</strong></span> <span class='ocrx_word' id='word_1_183' title='bbox 808 2657 1001 2717; x_wconf 83' lang='lat' dir='ltr'><strong>surget,</strong></span> <span class='ocrx_word' id='word_1_184' title='bbox 1024 2654 1072 2697; x_wconf 88' lang='lat' dir='ltr'><strong>et</strong></span> <span class='ocrx_word' id='word_1_185' title='bbox 1098 2643 1283 2696; x_wconf 83' lang='lat' dir='ltr'><strong>tribuet</strong></span> <span class='ocrx_word' id='word_1_186' title='bbox 1321 2644 1367 2697; x_wconf 87' lang='lat' dir='ltr'><strong>ei</strong></span> <span class='ocrx_word' id='word_1_187' title='bbox 1397 2655 1641 2714; x_wconf 84' lang='lat' dir='ltr'><strong>quotquot</strong></span> <span class='ocrx_word' id='word_1_188' title='bbox 1687 2644 1833 2698; x_wconf 83' lang='lat' dir='ltr'><strong>habet</strong></span> <span class='ocrx_word' id='word_1_189' title='bbox 1864 2662 2102 2700; x_wconf 86' lang='lat' dir='ltr'><strong>necessa-</strong></span> 
     </span>
    </p>
   </div>
   <div class='ocr_carea' id='block_1_27' title="bbox 526 2732 2104 2805">
    <p class='ocr_par' dir='ltr' id='par_1_27' title="bbox 526 2732 2104 2805">
     <span class='ocr_line' id='line_1_27' title="bbox 526 2732 2104 2805; baseline -0.001 -14"><span class='ocrx_word' id='word_1_190' title='bbox 526 2739 629 2791; x_wconf 84' lang='lat' dir='ltr'><strong>rios</strong></span> <span class='ocrx_word' id='word_1_191' title='bbox 660 2735 807 2805; x_wconf 86' lang='lat' dir='ltr'><strong>(Luc.</strong></span> <span class='ocrx_word' id='word_1_192' title='bbox 843 2751 915 2800; x_wconf 78' lang='grc' dir='ltr'><strong>χι,</strong></span> <span class='ocrx_word' id='word_1_193' title='bbox 947 2734 1023 2804; x_wconf 88' lang='lat'><strong>8).</strong></span> <span class='ocrx_word' id='word_1_194' title='bbox 1082 2733 1210 2789; x_wconf 86' lang='lat' dir='ltr'><strong>Post</strong></span> <span class='ocrx_word' id='word_1_195' title='bbox 1239 2733 1355 2787; x_wconf 58' lang='lat' dir='ltr'><strong>haec</strong></span> <span class='ocrx_word' id='word_1_196' title='bbox 1383 2743 1492 2787; x_wconf 90' lang='lat' dir='ltr'><strong>tres</strong></span> <span class='ocrx_word' id='word_1_197' title='bbox 1532 2732 1767 2802; x_wconf 87' lang='lat' dir='ltr'><strong>episcOpi</strong></span> <span class='ocrx_word' id='word_1_198' title='bbox 1816 2734 2104 2790; x_wconf 91' lang='lat' dir='ltr'><strong>advenien-</strong></span> 
     </span>
    </p>
   </div>
   <div class='ocr_carea' id='block_1_28' title="bbox 530 2825 2101 2893">
    <p class='ocr_par' dir='ltr' id='par_1_28' title="bbox 530 2825 2101 2893">
     <span class='ocr_line' id='line_1_28' title="bbox 530 2825 2101 2893; baseline -0.002 -9"><span class='ocrx_word' id='word_1_199' title='bbox 530 2841 608 2884; x_wconf 78' lang='lat' dir='ltr'><strong>tes</strong></span> <span class='ocrx_word' id='word_1_200' title='bbox 635 2830 702 2884; x_wconf 91' lang='lat' dir='ltr'><strong>de</strong></span> <span class='ocrx_word' id='word_1_201' title='bbox 745 2828 1046 2881; x_wconf 85' lang='lat' dir='ltr'><strong>civitatibus</strong></span> <span class='ocrx_word' id='word_1_202' title='bbox 1098 2827 1209 2881; x_wconf 90' lang='lat' dir='ltr'><strong>suis</strong></span> <span class='ocrx_word' id='word_1_203' title='bbox 1262 2828 1327 2878; x_wconf 92' lang='lat' dir='ltr'><strong>ad</strong></span> <span class='ocrx_word' id='word_1_204' title='bbox 1374 2825 1702 2879; x_wconf 84' lang='lat' dir='ltr'><strong>adorandum</strong></span> <span class='ocrx_word' id='word_1_205' title='bbox 1753 2826 1805 2879; x_wconf 91' lang='lat' dir='ltr'><strong>in</strong></span> <span class='ocrx_word' id='word_1_206' title='bbox 1840 2826 1940 2881; x_wconf 90' lang='lat' dir='ltr'><strong>hoc</strong></span> <span class='ocrx_word' id='word_1_207' title='bbox 1962 2828 2101 2893; x_wconf 87' lang='lat' dir='ltr'><strong>loco,</strong></span> 
     </span>
    </p>
   </div>
   <div class='ocr_carea' id='block_1_29' title="bbox 531 2917 2105 2989">
    <p class='ocr_par' dir='ltr' id='par_1_29' title="bbox 531 2917 2105 2989">
     <span class='ocr_line' id='line_1_29' title="bbox 531 2917 2105 2989; baseline 0.001 -17"><span class='ocrx_word' id='word_1_208' title='bbox 531 2924 816 2975; x_wconf 83' lang='lat' dir='ltr'><strong>voluerunt</strong></span> <span class='ocrx_word' id='word_1_209' title='bbox 842 2928 1044 2988; x_wconf 69' lang='lat' dir='ltr'><strong>partem</strong></span> <span class='ocrx_word' id='word_1_210' title='bbox 1077 2917 1144 2971; x_wconf 92' lang='lat' dir='ltr'><strong>de</strong></span> <span class='ocrx_word' id='word_1_211' title='bbox 1175 2918 1275 2971; x_wconf 91' lang='lat' dir='ltr'><strong>hoc</strong></span> <span class='ocrx_word' id='word_1_212' title='bbox 1308 2918 1531 2986; x_wconf 89' lang='lat' dir='ltr'><strong>pignore</strong></span> <span class='ocrx_word' id='word_1_213' title='bbox 1556 2918 1750 2972; x_wconf 90' lang='lat' dir='ltr'><strong>elicere</strong></span> <span class='ocrx_word' id='word_1_214' title='bbox 1778 2936 1791 2972; x_wconf 92' lang='lat'><strong>:</strong></span> <span class='ocrx_word' id='word_1_215' title='bbox 1826 2921 2105 2989; x_wconf 83' lang='lat' dir='ltr'><strong>positoque</strong></span> 
     </span>
    </p>
   </div>
   <div class='ocr_carea' id='block_1_30' title="bbox 532 3006 2104 3076">
    <p class='ocr_par' dir='ltr' id='par_1_30' title="bbox 532 3006 2104 3076">
     <span class='ocr_line' id='line_1_30' title="bbox 532 3006 2104 3076; baseline -0.001 -13"><span class='ocrx_word' id='word_1_216' title='bbox 532 3013 584 3064; x_wconf 87' lang='lat' dir='ltr'><strong>in</strong></span> <span class='ocrx_word' id='word_1_217' title='bbox 615 3011 810 3076; x_wconf 87' lang='lat' dir='ltr'><strong>medio,</strong></span> <span class='ocrx_word' id='word_1_218' title='bbox 843 3008 972 3063; x_wconf 85' lang='lat' dir='ltr'><strong>nihil</strong></span> <span class='ocrx_word' id='word_1_219' title='bbox 1004 3009 1223 3062; x_wconf 86' lang='lat' dir='ltr'><strong>omnino</strong></span> <span class='ocrx_word' id='word_1_220' title='bbox 1243 3006 1454 3060; x_wconf 86' lang='lat' dir='ltr'><strong>auferre</strong></span> <span class='ocrx_word' id='word_1_221' title='bbox 1488 3016 1798 3062; x_wconf 88' lang='lat' dir='ltr'><strong>notuerunt.</strong></span> <span class='ocrx_word' id='word_1_222' title='bbox 1828 3008 1977 3063; x_wconf 87' lang='lat' dir='ltr'><strong>Tunc</strong></span> <span class='ocrx_word' id='word_1_223' title='bbox 2003 3025 2104 3062; x_wconf 91' lang='lat' dir='ltr'><strong>una</strong></span> 
     </span>
    </p>
   </div>
   <div class='ocr_carea' id='block_1_31' title="bbox 534 3099 2104 3170">
    <p class='ocr_par' dir='ltr' id='par_1_31' title="bbox 534 3099 2104 3170">
     <span class='ocr_line' id='line_1_31' title="bbox 534 3099 2104 3170; baseline 0.001 -17"><span class='ocrx_word' id='word_1_224' title='bbox 534 3102 808 3170; x_wconf 73' lang='lat' dir='ltr'><strong>vigilantes</strong></span> <span class='ocrx_word' id='word_1_225' title='bbox 834 3108 1017 3167; x_wconf 85' lang='lat' dir='ltr'><strong>nocte,</strong></span> <span class='ocrx_word' id='word_1_226' title='bbox 1051 3100 1320 3167; x_wconf 88' lang='lat' dir='ltr'><strong>ueprecati</strong></span> <span class='ocrx_word' id='word_1_227' title='bbox 1356 3106 1483 3151; x_wconf 90' lang='lat' dir='ltr'><strong>sunt</strong></span> <span class='ocrx_word' id='word_1_228' title='bbox 1510 3108 1566 3152; x_wconf 94' lang='lat' dir='ltr'><strong>ut</strong></span> <span class='ocrx_word' id='word_1_229' title='bbox 1593 3099 1791 3169; x_wconf 87' lang='lat' dir='ltr'><strong>aliquid</strong></span> <span class='ocrx_word' id='word_1_230' title='bbox 1836 3116 2104 3155; x_wconf 79' lang='lat' dir='ltr'><strong>meieren-</strong></span> 
     </span>
    </p>
   </div>
   <div class='ocr_carea' id='block_1_32' title="bbox 1541 283 2763 342">
    <p class='ocr_par' dir='ltr' id='par_1_32' title="bbox 1541 283 2763 342">
     <span class='ocr_line' id='line_1_32' title="bbox 1541 283 2763 342; baseline -0.002 -1"><span class='ocrx_word' id='word_1_231' title='bbox 1541 291 1598 341; x_wconf 83' lang='lat' dir='ltr'><strong>S.</strong></span> <span class='ocrx_word' id='word_1_232' title='bbox 1637 287 1955 342; x_wconf 75' lang='lat' dir='ltr'><strong>GREGORiI</strong></span> <span class='ocrx_word' id='word_1_233' title='bbox 1996 286 2295 341; x_wconf 78' lang='lat' dir='ltr'><strong>EPISCOPI</strong></span> <span class='ocrx_word' id='word_1_234' title='bbox 2337 283 2763 341; x_wconf 78' lang='lat' dir='ltr'><strong>TURONENSIS</strong></span> 
     </span>
    </p>
   </div>
   <div class='ocr_carea' id='block_1_33' title="bbox 2118 401 3791 474">
    <p class='ocr_par' dir='ltr' id='par_1_33' title="bbox 2118 401 3791 474">
     <span class='ocr_line' id='line_1_33' title="bbox 2118 401 3791 474; baseline -0.001 -17"><span class='ocrx_word' id='word_1_235' title='bbox 2118 408 2168 465; x_wconf 79' lang='grc' dir='ltr'><strong>Α</strong></span> <span class='ocrx_word' id='word_1_236' title='bbox 2197 419 2301 474; x_wconf 88' lang='lat' dir='ltr'><strong>quo</strong></span> <span class='ocrx_word' id='word_1_237' title='bbox 2330 403 2498 457; x_wconf 82' lang='lat' dir='ltr'><strong>Rufus</strong></span> <span class='ocrx_word' id='word_1_238' title='bbox 2528 412 2644 459; x_wconf 89' lang='lat' dir='ltr'><strong>erat</strong></span> <span class='ocrx_word' id='word_1_239' title='bbox 2670 403 2980 471; x_wconf 88' lang='lat' dir='ltr'><strong>episcopus,</strong></span> <span class='ocrx_word' id='word_1_240' title='bbox 3016 402 3091 455; x_wconf 91' lang='lat' dir='ltr'><strong>ait</strong></span> <span class='ocrx_word' id='word_1_241' title='bbox 3117 402 3525 456; x_wconf 86' lang='lat' dir='ltr'><strong>archidiaconus</strong></span> <span class='ocrx_word' id='word_1_242' title='bbox 3554 401 3674 471; x_wconf 77' lang='lat' dir='ltr'><strong>ejus</strong></span> <span class='ocrx_word' id='word_1_243' title='bbox 3705 403 3791 457; x_wconf 82' lang='lat' dir='ltr'><strong>ad</strong></span> 
     </span>
    </p>
   </div>
   <div class='ocr_carea' id='block_1_34' title="bbox 3665 281 3788 336">
    <p class='ocr_par' dir='ltr' id='par_1_34' title="bbox 3665 281 3788 336">
     <span class='ocr_line' id='line_1_34' title="bbox 3665 281 3788 336; baseline 0.008 -1"><span class='ocrx_word' id='word_1_244' title='bbox 3665 281 3788 336; x_wconf 72' lang='lat'><strong>7‘20</strong></span> 
     </span>
    </p>
   </div>
   <div class='ocr_carea' id='block_1_35' title="bbox 2191 491 3793 562">
    <p class='ocr_par' dir='ltr' id='par_1_35' title="bbox 2191 491 3793 562">
     <span class='ocr_line' id='line_1_35' title="bbox 2191 491 3793 562; baseline 0.001 -15"><span class='ocrx_word' id='word_1_245' title='bbox 2191 510 2311 548; x_wconf 85' lang='lat' dir='ltr'><strong>eum</strong></span> <span class='ocrx_word' id='word_1_246' title='bbox 2339 513 2351 547; x_wconf 90' lang='lat'><strong>:</strong></span> <span class='ocrx_word' id='word_1_247' title='bbox 2384 495 2499 549; x_wconf 76' lang='lat' dir='ltr'><strong>Non</strong></span> <span class='ocrx_word' id='word_1_248' title='bbox 2522 503 2605 548; x_wconf 89' lang='lat' dir='ltr'><strong>est</strong></span> <span class='ocrx_word' id='word_1_249' title='bbox 2646 508 2856 561; x_wconf 77' lang='lat' dir='ltr'><strong>:equum</strong></span> <span class='ocrx_word' id='word_1_250' title='bbox 2889 500 2947 546; x_wconf 91' lang='lat' dir='ltr'><strong>ut</strong></span> <span class='ocrx_word' id='word_1_251' title='bbox 2993 493 3094 547; x_wconf 90' lang='lat' dir='ltr'><strong>hoc</strong></span> <span class='ocrx_word' id='word_1_252' title='bbox 3136 491 3326 562; x_wconf 86' lang='lat' dir='ltr'><strong>pignus</strong></span> <span class='ocrx_word' id='word_1_253' title='bbox 3359 492 3408 546; x_wconf 87' lang='lat' dir='ltr'><strong>itt</strong></span> <span class='ocrx_word' id='word_1_254' title='bbox 3446 492 3564 547; x_wconf 85' lang='lat' dir='ltr'><strong>loco</strong></span> <span class='ocrx_word' id='word_1_255' title='bbox 3590 492 3793 547; x_wconf 82' lang='lat' dir='ltr'><strong>viliori</strong></span> 
     </span>
    </p>
   </div>
   <div class='ocr_carea' id='block_1_36' title="bbox 2193 584 3793 656">
    <p class='ocr_par' dir='ltr' id='par_1_36' title="bbox 2193 584 3793 656">
     <span class='ocr_line' id='line_1_36' title="bbox 2193 584 3793 656; baseline -0.001 -16"><span class='ocrx_word' id='word_1_256' title='bbox 2193 598 2469 652; x_wconf 88' lang='lat' dir='ltr'><strong>teneatur;</strong></span> <span class='ocrx_word' id='word_1_257' title='bbox 2499 586 2592 641; x_wconf 89' lang='lat' dir='ltr'><strong>sed</strong></span> <span class='ocrx_word' id='word_1_258' title='bbox 2615 601 2795 656; x_wconf 84' lang='lat' dir='ltr'><strong>surge,</strong></span> <span class='ocrx_word' id='word_1_259' title='bbox 2820 595 2871 639; x_wconf 89' lang='lat' dir='ltr'><strong>et</strong></span> <span class='ocrx_word' id='word_1_260' title='bbox 2894 584 3022 639; x_wconf 90' lang='lat' dir='ltr'><strong>illud</strong></span> <span class='ocrx_word' id='word_1_261' title='bbox 3050 584 3254 655; x_wconf 89' lang='lat' dir='ltr'><strong>accipe,</strong></span> <span class='ocrx_word' id='word_1_262' title='bbox 3284 594 3339 639; x_wconf 90' lang='lat' dir='ltr'><strong>et</strong></span> <span class='ocrx_word' id='word_1_263' title='bbox 3364 584 3512 639; x_wconf 79' lang='lat' dir='ltr'><strong>deter</strong></span> <span class='ocrx_word' id='word_1_264' title='bbox 3539 585 3607 639; x_wconf 87' lang='lat' dir='ltr'><strong>ad</strong></span> <span class='ocrx_word' id='word_1_265' title='bbox 3630 585 3793 639; x_wconf 83' lang='lat' dir='ltr'><strong>Tau-</strong></span> 
     </span>
    </p>
   </div>
   <div class='ocr_carea' id='block_1_37' title="bbox 2192 674 3790 745">
    <p class='ocr_par' dir='ltr' id='par_1_37' title="bbox 2192 674 3790 745">
     <span class='ocr_line' id='line_1_37' title="bbox 2192 674 3790 745; baseline -0.001 -13"><span class='ocrx_word' id='word_1_266' title='bbox 2192 679 2457 733; x_wconf 90' lang='lat' dir='ltr'><strong>rinensem</strong></span> <span class='ocrx_word' id='word_1_267' title='bbox 2488 677 2794 741; x_wconf 87' lang='lat' dir='ltr'><strong>ecclesiam,</strong></span> <span class='ocrx_word' id='word_1_268' title='bbox 2822 691 2939 745; x_wconf 61' lang='lat' dir='ltr'><strong>quas</strong></span> <span class='ocrx_word' id='word_1_269' title='bbox 2962 677 3081 744; x_wconf 91' lang='lat' dir='ltr'><strong>plus</strong></span> <span class='ocrx_word' id='word_1_270' title='bbox 3103 676 3377 745; x_wconf 89' lang='lat' dir='ltr'><strong>popularis</strong></span> <span class='ocrx_word' id='word_1_271' title='bbox 3402 674 3649 730; x_wconf 85' lang='lat' dir='ltr'><strong>habetur.</strong></span> <span class='ocrx_word' id='word_1_272' title='bbox 3669 676 3790 730; x_wconf 83' lang='lat' dir='ltr'><strong>Cui</strong></span> 
     </span>
    </p>
   </div>
   <div class='ocr_carea' id='block_1_38' title="bbox 2192 767 3791 839">
    <p class='ocr_par' dir='ltr' id='par_1_38' title="bbox 2192 767 3791 839">
     <span class='ocr_line' id='line_1_38' title="bbox 2192 767 3791 839; baseline -0.003 -15"><span class='ocrx_word' id='word_1_273' title='bbox 2192 772 2281 825; x_wconf 86' lang='lat' dir='ltr'><strong>ille</strong></span> <span class='ocrx_word' id='word_1_274' title='bbox 2304 770 2579 839; x_wconf 65' lang='lat' dir='ltr'><strong>respondit</strong></span> <span class='ocrx_word' id='word_1_275' title='bbox 2598 771 2717 837; x_wconf 74' lang='lat' dir='ltr'><strong>quin</strong></span> <span class='ocrx_word' id='word_1_276' title='bbox 2748 769 2862 823; x_wconf 66' lang='lat' dir='ltr'><strong>haec</strong></span> <span class='ocrx_word' id='word_1_277' title='bbox 2883 784 3040 838; x_wconf 87' lang='lat' dir='ltr'><strong>agere</strong></span> <span class='ocrx_word' id='word_1_278' title='bbox 3070 783 3175 821; x_wconf 90' lang='lat' dir='ltr'><strong>non</strong></span> <span class='ocrx_word' id='word_1_279' title='bbox 3200 768 3450 822; x_wconf 80' lang='lat' dir='ltr'><strong>audebat.</strong></span> <span class='ocrx_word' id='word_1_280' title='bbox 3487 767 3791 823; x_wconf 82' lang='lat' dir='ltr'><strong>Archidia-</strong></span> 
     </span>
    </p>
   </div>
   <div class='ocr_carea' id='block_1_39' title="bbox 2191 858 3788 930">
    <p class='ocr_par' dir='ltr' id='par_1_39' title="bbox 2191 858 3788 930">
     <span class='ocr_line' id='line_1_39' title="bbox 2191 858 3788 930; baseline -0.003 -13"><span class='ocrx_word' id='word_1_281' title='bbox 2191 878 2357 917; x_wconf 91' lang='lat' dir='ltr'><strong>conus</strong></span> <span class='ocrx_word' id='word_1_282' title='bbox 2384 862 2553 915; x_wconf 81' lang='lat' dir='ltr'><strong>dixit:</strong></span> <span class='ocrx_word' id='word_1_283' title='bbox 2582 862 2690 930; x_wconf 87' lang='lat' dir='ltr'><strong>Ego</strong></span> <span class='ocrx_word' id='word_1_284' title='bbox 2720 861 2821 913; x_wconf 91' lang='lat' dir='ltr'><strong>hoc</strong></span> <span class='ocrx_word' id='word_1_285' title='bbox 2852 859 3111 924; x_wconf 78' lang='lat' dir='ltr'><strong>deferam,</strong></span> <span class='ocrx_word' id='word_1_286' title='bbox 3165 860 3208 913; x_wconf 90' lang='lat' dir='ltr'><strong>si</strong></span> <span class='ocrx_word' id='word_1_287' title='bbox 3244 858 3524 924; x_wconf 75' lang='lat' dir='ltr'><strong>permittis.</strong></span> <span class='ocrx_word' id='word_1_288' title='bbox 3559 858 3628 913; x_wconf 82' lang='lat' dir='ltr'><strong>Et</strong></span> <span class='ocrx_word' id='word_1_289' title='bbox 3652 860 3788 927; x_wconf 86' lang='lat' dir='ltr'><strong>epi-</strong></span> 
     </span>
    </p>
   </div>
   <div class='ocr_carea' id='block_1_40' title="bbox 2194 948 3791 1022">
    <p class='ocr_par' dir='ltr' id='par_1_40' title="bbox 2194 948 3791 1022">
     <span class='ocr_line' id='line_1_40' title="bbox 2194 948 3791 1022; baseline -0.003 -13"><span class='ocrx_word' id='word_1_290' title='bbox 2194 969 2389 1022; x_wconf 88' lang='lat' dir='ltr'><strong>scopus</strong></span> <span class='ocrx_word' id='word_1_291' title='bbox 2422 970 2435 1007; x_wconf 88' lang='lat'><strong>:</strong></span> <span class='ocrx_word' id='word_1_292' title='bbox 2468 952 2573 1008; x_wconf 85' lang='lat' dir='ltr'><strong>Fac</strong></span> <span class='ocrx_word' id='word_1_293' title='bbox 2602 952 2741 1022; x_wconf 91' lang='lat' dir='ltr'><strong>quod</strong></span> <span class='ocrx_word' id='word_1_294' title='bbox 2774 951 2918 1005; x_wconf 90' lang='lat' dir='ltr'><strong>libet.</strong></span> <span class='ocrx_word' id='word_1_295' title='bbox 2964 950 3114 1004; x_wconf 83' lang='lat' dir='ltr'><strong>Tunc</strong></span> <span class='ocrx_word' id='word_1_296' title='bbox 3157 948 3567 1005; x_wconf 86' lang='lat' dir='ltr'><strong>archidiaconus</strong></span> <span class='ocrx_word' id='word_1_297' title='bbox 3615 963 3791 1005; x_wconf 81' lang='lat' dir='ltr'><strong>acce-</strong></span> 
     </span>
    </p>
   </div>
   <div class='ocr_carea' id='block_1_41' title="bbox 2192 1042 3786 1114">
    <p class='ocr_par' dir='ltr' id='par_1_41' title="bbox 2192 1042 3786 1114">
     <span class='ocr_line' id='line_1_41' title="bbox 2192 1042 3786 1114; baseline -0.004 -13"><span class='ocrx_word' id='word_1_298' title='bbox 2192 1047 2326 1103; x_wconf 83' lang='lat' dir='ltr'><strong>dens</strong></span> <span class='ocrx_word' id='word_1_299' title='bbox 2349 1046 2412 1101; x_wconf 88' lang='lat' dir='ltr'><strong>ad</strong></span> <span class='ocrx_word' id='word_1_300' title='bbox 2442 1046 2614 1100; x_wconf 92' lang='lat' dir='ltr'><strong>locum</strong></span> <span class='ocrx_word' id='word_1_301' title='bbox 2634 1085 2649 1110; x_wconf 95' lang='lat'><strong>,</strong></span> <span class='ocrx_word' id='word_1_302' title='bbox 2679 1046 2805 1099; x_wconf 91' lang='lat' dir='ltr'><strong>dum</strong></span> <span class='ocrx_word' id='word_1_303' title='bbox 2841 1043 3047 1114; x_wconf 79' lang='lat' dir='ltr'><strong>vigilias</strong></span> <span class='ocrx_word' id='word_1_304' title='bbox 3077 1042 3337 1107; x_wconf 89' lang='lat' dir='ltr'><strong>celebrat,</strong></span> <span class='ocrx_word' id='word_1_305' title='bbox 3362 1042 3523 1097; x_wconf 88' lang='lat' dir='ltr'><strong>mittit</strong></span> <span class='ocrx_word' id='word_1_306' title='bbox 3553 1057 3786 1096; x_wconf 88' lang='lat' dir='ltr'><strong>manum</strong></span> 
     </span>
    </p>
   </div>
   <div class='ocr_carea' id='block_1_42' title="bbox 2194 1134 3785 1204">
    <p class='ocr_par' dir='ltr' id='par_1_42' title="bbox 2194 1134 3785 1204">
     <span class='ocr_line' id='line_1_42' title="bbox 2194 1134 3785 1204; baseline 0 -14"><span class='ocrx_word' id='word_1_307' title='bbox 2194 1138 2260 1192; x_wconf 93' lang='lat' dir='ltr'><strong>ad</strong></span> <span class='ocrx_word' id='word_1_308' title='bbox 2283 1137 2576 1204; x_wconf 79' lang='lat' dir='ltr'><strong>capSnlam.</strong></span> <span class='ocrx_word' id='word_1_309' title='bbox 2605 1136 2721 1191; x_wconf 77' lang='lat' dir='ltr'><strong>Mox</strong></span> <span class='ocrx_word' id='word_1_310' title='bbox 2768 1150 2954 1190; x_wconf 88' lang='lat' dir='ltr'><strong>amens</strong></span> <span class='ocrx_word' id='word_1_311' title='bbox 3002 1134 3243 1204; x_wconf 81' lang='lat' dir='ltr'><strong>effectus,</strong></span> <span class='ocrx_word' id='word_1_312' title='bbox 3290 1150 3550 1191; x_wconf 88' lang='lat' dir='ltr'><strong>accensus</strong></span> <span class='ocrx_word' id='word_1_313' title='bbox 3596 1135 3785 1200; x_wconf 82' lang='lat' dir='ltr'><strong>febre,</strong></span> 
     </span>
    </p>
   </div>
   <div class='ocr_carea' id='block_1_43' title="bbox 2194 1227 3789 1299">
    <p class='ocr_par' dir='ltr' id='par_1_43' title="bbox 2194 1227 3789 1299">
     <span class='ocr_line' id='line_1_43' title="bbox 2194 1227 3789 1299; baseline -0.001 -15"><span class='ocrx_word' id='word_1_314' title='bbox 2194 1232 2279 1285; x_wconf 91' lang='lat' dir='ltr'><strong>die</strong></span> <span class='ocrx_word' id='word_1_315' title='bbox 2312 1229 2469 1284; x_wconf 85' lang='lat' dir='ltr'><strong>tertio</strong></span> <span class='ocrx_word' id='word_1_316' title='bbox 2511 1228 2834 1298; x_wconf 81' lang='lat' dir='ltr'><strong>exspiravit;</strong></span> <span class='ocrx_word' id='word_1_317' title='bbox 2890 1227 3165 1295; x_wconf 87' lang='lat' dir='ltr'><strong>factusque</strong></span> <span class='ocrx_word' id='word_1_318' title='bbox 3213 1235 3297 1283; x_wconf 92' lang='lat' dir='ltr'><strong>est</strong></span> <span class='ocrx_word' id='word_1_319' title='bbox 3344 1229 3503 1283; x_wconf 89' lang='lat' dir='ltr'><strong>timor</strong></span> <span class='ocrx_word' id='word_1_320' title='bbox 3548 1244 3789 1299; x_wconf 88' lang='lat' dir='ltr'><strong>magnus</strong></span> 
     </span>
    </p>
   </div>
   <div class='ocr_carea' id='block_1_44' title="bbox 2195 1317 3789 1389">
    <p class='ocr_par' dir='ltr' id='par_1_44' title="bbox 2195 1317 3789 1389">
     <span class='ocr_line' id='line_1_44' title="bbox 2195 1317 3789 1389; baseline 0 -16"><span class='ocrx_word' id='word_1_321' title='bbox 2195 1321 2464 1384; x_wconf 89' lang='lat' dir='ltr'><strong>omnibus,</strong></span> <span class='ocrx_word' id='word_1_322' title='bbox 2498 1335 2598 1375; x_wconf 90' lang='lat' dir='ltr'><strong>nec</strong></span> <span class='ocrx_word' id='word_1_323' title='bbox 2644 1319 2931 1389; x_wconf 85' lang='lat' dir='ltr'><strong>quisquam</strong></span> <span class='ocrx_word' id='word_1_324' title='bbox 2978 1317 3116 1371; x_wconf 89' lang='lat' dir='ltr'><strong>ultra</strong></span> <span class='ocrx_word' id='word_1_325' title='bbox 3161 1317 3311 1372; x_wconf 88' lang='lat' dir='ltr'><strong>beata</strong></span> <span class='ocrx_word' id='word_1_326' title='bbox 3360 1319 3581 1388; x_wconf 82' lang='lat' dir='ltr'><strong>pignora</strong></span> <span class='ocrx_word' id='word_1_327' title='bbox 3611 1333 3789 1373; x_wconf 84' lang='lat' dir='ltr'><strong>ausus</strong></span> 
     </span>
    </p>
   </div>
   <div class='ocr_carea' id='block_1_45' title="bbox 2196 1419 2528 1464">
    <p class='ocr_par' dir='ltr' id='par_1_45' title="bbox 2196 1419 2528 1464">
     <span class='ocr_line' id='line_1_45' title="bbox 2196 1419 2528 1464; baseline -0.006 -1"><span class='ocrx_word' id='word_1_328' title='bbox 2196 1419 2280 1463; x_wconf 71' lang='grc'>881.</span> <span class='ocrx_word' id='word_1_329' title='bbox 2302 1422 2528 1464; x_wconf 86' lang='lat' dir='ltr'><strong>mutare.</strong></span> 
     </span>
    </p>
   </div>
   <div class='ocr_carea' id='block_1_46' title="bbox 2796 1500 3182 1559">
    <p class='ocr_par' dir='ltr' id='par_1_46' title="bbox 2796 1500 3182 1559">
     <span class='ocr_line' id='line_1_46' title="bbox 2796 1500 3182 1559; baseline 0.013 -5"><span class='ocrx_word' id='word_1_330' title='bbox 2796 1500 3027 1557; x_wconf 82' lang='lat' dir='ltr'><strong>CAPUT</strong></span> <span class='ocrx_word' id='word_1_331' title='bbox 3063 1500 3182 1559; x_wconf 84' lang='lat' dir='ltr'><strong>XV.</strong></span> 
     </span>
    </p>
   </div>
   <div class='ocr_carea' id='block_1_47' title="bbox 2200 1610 3776 1736">
    <p class='ocr_par' dir='ltr' id='par_1_47' title="bbox 2200 1610 3776 1736">
     <span class='ocr_line' id='line_1_47' title="bbox 2200 1610 3776 1736; baseline 0.003 -72"><span class='ocrx_word' id='word_1_332' title='bbox 2200 1610 2273 1666; x_wconf 88' lang='lat' dir='ltr'><strong>De</strong></span> <span class='ocrx_word' id='word_1_333' title='bbox 2319 1612 2545 1679; x_wconf 86' lang='lat' dir='ltr'><strong>reliquiis</strong></span> <span class='ocrx_word' id='word_1_334' title='bbox 2569 1611 2695 1665; x_wconf 89' lang='lat' dir='ltr'><strong>beati</strong></span> <span class='ocrx_word' id='word_1_335' title='bbox 2694 1610 2951 1736; x_wconf 69' lang='lat' dir='ltr'><strong>Mloannis</strong></span> <span class='ocrx_word' id='word_1_336' title='bbox 2992 1613 3133 1695; x_wconf 77' lang='lat' dir='ltr'><strong>infra</strong></span> <span class='ocrx_word' id='word_1_337' title='bbox 3181 1612 3542 1667; x_wconf 80' lang='lat' dir='ltr'><strong>monasterium</strong></span> <span class='ocrx_word' id='word_1_338' title='bbox 3597 1615 3776 1669; x_wconf 84' lang='lat' dir='ltr'><strong>sancti</strong></span> 
     </span>
     <span class='ocr_line' id='line_1_48' title="bbox 2755 1696 3135 1736; baseline 0 0"><span class='ocrx_word' id='word_1_339' title='bbox 2755 1697 2907 1736; x_wconf 80' lang='lat' dir='ltr'><strong>arum</strong></span> <span class='ocrx_word' id='word_1_340' title='bbox 2938 1696 3135 1736; x_wconf 78' lang='lat' dir='ltr'><strong>vastus.</strong></span> 
     </span>
    </p>
   </div>
   <div class='ocr_carea' id='block_1_48' title="bbox 2755 1696 3135 1752">
    <p class='ocr_par' dir='ltr' id='par_1_48' title="bbox 2755 1696 3135 1752">
     <span class='ocr_line' id='line_1_49' title="bbox 2755 1696 3135 1752; baseline 0 -16"><span class='ocrx_word' id='word_1_341' title='bbox 2755 1697 2907 1736; x_wconf 84' lang='lat' dir='ltr'><strong>amnt</strong></span> <span class='ocrx_word' id='word_1_342' title='bbox 2937 1696 3135 1752; x_wconf 79' lang='lat' dir='ltr'><strong>pastus.</strong></span> 
     </span>
    </p>
   </div>
   <div class='ocr_carea' id='block_1_49' title="bbox 2125 1774 3791 1866">
    <p class='ocr_par' dir='ltr' id='par_1_49' title="bbox 2125 1774 3791 1866">
     <span class='ocr_line' id='line_1_50' title="bbox 2125 1774 3791 1866; baseline 0.001 -17"><span class='ocrx_word' id='word_1_343' title='bbox 2125 1774 2169 1832; x_wconf 70' lang='grc' dir='ltr'><strong>Β</strong></span> <span class='ocrx_word' id='word_1_344' title='bbox 2272 1796 2421 1866; x_wconf 81' lang='lat' dir='ltr'><strong>Apud</strong></span> <span class='ocrx_word' id='word_1_345' title='bbox 2450 1806 2472 1833; x_wconf 77' lang='grc' dir='ltr'><strong>θ</strong></span> <span class='ocrx_word' id='word_1_346' title='bbox 2502 1796 2821 1849; x_wconf 89' lang='lat' dir='ltr'><strong>Turonieam</strong></span> <span class='ocrx_word' id='word_1_347' title='bbox 2853 1811 2980 1850; x_wconf 91' lang='lat' dir='ltr'><strong>vero</strong></span> <span class='ocrx_word' id='word_1_348' title='bbox 3009 1795 3217 1859; x_wconf 90' lang='lat' dir='ltr'><strong>urbem,</strong></span> <span class='ocrx_word' id='word_1_349' title='bbox 3242 1794 3366 1849; x_wconf 93' lang='lat' dir='ltr'><strong>dum</strong></span> <span class='ocrx_word' id='word_1_350' title='bbox 3396 1798 3449 1849; x_wconf 92' lang='lat' dir='ltr'><strong>in</strong></span> <span class='ocrx_word' id='word_1_351' title='bbox 3484 1797 3791 1851; x_wconf 90' lang='lat' dir='ltr'><strong>oratorium</strong></span> 
     </span>
    </p>
   </div>
   <div class='ocr_carea' id='block_1_50' title="bbox 2195 1887 3782 1959">
    <p class='ocr_par' dir='ltr' id='par_1_50' title="bbox 2195 1887 3782 1959">
     <span class='ocr_line' id='line_1_51' title="bbox 2195 1887 3782 1959; baseline 0.002 -19"><span class='ocrx_word' id='word_1_352' title='bbox 2195 1888 2313 1941; x_wconf 90' lang='lat' dir='ltr'><strong>atrii</strong></span> <span class='ocrx_word' id='word_1_353' title='bbox 2342 1888 2487 1941; x_wconf 87' lang='lat' dir='ltr'><strong>beati</strong></span> <span class='ocrx_word' id='word_1_354' title='bbox 2538 1887 2745 1941; x_wconf 87' lang='lat' dir='ltr'><strong>Martini</strong></span> <span class='ocrx_word' id='word_1_355' title='bbox 2788 1887 2952 1956; x_wconf 87' lang='lat' dir='ltr'><strong>ipsius</strong></span> <span class='ocrx_word' id='word_1_356' title='bbox 2985 1887 3338 1942; x_wconf 81' lang='lat' dir='ltr'><strong>Praecursoris</strong></span> <span class='ocrx_word' id='word_1_357' title='bbox 3369 1887 3631 1959; x_wconf 88' lang='lat' dir='ltr'><strong>reliquias</strong></span> <span class='ocrx_word' id='word_1_358' title='bbox 3656 1890 3782 1943; x_wconf 65' lang='grc' dir='ltr'>θυι-</span> 
     </span>
    </p>
   </div>
   <div class='ocr_carea' id='block_1_51' title="bbox 2204 1978 3786 2047">
    <p class='ocr_par' dir='ltr' id='par_1_51' title="bbox 2204 1978 3786 2047">
     <span class='ocr_line' id='line_1_52' title="bbox 2204 1978 3786 2047; baseline 0 -14"><span class='ocrx_word' id='word_1_359' title='bbox 2204 1980 2524 2044; x_wconf 79' lang='lat' dir='ltr'><strong>locaremus,</strong></span> <span class='ocrx_word' id='word_1_360' title='bbox 2578 1992 2753 2033; x_wconf 69' lang='lat' dir='ltr'><strong>caecus</strong></span> <span class='ocrx_word' id='word_1_361' title='bbox 2795 1978 3031 2047; x_wconf 91' lang='lat' dir='ltr'><strong>quidam,</strong></span> <span class='ocrx_word' id='word_1_362' title='bbox 3089 1978 3413 2033; x_wconf 89' lang='lat' dir='ltr'><strong>adminiculo</strong></span> <span class='ocrx_word' id='word_1_363' title='bbox 3456 1979 3786 2045; x_wconf 90' lang='lat' dir='ltr'><strong>deducente,</strong></span> 
     </span>
    </p>
   </div>
   <div class='ocr_carea' id='block_1_52' title="bbox 2198 2069 3791 2138">
    <p class='ocr_par' dir='ltr' id='par_1_52' title="bbox 2198 2069 3791 2138">
     <span class='ocr_line' id='line_1_53' title="bbox 2198 2069 3791 2138; baseline 0.002 -15"><span class='ocrx_word' id='word_1_364' title='bbox 2198 2070 2375 2123; x_wconf 90' lang='lat' dir='ltr'><strong>lumen</strong></span> <span class='ocrx_word' id='word_1_365' title='bbox 2426 2069 2648 2138; x_wconf 90' lang='lat' dir='ltr'><strong>recepit.</strong></span> <span class='ocrx_word' id='word_1_366' title='bbox 2698 2069 3100 2137; x_wconf 83' lang='lat' dir='ltr'><strong>Energumenus</strong></span> <span class='ocrx_word' id='word_1_367' title='bbox 3129 2085 3262 2124; x_wconf 89' lang='lat' dir='ltr'><strong>vero</strong></span> <span class='ocrx_word' id='word_1_368' title='bbox 3301 2070 3579 2125; x_wconf 90' lang='lat' dir='ltr'><strong>obtestans</strong></span> <span class='ocrx_word' id='word_1_369' title='bbox 3605 2071 3791 2126; x_wconf 85' lang='lat' dir='ltr'><strong>virtu-</strong></span> 
     </span>
    </p>
   </div>
   <div class='ocr_carea' id='block_1_53' title="bbox 2199 2161 3787 2233">
    <p class='ocr_par' dir='ltr' id='par_1_53' title="bbox 2199 2161 3787 2233">
     <span class='ocr_line' id='line_1_54' title="bbox 2199 2161 3787 2233; baseline 0.001 -18"><span class='ocrx_word' id='word_1_370' title='bbox 2199 2172 2303 2217; x_wconf 91' lang='lat' dir='ltr'><strong>tem</strong></span> <span class='ocrx_word' id='word_1_371' title='bbox 2326 2162 2464 2216; x_wconf 86' lang='lat' dir='ltr'><strong>beati</strong></span> <span class='ocrx_word' id='word_1_372' title='bbox 2487 2161 2724 2224; x_wconf 79' lang='lat' dir='ltr'><strong>Joannis,</strong></span> <span class='ocrx_word' id='word_1_373' title='bbox 2750 2161 3066 2228; x_wconf 85' lang='lat' dir='ltr'><strong>Martinique</strong></span> <span class='ocrx_word' id='word_1_374' title='bbox 3095 2162 3373 2227; x_wconf 88' lang='lat' dir='ltr'><strong>antistitis,</strong></span> <span class='ocrx_word' id='word_1_375' title='bbox 3397 2164 3625 2231; x_wconf 87' lang='lat' dir='ltr'><strong>expulso</strong></span> <span class='ocrx_word' id='word_1_376' title='bbox 3649 2177 3787 2233; x_wconf 85' lang='lat' dir='ltr'><strong>pur-</strong></span> 
     </span>
    </p>
   </div>
   <div class='ocr_carea' id='block_1_54' title="bbox 2198 2249 3789 2321">
    <p class='ocr_par' dir='ltr' id='par_1_54' title="bbox 2198 2249 3789 2321">
     <span class='ocr_line' id='line_1_55' title="bbox 2198 2249 3789 2321; baseline 0.001 -17"><span class='ocrx_word' id='word_1_377' title='bbox 2198 2264 2351 2321; x_wconf 86' lang='lat' dir='ltr'><strong>gatus</strong></span> <span class='ocrx_word' id='word_1_378' title='bbox 2381 2262 2463 2305; x_wconf 87' lang='lat' dir='ltr'><strong>est</strong></span> <span class='ocrx_word' id='word_1_379' title='bbox 2491 2250 2755 2304; x_wconf 69' lang='lat' dir='ltr'><strong>daemone.</strong></span> <span class='ocrx_word' id='word_1_380' title='bbox 2810 2250 2866 2303; x_wconf 88' lang='lat' dir='ltr'><strong>in</strong></span> <span class='ocrx_word' id='word_1_381' title='bbox 2922 2249 3024 2304; x_wconf 90' lang='lat' dir='ltr'><strong>hoc</strong></span> <span class='ocrx_word' id='word_1_382' title='bbox 3069 2250 3303 2304; x_wconf 88' lang='lat' dir='ltr'><strong>oratorio</strong></span> <span class='ocrx_word' id='word_1_383' title='bbox 3329 2265 3433 2303; x_wconf 90' lang='lat' dir='ltr'><strong>una</strong></span> <span class='ocrx_word' id='word_1_384' title='bbox 3479 2251 3789 2319; x_wconf 84' lang='lat' dir='ltr'><strong>puellarum</strong></span> 
     </span>
    </p>
   </div>
   <div class='ocr_carea' id='block_1_55' title="bbox 2199 2339 3788 2412">
    <p class='ocr_par' dir='ltr' id='par_1_55' title="bbox 2199 2339 3788 2412">
     <span class='ocr_line' id='line_1_56' title="bbox 2199 2339 3788 2412; baseline 0 -17"><span class='ocrx_word' id='word_1_385' title='bbox 2199 2342 2284 2396; x_wconf 92' lang='lat' dir='ltr'><strong>cui</strong></span> <span class='ocrx_word' id='word_1_386' title='bbox 2311 2340 2545 2395; x_wconf 85' lang='lat' dir='ltr'><strong>officium</strong></span> <span class='ocrx_word' id='word_1_387' title='bbox 2572 2348 2689 2395; x_wconf 88' lang='lat' dir='ltr'><strong>erat</strong></span> <span class='ocrx_word' id='word_1_388' title='bbox 2735 2340 2899 2412; x_wconf 66' lang='lat'><strong>740</strong></span> <span class='ocrx_word' id='word_1_389' title='bbox 2944 2339 3126 2410; x_wconf 87' lang='lat' dir='ltr'><strong>lychni</strong></span> <span class='ocrx_word' id='word_1_390' title='bbox 3159 2340 3391 2393; x_wconf 89' lang='lat' dir='ltr'><strong>fomenta</strong></span> <span class='ocrx_word' id='word_1_391' title='bbox 3424 2353 3788 2409; x_wconf 85' lang='lat' dir='ltr'><strong>componere,</strong></span> 
     </span>
    </p>
   </div>
   <div class='ocr_carea' id='block_1_56' title="bbox 2201 2435 3790 2506">
    <p class='ocr_par' dir='ltr' id='par_1_56' title="bbox 2201 2435 3790 2506">
     <span class='ocr_line' id='line_1_57' title="bbox 2201 2435 3790 2506; baseline -0.001 -16"><span class='ocrx_word' id='word_1_392' title='bbox 2201 2435 2490 2491; x_wconf 78' lang='lat' dir='ltr'><strong>adveniens</strong></span> <span class='ocrx_word' id='word_1_393' title='bbox 2546 2450 2664 2489; x_wconf 87' lang='lat' dir='ltr'><strong>cum</strong></span> <span class='ocrx_word' id='word_1_394' title='bbox 2714 2449 2877 2490; x_wconf 89' lang='lat' dir='ltr'><strong>cereo</strong></span> <span class='ocrx_word' id='word_1_395' title='bbox 2911 2444 2967 2490; x_wconf 87' lang='lat' dir='ltr'><strong>ut</strong></span> <span class='ocrx_word' id='word_1_396' title='bbox 2998 2436 3110 2490; x_wconf 71' lang='lat' dir='ltr'><strong>hinc</strong></span> <span class='ocrx_word' id='word_1_397' title='bbox 3149 2446 3351 2504; x_wconf 81' lang='lat' dir='ltr'><strong>ageret,</strong></span> <span class='ocrx_word' id='word_1_398' title='bbox 3376 2444 3461 2490; x_wconf 93' lang='lat' dir='ltr'><strong>est</strong></span> <span class='ocrx_word' id='word_1_399' title='bbox 3491 2436 3731 2506; x_wconf 87' lang='lat' dir='ltr'><strong>ingressa</strong></span> <span class='ocrx_word' id='word_1_400' title='bbox 3770 2453 3790 2489; x_wconf 90' lang='lat'><strong>:</strong></span> 
     </span>
    </p>
   </div>
   <div class='ocr_carea' id='block_1_57' title="bbox 2201 2526 3791 2596">
    <p class='ocr_par' dir='ltr' id='par_1_57' title="bbox 2201 2526 3791 2596">
     <span class='ocr_line' id='line_1_58' title="bbox 2201 2526 3791 2596; baseline -0.001 -13"><span class='ocrx_word' id='word_1_401' title='bbox 2201 2526 2609 2596; x_wconf 88' lang='lat' dir='ltr'><strong>compositoque</strong></span> <span class='ocrx_word' id='word_1_402' title='bbox 2636 2526 2832 2596; x_wconf 83' lang='lat' dir='ltr'><strong>lychno</strong></span> <span class='ocrx_word' id='word_1_403' title='bbox 2880 2538 3041 2595; x_wconf 83' lang='lat' dir='ltr'><strong>atque</strong></span> <span class='ocrx_word' id='word_1_404' title='bbox 3079 2540 3337 2588; x_wconf 88' lang='lat' dir='ltr'><strong>accenso,</strong></span> <span class='ocrx_word' id='word_1_405' title='bbox 3368 2534 3599 2581; x_wconf 89' lang='lat' dir='ltr'><strong>attracto</strong></span> <span class='ocrx_word' id='word_1_406' title='bbox 3623 2526 3689 2579; x_wconf 80' lang='lat' dir='ltr'><strong>ad</strong></span> <span class='ocrx_word' id='word_1_407' title='bbox 3720 2540 3791 2581; x_wconf 80' lang='lat' dir='ltr'><strong>se</strong></span> 
     </span>
    </p>
   </div>
   <div class='ocr_carea' id='block_1_58' title="bbox 2204 2615 3796 2686">
    <p class='ocr_par' dir='ltr' id='par_1_58' title="bbox 2204 2615 3796 2686">
     <span class='ocr_line' id='line_1_59' title="bbox 2204 2615 3796 2686; baseline -0.001 -13"><span class='ocrx_word' id='word_1_408' title='bbox 2204 2617 2350 2684; x_wconf 89' lang='lat' dir='ltr'><strong>fune,</strong></span> <span class='ocrx_word' id='word_1_409' title='bbox 2377 2618 2684 2674; x_wconf 86' lang='lat' dir='ltr'><strong>sublimavit</strong></span> <span class='ocrx_word' id='word_1_410' title='bbox 2722 2617 2781 2671; x_wconf 86' lang='lat' dir='ltr'><strong>in</strong></span> <span class='ocrx_word' id='word_1_411' title='bbox 2838 2616 3004 2671; x_wconf 86' lang='lat' dir='ltr'><strong>altum</strong></span> <span class='ocrx_word' id='word_1_412' title='bbox 3033 2660 3048 2683; x_wconf 92' lang='lat'><strong>,</strong></span> <span class='ocrx_word' id='word_1_413' title='bbox 3081 2617 3354 2686; x_wconf 90' lang='lat' dir='ltr'><strong>plexisque</strong></span> <span class='ocrx_word' id='word_1_414' title='bbox 3374 2615 3397 2659; x_wconf 69' lang='grc' dir='ltr'>ί</span> <span class='ocrx_word' id='word_1_415' title='bbox 3422 2617 3675 2675; x_wconf 81' lang='lat' dir='ltr'><strong>innexum</strong></span> <span class='ocrx_word' id='word_1_416' title='bbox 3702 2619 3796 2671; x_wconf 84' lang='lat' dir='ltr'><strong>la-</strong></span> 
     </span>
    </p>
   </div>
   <div class='ocr_carea' id='block_1_59' title="bbox 2212 2706 3790 2779">
    <p class='ocr_par' dir='ltr' id='par_1_59' title="bbox 2212 2706 3790 2779">
     <span class='ocr_line' id='line_1_60' title="bbox 2212 2706 3790 2779; baseline 0.001 -18"><span class='ocrx_word' id='word_1_417' title='bbox 2212 2711 2366 2779; x_wconf 86' lang='lat' dir='ltr'><strong>queis</strong></span> <span class='ocrx_word' id='word_1_418' title='bbox 2411 2710 2477 2765; x_wconf 91' lang='lat' dir='ltr'><strong>ad</strong></span> <span class='ocrx_word' id='word_1_419' title='bbox 2526 2709 2743 2779; x_wconf 88' lang='lat' dir='ltr'><strong>parietis</strong></span> <span class='ocrx_word' id='word_1_420' title='bbox 2771 2708 3005 2773; x_wconf 88' lang='lat' dir='ltr'><strong>clavum,</strong></span> <span class='ocrx_word' id='word_1_421' title='bbox 3040 2719 3095 2762; x_wconf 89' lang='lat' dir='ltr'><strong>et</strong></span> <span class='ocrx_word' id='word_1_422' title='bbox 3148 2708 3425 2763; x_wconf 86' lang='lat' dir='ltr'><strong>abscessit.</strong></span> <span class='ocrx_word' id='word_1_423' title='bbox 3468 2706 3598 2774; x_wconf 67' lang='lat' dir='ltr'><strong>Quae</strong></span> <span class='ocrx_word' id='word_1_424' title='bbox 3650 2709 3790 2763; x_wconf 81' lang='lat' dir='ltr'><strong>dum</strong></span> 
     </span>
    </p>
   </div>
   <div class='ocr_carea' id='block_1_60' title="bbox 2209 2799 3793 2871">
    <p class='ocr_par' dir='ltr' id='par_1_60' title="bbox 2209 2799 3793 2871">
     <span class='ocr_line' id='line_1_61' title="bbox 2209 2799 3793 2871; baseline 0.001 -16"><span class='ocrx_word' id='word_1_425' title='bbox 2209 2801 2365 2867; x_wconf 90' lang='lat' dir='ltr'><strong>redit,</strong></span> <span class='ocrx_word' id='word_1_426' title='bbox 2415 2816 2605 2856; x_wconf 91' lang='lat' dir='ltr'><strong>cereus</strong></span> <span class='ocrx_word' id='word_1_427' title='bbox 2653 2816 2811 2870; x_wconf 87' lang='lat' dir='ltr'><strong>quem</strong></span> <span class='ocrx_word' id='word_1_428' title='bbox 2842 2816 3001 2854; x_wconf 89' lang='lat' dir='ltr'><strong>manu</strong></span> <span class='ocrx_word' id='word_1_429' title='bbox 3048 2799 3269 2869; x_wconf 83' lang='lat' dir='ltr'><strong>gerebat</strong></span> <span class='ocrx_word' id='word_1_430' title='bbox 3298 2800 3671 2871; x_wconf 80' lang='lat' dir='ltr'><strong>exstinguitur,</strong></span> <span class='ocrx_word' id='word_1_431' title='bbox 3697 2816 3793 2856; x_wconf 85' lang='lat' dir='ltr'><strong>re-</strong></span> 
     </span>
    </p>
   </div>
   <div class='ocr_carea' id='block_1_61' title="bbox 2206 2891 3795 2963">
    <p class='ocr_par' dir='ltr' id='par_1_61' title="bbox 2206 2891 3795 2963">
     <span class='ocr_line' id='line_1_62' title="bbox 2206 2891 3795 2963; baseline -0.001 -17"><span class='ocrx_word' id='word_1_432' title='bbox 2206 2907 2492 2963; x_wconf 85' lang='lat' dir='ltr'><strong>gressaque</strong></span> <span class='ocrx_word' id='word_1_433' title='bbox 2518 2893 2774 2947; x_wconf 88' lang='lat' dir='ltr'><strong>velociter</strong></span> <span class='ocrx_word' id='word_1_434' title='bbox 2794 2891 2861 2945; x_wconf 89' lang='lat' dir='ltr'><strong>ad</strong></span> <span class='ocrx_word' id='word_1_435' title='bbox 2886 2892 3225 2957; x_wconf 87' lang='lat' dir='ltr'><strong>cicendilem,</strong></span> <span class='ocrx_word' id='word_1_436' title='bbox 3255 2907 3468 2947; x_wconf 84' lang='lat' dir='ltr'><strong>cereum</strong></span> <span class='ocrx_word' id='word_1_437' title='bbox 3501 2907 3607 2946; x_wconf 91' lang='lat' dir='ltr'><strong>non</strong></span> <span class='ocrx_word' id='word_1_438' title='bbox 3631 2894 3795 2949; x_wconf 84' lang='lat' dir='ltr'><strong>attin-</strong></span> 
     </span>
    </p>
   </div>
   <div class='ocr_carea' id='block_1_62' title="bbox 2210 2982 3792 3052">
    <p class='ocr_par' dir='ltr' id='par_1_62' title="bbox 2210 2982 3792 3052">
     <span class='ocr_line' id='line_1_63' title="bbox 2210 2982 3792 3052; baseline 0.001 -14"><span class='ocrx_word' id='word_1_439' title='bbox 2210 2986 2367 3051; x_wconf 86' lang='lat' dir='ltr'><strong>gebat</strong></span> <span class='ocrx_word' id='word_1_440' title='bbox 2414 2984 2742 3049; x_wconf 88' lang='lat' dir='ltr'><strong>illuminare,</strong></span> <span class='ocrx_word' id='word_1_441' title='bbox 2792 2998 2967 3051; x_wconf 90' lang='lat' dir='ltr'><strong>neque</strong></span> <span class='ocrx_word' id='word_1_442' title='bbox 3024 2983 3267 3052; x_wconf 89' lang='lat' dir='ltr'><strong>laqueum</strong></span> <span class='ocrx_word' id='word_1_443' title='bbox 3322 2983 3461 3038; x_wconf 88' lang='lat' dir='ltr'><strong>funis</strong></span> <span class='ocrx_word' id='word_1_444' title='bbox 3484 2982 3792 3040; x_wconf 83' lang='lat' dir='ltr'><strong>absolvere.</strong></span> 
     </span>
    </p>
   </div>
   <div class='ocr_carea' id='block_1_63' title="bbox 2214 3074 3793 3144">
    <p class='ocr_par' dir='ltr' id='par_1_63' title="bbox 2214 3074 3793 3144">
     <span class='ocr_line' id='line_1_64' title="bbox 2214 3074 3793 3144; baseline 0.001 -15"><span class='ocrx_word' id='word_1_445' title='bbox 2214 3075 2345 3129; x_wconf 89' lang='lat' dir='ltr'><strong>Dum</strong></span> <span class='ocrx_word' id='word_1_446' title='bbox 2370 3076 2618 3143; x_wconf 80' lang='lat' dir='ltr'><strong>ambigua</strong></span> <span class='ocrx_word' id='word_1_447' title='bbox 2646 3075 2713 3128; x_wconf 91' lang='lat' dir='ltr'><strong>de</strong></span> <span class='ocrx_word' id='word_1_448' title='bbox 2740 3074 2844 3129; x_wconf 84' lang='lat' dir='ltr'><strong>hac</strong></span> <span class='ocrx_word' id='word_1_449' title='bbox 2875 3088 3034 3128; x_wconf 87' lang='lat' dir='ltr'><strong>causa</strong></span> <span class='ocrx_word' id='word_1_450' title='bbox 3063 3075 3342 3142; x_wconf 85' lang='lat' dir='ltr'><strong>penderet,</strong></span> <span class='ocrx_word' id='word_1_451' title='bbox 3374 3075 3555 3129; x_wconf 90' lang='lat' dir='ltr'><strong>subito</strong></span> <span class='ocrx_word' id='word_1_452' title='bbox 3570 3076 3793 3144; x_wconf 78' lang='lat' dir='ltr'><strong>delapsa</strong></span> 
     </span>
    </p>
   </div>
   <div class='ocr_carea' id='block_1_64' title="bbox 534 3152 3795 3259">
    <p class='ocr_par' dir='ltr' id='par_1_64' title="bbox 534 3152 3795 3259">
     <span class='ocr_line' id='line_1_65' title="bbox 534 3152 3795 3259; baseline -0.001 -14"><span class='ocrx_word' id='word_1_453' title='bbox 534 3152 620 3245; x_wconf 57' lang='lat' dir='ltr'><strong>tu:</strong></span> <span class='ocrx_word' id='word_1_454' title='bbox 648 3208 676 3244; x_wconf 91' lang='lat' dir='ltr'><strong>a</strong></span> <span class='ocrx_word' id='word_1_455' title='bbox 710 3163 900 3259; x_wconf 83' lang='lat' dir='ltr'><strong>pollice</strong></span> <span class='ocrx_word' id='word_1_456' title='bbox 927 3206 941 3255; x_wconf 91' lang='lat'><strong>;</strong></span> <span class='ocrx_word' id='word_1_457' title='bbox 975 3187 1252 3257; x_wconf 88' lang='lat' dir='ltr'><strong>positoque</strong></span> <span class='ocrx_word' id='word_1_458' title='bbox 1291 3188 1390 3241; x_wconf 81' lang='lat' dir='ltr'><strong>sub</strong></span> <span class='ocrx_word' id='word_1_459' title='bbox 1417 3203 1481 3242; x_wconf 89' lang='lat' dir='ltr'><strong>eo</strong></span> <span class='ocrx_word' id='word_1_460' title='bbox 1524 3152 1708 3255; x_wconf 52' lang='lat' dir='ltr'><strong>liote01,</strong></span> <span class='ocrx_word' id='word_1_461' title='bbox 1751 3190 1878 3243; x_wconf 88' lang='lat' dir='ltr'><strong>dum</strong></span> <span class='ocrx_word' id='word_1_462' title='bbox 1906 3199 2107 3259; x_wconf 56' lang='lat' dir='ltr'><strong>ptrtetn</strong></span> <span class='ocrx_word' id='word_1_463' title='bbox 2134 3152 2181 3213; x_wconf 67' lang='grc' dir='ltr'><strong>ϐ</strong></span> <span class='ocrx_word' id='word_1_464' title='bbox 2212 3183 2240 3221; x_wconf 75' lang='grc'><strong>³</strong></span> <span class='ocrx_word' id='word_1_465' title='bbox 2266 3168 2517 3223; x_wconf 64' lang='grc' dir='ltr'><strong>είθίηάίιθ</strong></span> <span class='ocrx_word' id='word_1_466' title='bbox 2546 3167 2778 3259; x_wconf 48' lang='lat' dir='ltr'><strong>ﬂammei</strong></span> <span class='ocrx_word' id='word_1_467' title='bbox 2813 3182 3031 3259; x_wconf 51' lang='lat' dir='ltr'><strong>tersum</strong></span> <span class='ocrx_word' id='word_1_468' title='bbox 3064 3168 3115 3221; x_wconf 78' lang='grc' dir='ltr'><strong>ίη</strong></span> <span class='ocrx_word' id='word_1_469' title='bbox 3148 3183 3307 3222; x_wconf 64' lang='grc' dir='ltr'><strong>¹¹¹³⁸¹ιι</strong></span> <span class='ocrx_word' id='word_1_470' title='bbox 3354 3167 3473 3234; x_wconf 65' lang='lat' dir='ltr'><strong>eius</strong></span> <span class='ocrx_word' id='word_1_471' title='bbox 3519 3167 3795 3222; x_wconf 60' lang='lat' dir='ltr'><strong>&quot;Imma&quot;</strong></span> 
     </span>
    </p>
   </div>
   <div class='ocr_carea' id='block_1_65' title="bbox 534 3283 2111 3351">
    <p class='ocr_par' dir='ltr' id='par_1_65' title="bbox 534 3283 2111 3351">
     <span class='ocr_line' id='line_1_66' title="bbox 534 3283 2111 3351; baseline -0.001 -12"><span class='ocrx_word' id='word_1_472' title='bbox 534 3284 744 3339; x_wconf 87' lang='lat' dir='ltr'><strong>auferre</strong></span> <span class='ocrx_word' id='word_1_473' title='bbox 774 3292 1057 3346; x_wconf 88' lang='lat' dir='ltr'><strong>conantur,</strong></span> <span class='ocrx_word' id='word_1_474' title='bbox 1086 3296 1189 3334; x_wconf 89' lang='lat' dir='ltr'><strong>una</strong></span> <span class='ocrx_word' id='word_1_475' title='bbox 1221 3296 1284 3334; x_wconf 83' lang='lat' dir='ltr'><strong>ex</strong></span> <span class='ocrx_word' id='word_1_476' title='bbox 1317 3296 1382 3334; x_wconf 90' lang='lat' dir='ltr'><strong>eo</strong></span> <span class='ocrx_word' id='word_1_477' title='bbox 1410 3290 1557 3351; x_wconf 89' lang='lat' dir='ltr'><strong>gutta</strong></span> <span class='ocrx_word' id='word_1_478' title='bbox 1612 3284 1887 3349; x_wconf 85' lang='lat' dir='ltr'><strong>sanguinis</strong></span> <span class='ocrx_word' id='word_1_479' title='bbox 1916 3283 2111 3338; x_wconf 79' lang='lat' dir='ltr'><strong>cecidit</strong></span> 
     </span>
    </p>
   </div>
   <div class='ocr_carea' id='block_1_66' title="bbox 539 3371 2111 3442">
    <p class='ocr_par' dir='ltr' id='par_1_66' title="bbox 539 3371 2111 3442">
     <span class='ocr_line' id='line_1_67' title="bbox 539 3371 2111 3442; baseline -0.002 -11"><span class='ocrx_word' id='word_1_480' title='bbox 539 3392 700 3442; x_wconf 82' lang='lat' dir='ltr'><strong>super</strong></span> <span class='ocrx_word' id='word_1_481' title='bbox 730 3374 972 3428; x_wconf 86' lang='lat' dir='ltr'><strong>linteum.</strong></span> <span class='ocrx_word' id='word_1_482' title='bbox 998 3371 1147 3438; x_wconf 88' lang='lat' dir='ltr'><strong>Quod</strong></span> <span class='ocrx_word' id='word_1_483' title='bbox 1172 3378 1485 3435; x_wconf 86' lang='lat' dir='ltr'><strong>cernentes,</strong></span> <span class='ocrx_word' id='word_1_484' title='bbox 1512 3372 1641 3425; x_wconf 90' lang='lat' dir='ltr'><strong>duas</strong></span> <span class='ocrx_word' id='word_1_485' title='bbox 1672 3372 1834 3442; x_wconf 81' lang='lat'><strong>739</strong></span> <span class='ocrx_word' id='word_1_486' title='bbox 1859 3373 2111 3442; x_wconf 83' lang='lat' dir='ltr'><strong>deinceps</strong></span> 
     </span>
    </p>
   </div>
   <div class='ocr_carea' id='block_1_67' title="bbox 538 3463 2108 3532">
    <p class='ocr_par' dir='ltr' id='par_1_67' title="bbox 538 3463 2108 3532">
     <span class='ocr_line' id='line_1_68' title="bbox 538 3463 2108 3532; baseline -0.002 -10"><span class='ocrx_word' id='word_1_487' title='bbox 538 3476 723 3522; x_wconf 86' lang='lat' dir='ltr'><strong>noctes</strong></span> <span class='ocrx_word' id='word_1_488' title='bbox 748 3464 982 3532; x_wconf 78' lang='lat' dir='ltr'><strong>vigilant.</strong></span> <span class='ocrx_word' id='word_1_489' title='bbox 1002 3463 1201 3517; x_wconf 88' lang='lat' dir='ltr'><strong>Deinde</strong></span> <span class='ocrx_word' id='word_1_490' title='bbox 1222 3464 1471 3532; x_wconf 88' lang='lat' dir='ltr'><strong>prostrati</strong></span> <span class='ocrx_word' id='word_1_491' title='bbox 1504 3478 1684 3517; x_wconf 84' lang='lat' dir='ltr'><strong>coram</strong></span> <span class='ocrx_word' id='word_1_492' title='bbox 1717 3476 1902 3517; x_wconf 80' lang='lat' dir='ltr'><strong>sancto</strong></span> <span class='ocrx_word' id='word_1_493' title='bbox 1931 3465 2108 3532; x_wconf 88' lang='lat' dir='ltr'><strong>altari,</strong></span> 
     </span>
    </p>
   </div>
   <div class='ocr_carea' id='block_1_68' title="bbox 537 3552 2110 3626">
    <p class='ocr_par' dir='ltr' id='par_1_68' title="bbox 537 3552 2110 3626">
     <span class='ocr_line' id='line_1_69' title="bbox 537 3552 2110 3626; baseline -0.002 -15"><span class='ocrx_word' id='word_1_494' title='bbox 537 3564 663 3612; x_wconf 84' lang='lat' dir='ltr'><strong>dum</strong></span> <span class='ocrx_word' id='word_1_495' title='bbox 695 3557 995 3626; x_wconf 87' lang='lat' dir='ltr'><strong>supplicant</strong></span> <span class='ocrx_word' id='word_1_496' title='bbox 1038 3562 1097 3608; x_wconf 92' lang='lat' dir='ltr'><strong>ut</strong></span> <span class='ocrx_word' id='word_1_497' title='bbox 1137 3554 1310 3607; x_wconf 87' lang='lat' dir='ltr'><strong>adhuc</strong></span> <span class='ocrx_word' id='word_1_498' title='bbox 1336 3552 1505 3621; x_wconf 79' lang='lat' dir='ltr'><strong>majus</strong></span> <span class='ocrx_word' id='word_1_499' title='bbox 1525 3552 1723 3622; x_wconf 89' lang='lat' dir='ltr'><strong>aliquid</strong></span> <span class='ocrx_word' id='word_1_500' title='bbox 1755 3564 2060 3610; x_wconf 84' lang='lat' dir='ltr'><strong>mereantur</strong></span> <span class='ocrx_word' id='word_1_501' title='bbox 2082 3571 2110 3608; x_wconf 92' lang='lat' dir='ltr'><strong>a</strong></span> 
     </span>
    </p>
   </div>
   <div class='ocr_carea' id='block_1_69' title="bbox 541 3645 2110 3720">
    <p class='ocr_par' dir='ltr' id='par_1_69' title="bbox 541 3645 2110 3720">
     <span class='ocr_line' id='line_1_70' title="bbox 541 3645 2110 3720; baseline -0.001 -19"><span class='ocrx_word' id='word_1_502' title='bbox 541 3652 750 3720; x_wconf 81' lang='lat' dir='ltr'><strong>pollice,</strong></span> <span class='ocrx_word' id='word_1_503' title='bbox 798 3650 916 3701; x_wconf 74' lang='lat' dir='ltr'><strong>dum</strong></span> <span class='ocrx_word' id='word_1_504' title='bbox 957 3647 1148 3700; x_wconf 91' lang='lat' dir='ltr'><strong>iterum</strong></span> <span class='ocrx_word' id='word_1_505' title='bbox 1188 3661 1254 3699; x_wconf 81' lang='lat' dir='ltr'><strong>ex</strong></span> <span class='ocrx_word' id='word_1_506' title='bbox 1293 3659 1359 3699; x_wconf 89' lang='lat' dir='ltr'><strong>eo</strong></span> <span class='ocrx_word' id='word_1_507' title='bbox 1408 3645 1677 3698; x_wconf 79' lang='lat' dir='ltr'><strong>ﬂuxerunt</strong></span> <span class='ocrx_word' id='word_1_508' title='bbox 1720 3654 1904 3715; x_wconf 61' lang='lat' dir='ltr'><strong>guttae.</strong></span> <span class='ocrx_word' id='word_1_509' title='bbox 1942 3645 2011 3699; x_wconf 85' lang='lat' dir='ltr'><strong>At</strong></span> <span class='ocrx_word' id='word_1_510' title='bbox 2037 3647 2110 3701; x_wconf 92' lang='lat' dir='ltr'><strong>illi</strong></span> 
     </span>
    </p>
   </div>
   <div class='ocr_carea' id='block_1_70' title="bbox 541 3736 2107 3813">
    <p class='ocr_par' dir='ltr' id='par_1_70' title="bbox 541 3736 2107 3813">
     <span class='ocr_line' id='line_1_71' title="bbox 541 3736 2107 3813; baseline -0.003 -18"><span class='ocrx_word' id='word_1_511' title='bbox 541 3741 728 3813; x_wconf 83' lang='lat' dir='ltr'><strong>gavisi,</strong></span> <span class='ocrx_word' id='word_1_512' title='bbox 774 3738 1088 3807; x_wconf 87' lang='lat' dir='ltr'><strong>colligemes</strong></span> <span class='ocrx_word' id='word_1_513' title='bbox 1131 3736 1324 3790; x_wconf 85' lang='lat' dir='ltr'><strong>devote</strong></span> <span class='ocrx_word' id='word_1_514' title='bbox 1375 3751 1495 3805; x_wconf 73' lang='lat' dir='ltr'><strong>qua:</strong></span> <span class='ocrx_word' id='word_1_515' title='bbox 1541 3736 1802 3789; x_wconf 88' lang='lat' dir='ltr'><strong>Dominus</strong></span> <span class='ocrx_word' id='word_1_516' title='bbox 1850 3736 2107 3806; x_wconf 90' lang='lat' dir='ltr'><strong>dederat,</strong></span> 
     </span>
    </p>
   </div>
   <div class='ocr_carea' id='block_1_71' title="bbox 542 3826 2112 3901">
    <p class='ocr_par' dir='ltr' id='par_1_71' title="bbox 542 3826 2112 3901">
     <span class='ocr_line' id='line_1_72' title="bbox 542 3826 2112 3901; baseline -0.002 -15"><span class='ocrx_word' id='word_1_517' title='bbox 542 3838 692 3901; x_wconf 79' lang='lat' dir='ltr'><strong>juxta</strong></span> <span class='ocrx_word' id='word_1_518' title='bbox 729 3844 1008 3885; x_wconf 90' lang='lat' dir='ltr'><strong>numerum</strong></span> <span class='ocrx_word' id='word_1_519' title='bbox 1031 3843 1183 3880; x_wconf 88' lang='lat' dir='ltr'><strong>suum</strong></span> <span class='ocrx_word' id='word_1_520' title='bbox 1209 3837 1230 3865; x_wconf 77' lang='grc' dir='ltr'><strong>ο</strong></span> <span class='ocrx_word' id='word_1_521' title='bbox 1250 3826 1547 3881; x_wconf 73' lang='lat' dir='ltr'><strong>diviserunt</strong></span> <span class='ocrx_word' id='word_1_522' title='bbox 1575 3826 1792 3880; x_wconf 89' lang='lat' dir='ltr'><strong>linteum</strong></span> <span class='ocrx_word' id='word_1_523' title='bbox 1815 3841 1933 3881; x_wconf 93' lang='lat' dir='ltr'><strong>cum</strong></span> <span class='ocrx_word' id='word_1_524' title='bbox 1951 3830 2112 3898; x_wconf 90' lang='lat' dir='ltr'><strong>guttis</strong></span> 
     </span>
    </p>
   </div>
   <div class='ocr_carea' id='block_1_72' title="bbox 538 3921 2109 3996">
    <p class='ocr_par' dir='ltr' id='par_1_72' title="bbox 538 3921 2109 3996">
     <span class='ocr_line' id='line_1_73' title="bbox 538 3921 2109 3996; baseline -0.004 -14"><span class='ocrx_word' id='word_1_525' title='bbox 538 3930 673 3991; x_wconf 88' lang='lat' dir='ltr'><strong>suis,</strong></span> <span class='ocrx_word' id='word_1_526' title='bbox 714 3941 832 3996; x_wconf 67' lang='lat' dir='ltr'><strong>quae</strong></span> <span class='ocrx_word' id='word_1_527' title='bbox 854 3940 958 3995; x_wconf 88' lang='lat' dir='ltr'><strong>non</strong></span> <span class='ocrx_word' id='word_1_528' title='bbox 982 3924 1102 3977; x_wconf 89' lang='lat' dir='ltr'><strong>sine</strong></span> <span class='ocrx_word' id='word_1_529' title='bbox 1127 3921 1311 3990; x_wconf 89' lang='lat' dir='ltr'><strong>grandi</strong></span> <span class='ocrx_word' id='word_1_530' title='bbox 1341 3922 1692 3975; x_wconf 83' lang='lat' dir='ltr'><strong>admiratione</strong></span> <span class='ocrx_word' id='word_1_531' title='bbox 1720 3922 1939 3975; x_wconf 86' lang='lat' dir='ltr'><strong>urbibus</strong></span> <span class='ocrx_word' id='word_1_532' title='bbox 1967 3924 2109 3976; x_wconf 85' lang='lat' dir='ltr'><strong>iutu-</strong></span> 
     </span>
    </p>
   </div>
   <div class='ocr_carea' id='block_1_73' title="bbox 540 4011 2111 4086">
    <p class='ocr_par' dir='ltr' id='par_1_73' title="bbox 540 4011 2111 4086">
     <span class='ocr_line' id='line_1_74' title="bbox 540 4011 2111 4086; baseline -0.006 -11"><span class='ocrx_word' id='word_1_533' title='bbox 540 4023 731 4075; x_wconf 69' lang='lat' dir='ltr'><strong>lerunt.</strong></span> <span class='ocrx_word' id='word_1_534' title='bbox 780 4018 848 4071; x_wconf 88' lang='lat' dir='ltr'><strong>Et</strong></span> <span class='ocrx_word' id='word_1_535' title='bbox 877 4015 999 4086; x_wconf 88' lang='lat' dir='ltr'><strong>quia</strong></span> <span class='ocrx_word' id='word_1_536' title='bbox 1046 4015 1195 4069; x_wconf 88' lang='lat' dir='ltr'><strong>locus</strong></span> <span class='ocrx_word' id='word_1_537' title='bbox 1224 4012 1312 4066; x_wconf 91' lang='lat' dir='ltr'><strong>ille</strong></span> <span class='ocrx_word' id='word_1_538' title='bbox 1360 4011 1777 4066; x_wconf 85' lang='lat' dir='ltr'><strong>Mauriennensis</strong></span> <span class='ocrx_word' id='word_1_539' title='bbox 1823 4013 1888 4065; x_wconf 87' lang='lat' dir='ltr'><strong>ad</strong></span> <span class='ocrx_word' id='word_1_540' title='bbox 1921 4012 2111 4066; x_wconf 58' lang='lat' dir='ltr'><strong>Tauri-</strong></span> 
     </span>
    </p>
   </div>
   <div class='ocr_carea' id='block_1_74' title="bbox 538 4103 2111 4180">
    <p class='ocr_par' dir='ltr' id='par_1_74' title="bbox 538 4103 2111 4180">
     <span class='ocr_line' id='line_1_75' title="bbox 538 4103 2111 4180; baseline -0.004 -13"><span class='ocrx_word' id='word_1_541' title='bbox 538 4127 758 4166; x_wconf 87' lang='lat' dir='ltr'><strong>nensem</strong></span> <span class='ocrx_word' id='word_1_542' title='bbox 799 4109 1064 4180; x_wconf 89' lang='lat' dir='ltr'><strong>quondam</strong></span> <span class='ocrx_word' id='word_1_543' title='bbox 1103 4103 1130 4142; x_wconf 75' lang='grc' dir='ltr'>ἀ</span> <span class='ocrx_word' id='word_1_544' title='bbox 1188 4106 1372 4160; x_wconf 89' lang='lat' dir='ltr'><strong>urbem</strong></span> <span class='ocrx_word' id='word_1_545' title='bbox 1403 4104 1720 4174; x_wconf 86' lang='lat' dir='ltr'><strong>pertinebat,</strong></span> <span class='ocrx_word' id='word_1_546' title='bbox 1753 4116 1991 4174; x_wconf 88' lang='lat' dir='ltr'><strong>tempore</strong></span> <span class='ocrx_word' id='word_1_547' title='bbox 2020 4105 2111 4161; x_wconf 89' lang='lat' dir='ltr'><strong>illo</strong></span> 
     </span>
    </p>
   </div>
   <div class='ocr_carea' id='block_1_75' title="bbox 616 4283 2112 4349">
    <p class='ocr_par' dir='ltr' id='par_1_75' title="bbox 616 4283 2112 4349">
     <span class='ocr_line' id='line_1_76' title="bbox 616 4283 2112 4349; baseline -0.007 -1"><span class='ocrx_word' id='word_1_548' title='bbox 616 4306 640 4334; x_wconf 72' lang='grc' dir='ltr'>α</span> <span class='ocrx_word' id='word_1_549' title='bbox 678 4295 801 4349; x_wconf 79' lang='lat' dir='ltr'><strong>llaec</strong></span> <span class='ocrx_word' id='word_1_550' title='bbox 846 4292 912 4345; x_wconf 90' lang='lat' dir='ltr'><strong>ab</strong></span> <span class='ocrx_word' id='word_1_551' title='bbox 962 4289 1177 4343; x_wconf 83' lang='lat' dir='ltr'><strong>Alberto</strong></span> <span class='ocrx_word' id='word_1_552' title='bbox 1227 4283 1473 4341; x_wconf 88' lang='lat' dir='ltr'><strong>Stadensi</strong></span> <span class='ocrx_word' id='word_1_553' title='bbox 1526 4285 1574 4337; x_wconf 91' lang='lat' dir='ltr'><strong>in</strong></span> <span class='ocrx_word' id='word_1_554' title='bbox 1632 4284 1897 4339; x_wconf 86' lang='lat' dir='ltr'><strong>Chronico</strong></span> <span class='ocrx_word' id='word_1_555' title='bbox 1947 4284 2112 4340; x_wconf 88' lang='lat' dir='ltr'><strong>Tecla</strong></span> 
     </span>
    </p>
   </div>
   <div class='ocr_carea' id='block_1_76' title="bbox 543 4355 2115 4435">
    <p class='ocr_par' dir='ltr' id='par_1_76' title="bbox 543 4355 2115 4435">
     <span class='ocr_line' id='line_1_77' title="bbox 543 4355 2115 4435; baseline -0.003 -18"><span class='ocrx_word' id='word_1_556' title='bbox 543 4369 689 4435; x_wconf 76' lang='lat' dir='ltr'><strong>virgo</strong></span> <span class='ocrx_word' id='word_1_557' title='bbox 718 4363 1034 4434; x_wconf 86' lang='lat' dir='ltr'><strong>appellatur,</strong></span> <span class='ocrx_word' id='word_1_558' title='bbox 1063 4359 1148 4413; x_wconf 89' lang='lat' dir='ltr'><strong>ubi</strong></span> <span class='ocrx_word' id='word_1_559' title='bbox 1168 4358 1334 4413; x_wconf 82' lang='lat' dir='ltr'><strong>sancti</strong></span> <span class='ocrx_word' id='word_1_560' title='bbox 1357 4355 1574 4410; x_wconf 82' lang='lat' dir='ltr'><strong>Joannis</strong></span> <span class='ocrx_word' id='word_1_561' title='bbox 1591 4356 1807 4408; x_wconf 84' lang='lat' dir='ltr'><strong>indicem</strong></span> <span class='ocrx_word' id='word_1_562' title='bbox 1828 4356 2115 4412; x_wconf 71' lang='lat' dir='ltr'><strong>obtinuisse</strong></span> 
     </span>
    </p>
   </div>
   <div class='ocr_carea' id='block_1_77' title="bbox 540 4439 748 4492">
    <p class='ocr_par' dir='ltr' id='par_1_77' title="bbox 540 4439 748 4492">
     <span class='ocr_line' id='line_1_78' title="bbox 540 4439 748 4492; baseline -0.024 0"><span class='ocrx_word' id='word_1_563' title='bbox 540 4439 748 4492; x_wconf 89' lang='lat' dir='ltr'><strong>dicitur.</strong></span> 
     </span>
    </p>
   </div>
   <div class='ocr_carea' id='block_1_78' title="bbox 612 4496 2195 4581">
    <p class='ocr_par' dir='ltr' id='par_1_78' title="bbox 612 4496 2195 4581">
     <span class='ocr_line' id='line_1_79' title="bbox 612 4496 2195 4581; baseline -0.001 -27"><span class='ocrx_word' id='word_1_564' title='bbox 612 4507 639 4581; x_wconf 50' lang='grc' dir='ltr'><strong>ξ)</strong></span> <span class='ocrx_word' id='word_1_565' title='bbox 681 4504 818 4581; x_wconf 56' lang='lat' dir='ltr'><strong>Alii,</strong></span> <span class='ocrx_word' id='word_1_566' title='bbox 841 4502 1088 4581; x_wconf 75' lang='lat' dir='ltr'><strong>pulsare;</strong></span> <span class='ocrx_word' id='word_1_567' title='bbox 1134 4508 1189 4581; x_wconf 85' lang='lat' dir='ltr'><strong>et</strong></span> <span class='ocrx_word' id='word_1_568' title='bbox 1216 4496 1352 4581; x_wconf 67' lang='lat' dir='ltr'><strong>inira</strong></span> <span class='ocrx_word' id='word_1_569' title='bbox 1373 4496 1530 4581; x_wconf 50' lang='lat' dir='ltr'><strong>“Mss.</strong></span> <span class='ocrx_word' id='word_1_570' title='bbox 1560 4505 1807 4565; x_wconf 84' lang='lat' dir='ltr'><strong>quatuor,</strong></span> <span class='ocrx_word' id='word_1_571' title='bbox 1839 4499 2031 4569; x_wconf 80' lang='lat' dir='ltr'><strong>surgit,</strong></span> <span class='ocrx_word' id='word_1_572' title='bbox 2064 4507 2114 4551; x_wconf 85' lang='lat' dir='ltr'><strong>et</strong></span> <span class='ocrx_word' id='word_1_573' title='bbox 2143 4522 2195 4581; x_wconf 82' lang='lat' dir='ltr'>D</span> 
     </span>
    </p>
   </div>
   <div class='ocr_carea' id='block_1_79' title="bbox 542 4568 1510 4640">
    <p class='ocr_par' dir='ltr' id='par_1_79' title="bbox 542 4568 1510 4640">
     <span class='ocr_line' id='line_1_80' title="bbox 542 4568 1510 4640; baseline -0.011 -11"><span class='ocrx_word' id='word_1_574' title='bbox 542 4578 735 4634; x_wconf 84' lang='lat' dir='ltr'><strong>tribuit.</strong></span> <span class='ocrx_word' id='word_1_575' title='bbox 762 4568 903 4630; x_wconf 79' lang='lat' dir='ltr'><strong>Clar.</strong></span> <span class='ocrx_word' id='word_1_576' title='bbox 938 4574 992 4635; x_wconf 90' lang='lat' dir='ltr'><strong>b,</strong></span> <span class='ocrx_word' id='word_1_577' title='bbox 1022 4578 1214 4640; x_wconf 85' lang='lat' dir='ltr'><strong>surget,</strong></span> <span class='ocrx_word' id='word_1_578' title='bbox 1248 4578 1293 4621; x_wconf 91' lang='lat' dir='ltr'><strong>et</strong></span> <span class='ocrx_word' id='word_1_579' title='bbox 1317 4568 1510 4640; x_wconf 76' lang='lat' dir='ltr'><strong>tribuit.</strong></span> 
     </span>
    </p>
   </div>
   <div class='ocr_carea' id='block_1_80' title="bbox 615 4638 2113 4714">
    <p class='ocr_par' dir='ltr' id='par_1_80' title="bbox 615 4638 2113 4714">
     <span class='ocr_line' id='line_1_81' title="bbox 615 4638 2113 4714; baseline -0.005 -15"><span class='ocrx_word' id='word_1_580' title='bbox 615 4658 636 4685; x_wconf 75' lang='grc' dir='ltr'><strong>ε</strong></span> <span class='ocrx_word' id='word_1_581' title='bbox 684 4645 897 4714; x_wconf 79' lang='lat' dir='ltr'><strong>Aliquot</strong></span> <span class='ocrx_word' id='word_1_582' title='bbox 947 4642 1077 4695; x_wconf 90' lang='lat' dir='ltr'><strong>Mss.</strong></span> <span class='ocrx_word' id='word_1_583' title='bbox 1114 4638 1243 4694; x_wconf 77' lang='lat' dir='ltr'><strong>cum</strong></span> <span class='ocrx_word' id='word_1_584' title='bbox 1290 4638 1485 4706; x_wconf 84' lang='lat' dir='ltr'><strong>editis,</strong></span> <span class='ocrx_word' id='word_1_585' title='bbox 1540 4654 1805 4691; x_wconf 84' lang='lat' dir='ltr'><strong>numerum</strong></span> <span class='ocrx_word' id='word_1_586' title='bbox 1854 4654 2113 4691; x_wconf 82' lang='lat' dir='ltr'><strong>servorum</strong></span> 
     </span>
    </p>
   </div>
   <div class='ocr_carea' id='block_1_81' title="bbox 546 4732 778 4771">
    <p class='ocr_par' dir='ltr' id='par_1_81' title="bbox 546 4732 778 4771">
     <span class='ocr_line' id='line_1_82' title="bbox 546 4732 778 4771; baseline -0.013 0"><span class='ocrx_word' id='word_1_587' title='bbox 546 4732 778 4771; x_wconf 85' lang='lat' dir='ltr'><strong>suorum.</strong></span> 
     </span>
    </p>
   </div>
   <div class='ocr_carea' id='block_1_82' title="bbox 609 4778 2114 4853">
    <p class='ocr_par' dir='ltr' id='par_1_82' title="bbox 609 4778 2114 4853">
     <span class='ocr_line' id='line_1_83' title="bbox 609 4778 2114 4853; baseline -0.006 -13"><span class='ocrx_word' id='word_1_588' title='bbox 609 4786 635 4825; x_wconf 73' lang='grc' dir='ltr'>ἀ</span> <span class='ocrx_word' id='word_1_589' title='bbox 676 4785 829 4840; x_wconf 84' lang='lat' dir='ltr'><strong>Colh.</strong></span> <span class='ocrx_word' id='word_1_590' title='bbox 875 4799 904 4836; x_wconf 90' lang='lat' dir='ltr'><strong>a</strong></span> <span class='ocrx_word' id='word_1_591' title='bbox 933 4824 948 4848; x_wconf 92' lang='lat'><strong>,</strong></span> <span class='ocrx_word' id='word_1_592' title='bbox 989 4779 1285 4853; x_wconf 82' lang='lat' dir='ltr'><strong>quamdam.</strong></span> <span class='ocrx_word' id='word_1_593' title='bbox 1307 4778 1478 4853; x_wconf 84' lang='lat' dir='ltr'><strong>_Urbs</strong></span> <span class='ocrx_word' id='word_1_594' title='bbox 1505 4778 1590 4830; x_wconf 89' lang='lat' dir='ltr'><strong>illa</strong></span> <span class='ocrx_word' id='word_1_595' title='bbox 1620 4778 1847 4853; x_wconf 75' lang='lat' dir='ltr'><strong>pritn_um</strong></span> <span class='ocrx_word' id='word_1_596' title='bbox 1880 4781 1945 4853; x_wconf 85' lang='lat' dir='ltr'><strong>ad</strong></span> <span class='ocrx_word' id='word_1_597' title='bbox 1972 4780 2114 4834; x_wconf 84' lang='lat' dir='ltr'><strong>Tau-</strong></span> 
     </span>
    </p>
   </div>
   <div class='ocr_carea' id='block_1_83' title="bbox 542 4848 2112 4917">
    <p class='ocr_par' dir='ltr' id='par_1_83' title="bbox 542 4848 2112 4917">
     <span class='ocr_line' id='line_1_84' title="bbox 542 4848 2112 4917; baseline -0.007 -4"><span class='ocrx_word' id='word_1_598' title='bbox 542 4860 810 4914; x_wconf 88' lang='lat' dir='ltr'><strong>rinensem</strong></span> <span class='ocrx_word' id='word_1_599' title='bbox 862 4848 1137 4907; x_wconf 71' lang='lat' dir='ltr'><strong>dimcesim</strong></span> <span class='ocrx_word' id='word_1_600' title='bbox 1188 4849 1473 4917; x_wconf 88' lang='lat' dir='ltr'><strong>pertinuit,</strong></span> <span class='ocrx_word' id='word_1_601' title='bbox 1509 4862 1619 4902; x_wconf 89' lang='lat' dir='ltr'><strong>tum</strong></span> <span class='ocrx_word' id='word_1_602' title='bbox 1661 4865 1691 4901; x_wconf 90' lang='lat' dir='ltr'><strong>a</strong></span> <span class='ocrx_word' id='word_1_603' title='bbox 1742 4848 1968 4905; x_wconf 84' lang='lat' dir='ltr'><strong>Francis</strong></span> <span class='ocrx_word' id='word_1_604' title='bbox 2015 4854 2112 4902; x_wconf 88' lang='lat' dir='ltr'><strong>sub</strong></span> 
     </span>
    </p>
   </div>
   <div class='ocr_carea' id='block_1_84' title="bbox 541 4919 2113 4991">
    <p class='ocr_par' dir='ltr' id='par_1_84' title="bbox 541 4919 2113 4991">
     <span class='ocr_line' id='line_1_85' title="bbox 541 4919 2113 4991; baseline -0.008 -6"><span class='ocrx_word' id='word_1_605' title='bbox 541 4929 878 4985; x_wconf 84' lang='lat' dir='ltr'><strong>Guntramno</strong></span> <span class='ocrx_word' id='word_1_606' title='bbox 906 4937 1029 4991; x_wconf 80' lang='lat' dir='ltr'><strong>rege</strong></span> <span class='ocrx_word' id='word_1_607' title='bbox 1051 4930 1306 4987; x_wconf 79' lang='lat' dir='ltr'><strong>occupata</strong></span> <span class='ocrx_word' id='word_1_608' title='bbox 1336 4919 1643 4991; x_wconf 82' lang='lat' dir='ltr'><strong>episcopum</strong></span> <span class='ocrx_word' id='word_1_609' title='bbox 1682 4922 1952 4987; x_wconf 87' lang='lat' dir='ltr'><strong>proprium</strong></span> <span class='ocrx_word' id='word_1_610' title='bbox 1974 4921 2113 4975; x_wconf 89' lang='lat' dir='ltr'><strong>obti-</strong></span> 
     </span>
    </p>
   </div>
   <div class='ocr_carea' id='block_1_85' title="bbox 544 4990 2107 5068">
    <p class='ocr_par' dir='ltr' id='par_1_85' title="bbox 544 4990 2107 5068">
     <span class='ocr_line' id='line_1_86' title="bbox 544 4990 2107 5068; baseline 0.001 -25"><span class='ocrx_word' id='word_1_611' title='bbox 544 5002 677 5068; x_wconf 63' lang='grc' dir='ltr'>ιιιιῖι,</span> <span class='ocrx_word' id='word_1_612' title='bbox 712 4999 801 5067; x_wconf 89' lang='lat' dir='ltr'><strong>qui</strong></span> <span class='ocrx_word' id='word_1_613' title='bbox 836 4990 1226 5068; x_wconf 81' lang='lat' dir='ltr'><strong>Darentasiensi</strong></span> <span class='ocrx_word' id='word_1_614' title='bbox 1259 4990 1670 5068; x_wconf 69' lang='lat' dir='ltr'><strong>metropolitano</strong></span> <span class='ocrx_word' id='word_1_615' title='bbox 1699 4991 1979 5068; x_wconf 81' lang='lat' dir='ltr'><strong>attributus</strong></span> <span class='ocrx_word' id='word_1_616' title='bbox 2005 5004 2107 5068; x_wconf 81' lang='lat' dir='ltr'><strong>est.</strong></span> 
     </span>
    </p>
   </div>
   <div class='ocr_carea' id='block_1_86' title="bbox 540 5059 2111 5132">
    <p class='ocr_par' dir='ltr' id='par_1_86' title="bbox 540 5059 2111 5132">
     <span class='ocr_line' id='line_1_87' title="bbox 540 5059 2111 5132; baseline -0.007 -6"><span class='ocrx_word' id='word_1_617' title='bbox 540 5059 678 5127; x_wconf 78' lang='lat' dir='ltr'><strong>Hinc</strong></span> <span class='ocrx_word' id='word_1_618' title='bbox 724 5059 777 5124; x_wconf 80' lang='lat' dir='ltr'><strong>in</strong></span> <span class='ocrx_word' id='word_1_619' title='bbox 801 5066 1021 5123; x_wconf 70' lang='lat' dir='ltr'><strong>vetustis</strong></span> <span class='ocrx_word' id='word_1_620' title='bbox 1050 5060 1361 5132; x_wconf 80' lang='lat' dir='ltr'><strong>quibusdam</strong></span> <span class='ocrx_word' id='word_1_621' title='bbox 1412 5059 1609 5132; x_wconf 72' lang='lat' dir='ltr'><strong>nntitiis</strong></span> <span class='ocrx_word' id='word_1_622' title='bbox 1638 5060 1779 5113; x_wconf 85' lang='lat' dir='ltr'><strong>inter</strong></span> <span class='ocrx_word' id='word_1_623' title='bbox 1826 5064 2111 5127; x_wconf 64' lang='lat' dir='ltr'><strong>provincias</strong></span> 
     </span>
    </p>
   </div>
   <div class='ocr_carea' id='block_1_87' title="bbox 540 5131 2109 5209">
    <p class='ocr_par' dir='ltr' id='par_1_87' title="bbox 540 5131 2109 5209">
     <span class='ocr_line' id='line_1_88' title="bbox 540 5131 2109 5209; baseline -0.007 -13"><span class='ocrx_word' id='word_1_624' title='bbox 540 5144 747 5209; x_wconf 81' lang='lat' dir='ltr'><strong>Alpium</strong></span> <span class='ocrx_word' id='word_1_625' title='bbox 780 5131 1515 5209; x_wconf 38' lang='lat' dir='ltr'><strong>Graiarum&#39;etPenninurutn</strong></span> <span class='ocrx_word' id='word_1_626' title='bbox 1547 5131 1807 5209; x_wconf 73' lang='lat' dir='ltr'><strong>civitates,</strong></span> <span class='ocrx_word' id='word_1_627' title='bbox 1839 5133 2109 5186; x_wconf 81' lang='lat' dir='ltr'><strong>Morienna</strong></span> 
     </span>
    </p>
   </div>
   <div class='ocr_carea' id='block_1_88' title="bbox 540 5202 2109 5272">
    <p class='ocr_par' dir='ltr' id='par_1_88' title="bbox 540 5202 2109 5272">
     <span class='ocr_line' id='line_1_89' title="bbox 540 5202 2109 5272; baseline -0.005 -6"><span class='ocrx_word' id='word_1_628' title='bbox 540 5202 728 5267; x_wconf 81' lang='lat' dir='ltr'><strong>ultimo</strong></span> <span class='ocrx_word' id='word_1_629' title='bbox 759 5212 876 5263; x_wconf 91' lang='lat' dir='ltr'><strong>loco</strong></span> <span class='ocrx_word' id='word_1_630' title='bbox 908 5214 1234 5262; x_wconf 88' lang='lat' dir='ltr'><strong>recensetur.</strong></span> <span class='ocrx_word' id='word_1_631' title='bbox 1272 5202 1343 5255; x_wconf 87' lang='lat' dir='ltr'><strong>Ea</strong></span> <span class='ocrx_word' id='word_1_632' title='bbox 1373 5212 1549 5255; x_wconf 87' lang='lat' dir='ltr'><strong>tamen</strong></span> <span class='ocrx_word' id='word_1_633' title='bbox 1587 5202 1656 5256; x_wconf 89' lang='lat' dir='ltr'><strong>de</strong></span> <span class='ocrx_word' id='word_1_634' title='bbox 1694 5216 1753 5257; x_wconf 91' lang='lat' dir='ltr'><strong>re</strong></span> <span class='ocrx_word' id='word_1_635' title='bbox 1786 5215 2109 5272; x_wconf 84' lang='lat' dir='ltr'><strong>conquestus</strong></span> 
     </span>
    </p>
   </div>
   <div class='ocr_carea' id='block_1_89' title="bbox 539 5273 2107 5342">
    <p class='ocr_par' dir='ltr' id='par_1_89' title="bbox 539 5273 2107 5342">
     <span class='ocr_line' id='line_1_90' title="bbox 539 5273 2107 5342; baseline -0.006 -6"><span class='ocrx_word' id='word_1_636' title='bbox 539 5292 623 5337; x_wconf 87' lang='lat' dir='ltr'><strong>est</strong></span> <span class='ocrx_word' id='word_1_637' title='bbox 672 5281 948 5337; x_wconf 76' lang='lat' dir='ltr'><strong>Ursicinus</strong></span> <span class='ocrx_word' id='word_1_638' title='bbox 998 5275 1341 5330; x_wconf 85' lang='lat' dir='ltr'><strong>&#39;l‘aurinensis</strong></span> <span class='ocrx_word' id='word_1_639' title='bbox 1383 5273 1684 5341; x_wconf 87' lang='lat' dir='ltr'><strong>episcopus,</strong></span> <span class='ocrx_word' id='word_1_640' title='bbox 1737 5282 1794 5326; x_wconf 90' lang='lat' dir='ltr'><strong>ut</strong></span> <span class='ocrx_word' id='word_1_641' title='bbox 1848 5285 1989 5342; x_wconf 87' lang='lat' dir='ltr'><strong>patet</strong></span> <span class='ocrx_word' id='word_1_642' title='bbox 2040 5290 2107 5327; x_wconf 88' lang='lat' dir='ltr'><strong>ex</strong></span> 
     </span>
    </p>
   </div>
   <div class='ocr_carea' id='block_1_90' title="bbox 540 5342 2110 5420">
    <p class='ocr_par' dir='ltr' id='par_1_90' title="bbox 540 5342 2110 5420">
     <span class='ocr_line' id='line_1_91' title="bbox 540 5342 2110 5420; baseline -0.01 -15"><span class='ocrx_word' id='word_1_643' title='bbox 540 5351 779 5420; x_wconf 83' lang='lat' dir='ltr'><strong>Gregorii</strong></span> <span class='ocrx_word' id='word_1_644' title='bbox 806 5350 975 5417; x_wconf 84' lang='lat' dir='ltr'><strong>Magni</strong></span> <span class='ocrx_word' id='word_1_645' title='bbox 1004 5346 1228 5420; x_wconf 79' lang='lat' dir='ltr'><strong>epistola</strong></span> <span class='ocrx_word' id='word_1_646' title='bbox 1258 5345 1361 5398; x_wconf 74' lang='lat' dir='ltr'><strong>“tt</strong></span> <span class='ocrx_word' id='word_1_647' title='bbox 1395 5344 1511 5398; x_wconf 88' lang='lat' dir='ltr'><strong>libri</strong></span> <span class='ocrx_word' id='word_1_648' title='bbox 1552 5358 1624 5397; x_wconf 84' lang='lat' dir='ltr'><strong>vn</strong></span> <span class='ocrx_word' id='word_1_649' title='bbox 1651 5343 1762 5397; x_wconf 90' lang='lat' dir='ltr'><strong>ind.</strong></span> <span class='ocrx_word' id='word_1_650' title='bbox 1792 5343 1849 5420; x_wconf 60' lang='grc'><strong>2,</strong></span> <span class='ocrx_word' id='word_1_651' title='bbox 1879 5342 2110 5420; x_wconf 79' lang='lat' dir='ltr'><strong>ad__Sya-</strong></span> 
     </span>
    </p>
   </div>
   <div class='ocr_carea' id='block_1_91' title="bbox 539 5414 2107 5489">
    <p class='ocr_par' dir='ltr' id='par_1_91' title="bbox 539 5414 2107 5489">
     <span class='ocr_line' id='line_1_92' title="bbox 539 5414 2107 5489; baseline -0.003 -17"><span class='ocrx_word' id='word_1_652' title='bbox 539 5414 707 5489; x_wconf 75' lang='lat' dir='ltr'><strong>grinin</strong></span> <span class='ocrx_word' id='word_1_653' title='bbox 734 5414 1068 5489; x_wconf 64' lang='lat' dir='ltr'><strong>episcopum</strong></span> <span class='ocrx_word' id='word_1_654' title='bbox 1085 5416 1408 5489; x_wconf 57' lang='lat' dir='ltr'><strong>Aiduensem</strong></span> <span class='ocrx_word' id='word_1_655' title='bbox 1428 5453 1445 5478; x_wconf 97' lang='lat'><strong>,</strong></span> <span class='ocrx_word' id='word_1_656' title='bbox 1493 5422 1548 5466; x_wconf 94' lang='lat' dir='ltr'><strong>et</strong></span> <span class='ocrx_word' id='word_1_657' title='bbox 1570 5414 1825 5489; x_wconf 62' lang='lat' dir='ltr'><strong>sequenti</strong></span> <span class='ocrx_word' id='word_1_658' title='bbox 1843 5414 1908 5489; x_wconf 82' lang='lat' dir='ltr'><strong>ad</strong></span> <span class='ocrx_word' id='word_1_659' title='bbox 1934 5414 2107 5489; x_wconf 82' lang='lat' dir='ltr'><strong>Theo-</strong></span> 
     </span>
    </p>
   </div>
   <div class='ocr_carea' id='block_1_92' title="bbox 539 5485 2102 5552">
    <p class='ocr_par' dir='ltr' id='par_1_92' title="bbox 539 5485 2102 5552">
     <span class='ocr_line' id='line_1_93' title="bbox 539 5485 2102 5552; baseline -0.004 -9"><span class='ocrx_word' id='word_1_660' title='bbox 539 5485 783 5544; x_wconf 74' lang='lat' dir='ltr'><strong>dorictttn</strong></span> <span class='ocrx_word' id='word_1_661' title='bbox 806 5500 859 5542; x_wconf 88' lang='lat' dir='ltr'><strong>et</strong></span> <span class='ocrx_word' id='word_1_662' title='bbox 886 5485 1314 5542; x_wconf 82' lang='lat' dir='ltr'><strong>Theodebertum</strong></span> <span class='ocrx_word' id='word_1_663' title='bbox 1348 5500 1518 5550; x_wconf 80' lang='lat' dir='ltr'><strong>reges.</strong></span> <span class='ocrx_word' id='word_1_664' title='bbox 1566 5485 1670 5539; x_wconf 85' lang='lat' dir='ltr'><strong>Sed</strong></span> <span class='ocrx_word' id='word_1_665' title='bbox 1696 5485 1829 5539; x_wconf 75' lang='lat' dir='ltr'><strong>nillil</strong></span> <span class='ocrx_word' id='word_1_666' title='bbox 1856 5485 2102 5552; x_wconf 84' lang='lat' dir='ltr'><strong>obtinuit,</strong></span> 
     </span>
    </p>
   </div>
   <div class='ocr_carea' id='block_1_93' title="bbox 544 5555 2104 5622">
    <p class='ocr_par' dir='ltr' id='par_1_93' title="bbox 544 5555 2104 5622">
     <span class='ocr_line' id='line_1_94' title="bbox 544 5555 2104 5622; baseline -0.003 -8"><span class='ocrx_word' id='word_1_667' title='bbox 544 5572 598 5614; x_wconf 86' lang='lat' dir='ltr'><strong>et</strong></span> <span class='ocrx_word' id='word_1_668' title='bbox 647 5561 839 5613; x_wconf 81' lang='lat' dir='ltr'><strong>exinde</strong></span> <span class='ocrx_word' id='word_1_669' title='bbox 894 5555 1313 5612; x_wconf 85' lang='lat' dir='ltr'><strong>Mauriennensis</strong></span> <span class='ocrx_word' id='word_1_670' title='bbox 1350 5557 1684 5621; x_wconf 85' lang='lat' dir='ltr'><strong>episcopatus</strong></span> <span class='ocrx_word' id='word_1_671' title='bbox 1711 5558 2068 5622; x_wconf 80' lang='lat' dir='ltr'><strong>perseveravit</strong></span> <span class='ocrx_word' id='word_1_672' title='bbox 2092 5599 2104 5619; x_wconf 91' lang='lat'><strong>,</strong></span> 
     </span>
    </p>
   </div>
   <div class='ocr_carea' id='block_1_94' title="bbox 542 5625 2105 5698">
    <p class='ocr_par' dir='ltr' id='par_1_94' title="bbox 542 5625 2105 5698">
     <span class='ocr_line' id='line_1_95' title="bbox 542 5625 2105 5698; baseline -0.003 -14"><span class='ocrx_word' id='word_1_673' title='bbox 542 5631 803 5698; x_wconf 86' lang='lat' dir='ltr'><strong>hodieque</strong></span> <span class='ocrx_word' id='word_1_674' title='bbox 848 5626 1123 5689; x_wconf 85' lang='lat' dir='ltr'><strong>subsistit,</strong></span> <span class='ocrx_word' id='word_1_675' title='bbox 1174 5625 1267 5679; x_wconf 89' lang='lat' dir='ltr'><strong>sed</strong></span> <span class='ocrx_word' id='word_1_676' title='bbox 1314 5627 1412 5698; x_wconf 86' lang='lat' dir='ltr'><strong>sub</strong></span> <span class='ocrx_word' id='word_1_677' title='bbox 1466 5625 1754 5678; x_wconf 84' lang='lat' dir='ltr'><strong>Viennensi</strong></span> <span class='ocrx_word' id='word_1_678' title='bbox 1801 5627 2105 5694; x_wconf 90' lang='lat' dir='ltr'><strong>metropoli.</strong></span> 
     </span>
    </p>
   </div>
   <div class='ocr_carea' id='block_1_95' title="bbox 545 5697 2109 5764">
    <p class='ocr_par' dir='ltr' id='par_1_95' title="bbox 545 5697 2109 5764">
     <span class='ocr_line' id='line_1_96' title="bbox 545 5697 2109 5764; baseline -0.01 -8"><span class='ocrx_word' id='word_1_679' title='bbox 545 5702 681 5756; x_wconf 91' lang='lat' dir='ltr'><strong>Urbs</strong></span> <span class='ocrx_word' id='word_1_680' title='bbox 712 5697 837 5751; x_wconf 75' lang='lat' dir='ltr'><strong>vero</strong></span> <span class='ocrx_word' id='word_1_681' title='bbox 869 5699 979 5764; x_wconf 88' lang='lat' dir='ltr'><strong>ipsa</strong></span> <span class='ocrx_word' id='word_1_682' title='bbox 1008 5698 1078 5747; x_wconf 83' lang='lat' dir='ltr'><strong>ob</strong></span> <span class='ocrx_word' id='word_1_683' title='bbox 1106 5697 1479 5749; x_wconf 87' lang='lat' dir='ltr'><strong>miraculorum</strong></span> <span class='ocrx_word' id='word_1_684' title='bbox 1513 5698 1681 5751; x_wconf 85' lang='lat' dir='ltr'><strong>saneti</strong></span> <span class='ocrx_word' id='word_1_685' title='bbox 1731 5698 1951 5753; x_wconf 84' lang='lat' dir='ltr'><strong>Joannis</strong></span> <span class='ocrx_word' id='word_1_686' title='bbox 1984 5700 2109 5752; x_wconf 73' lang='lat' dir='ltr'><strong>roli-</strong></span> 
     </span>
    </p>
   </div>
   <div class='ocr_carea' id='block_1_96' title="bbox 539 5766 2106 5843">
    <p class='ocr_par' dir='ltr' id='par_1_96' title="bbox 539 5766 2106 5843">
     <span class='ocr_line' id='line_1_97' title="bbox 539 5766 2106 5843; baseline -0.002 -17"><span class='ocrx_word' id='word_1_687' title='bbox 539 5775 781 5843; x_wconf 87' lang='lat' dir='ltr'><strong>quiarum</strong></span> <span class='ocrx_word' id='word_1_688' title='bbox 830 5767 1188 5823; x_wconf 84' lang='lat' dir='ltr'><strong>celebritatem</strong></span> <span class='ocrx_word' id='word_1_689' title='bbox 1241 5766 1414 5833; x_wconf 84' lang='lat' dir='ltr'><strong>vulgo,</strong></span> <span class='ocrx_word' id='word_1_690' title='bbox 1473 5769 1610 5823; x_wconf 90' lang='lat' dir='ltr'><strong>sicut</strong></span> <span class='ocrx_word' id='word_1_691' title='bbox 1657 5780 1708 5823; x_wconf 85' lang='lat' dir='ltr'><strong>et</strong></span> <span class='ocrx_word' id='word_1_692' title='bbox 1767 5770 1879 5838; x_wconf 86' lang='lat' dir='ltr'><strong>ipsa</strong></span> <span class='ocrx_word' id='word_1_693' title='bbox 1930 5771 2106 5837; x_wconf 85' lang='lat' dir='ltr'><strong>vallis,</strong></span> 
     </span>
    </p>
   </div>
   <div class='ocr_carea' id='block_1_97' title="bbox 2215 3258 3792 3327">
    <p class='ocr_par' dir='ltr' id='par_1_97' title="bbox 2215 3258 3792 3327">
     <span class='ocr_line' id='line_1_98' title="bbox 2215 3258 3792 3327; baseline 0.004 -19"><span class='ocrx_word' id='word_1_694' title='bbox 2215 3261 2328 3323; x_wconf 85' lang='lat' dir='ltr'><strong>vit;</strong></span> <span class='ocrx_word' id='word_1_695' title='bbox 2362 3266 2418 3313; x_wconf 89' lang='lat' dir='ltr'><strong>et</strong></span> <span class='ocrx_word' id='word_1_696' title='bbox 2436 3262 2514 3312; x_wconf 90' lang='lat' dir='ltr'><strong>sic</strong></span> <span class='ocrx_word' id='word_1_697' title='bbox 2543 3258 2722 3312; x_wconf 85' lang='lat' dir='ltr'><strong>officio</strong></span> <span class='ocrx_word' id='word_1_698' title='bbox 2744 3258 2963 3312; x_wconf 83' lang='lat' dir='ltr'><strong>luminis</strong></span> <span class='ocrx_word' id='word_1_699' title='bbox 3014 3268 3304 3325; x_wconf 68' lang='lat' dir='ltr'><strong>prmeunte,</strong></span> <span class='ocrx_word' id='word_1_700' title='bbox 3337 3273 3446 3327; x_wconf 88' lang='lat' dir='ltr'><strong>quo</strong></span> <span class='ocrx_word' id='word_1_701' title='bbox 3475 3259 3645 3312; x_wconf 88' lang='lat' dir='ltr'><strong>voluit</strong></span> <span class='ocrx_word' id='word_1_702' title='bbox 3676 3261 3792 3315; x_wconf 86' lang='lat' dir='ltr'><strong>ivit.</strong></span> 
     </span>
    </p>
   </div>
   <div class='ocr_carea' id='block_1_98' title="bbox 2214 3349 3793 3422">
    <p class='ocr_par' dir='ltr' id='par_1_98' title="bbox 2214 3349 3793 3422">
     <span class='ocr_line' id='line_1_99' title="bbox 2214 3349 3793 3422; baseline -0.001 -14"><span class='ocrx_word' id='word_1_703' title='bbox 2214 3354 2414 3408; x_wconf 90' lang='lat' dir='ltr'><strong>Ferunt</strong></span> <span class='ocrx_word' id='word_1_704' title='bbox 2440 3360 2616 3407; x_wconf 90' lang='lat' dir='ltr'><strong>autem</strong></span> <span class='ocrx_word' id='word_1_705' title='bbox 2642 3353 2692 3405; x_wconf 93' lang='lat' dir='ltr'><strong>in</strong></span> <span class='ocrx_word' id='word_1_706' title='bbox 2722 3351 2825 3407; x_wconf 90' lang='lat' dir='ltr'><strong>hoc</strong></span> <span class='ocrx_word' id='word_1_707' title='bbox 2850 3349 3088 3405; x_wconf 83' lang='lat' dir='ltr'><strong>oratorio</strong></span> <span class='ocrx_word' id='word_1_708' title='bbox 3127 3365 3158 3404; x_wconf 87' lang='lat' dir='ltr'><strong>a</strong></span> <span class='ocrx_word' id='word_1_709' title='bbox 3204 3350 3399 3422; x_wconf 86' lang='lat' dir='ltr'><strong>lychno</strong></span> <span class='ocrx_word' id='word_1_710' title='bbox 3423 3353 3604 3406; x_wconf 86' lang='lat' dir='ltr'><strong>oleum</strong></span> <span class='ocrx_word' id='word_1_711' title='bbox 3634 3354 3793 3407; x_wconf 84' lang='lat' dir='ltr'><strong>ebul-</strong></span> 
     </span>
    </p>
   </div>
   <div class='ocr_carea' id='block_1_99' title="bbox 2214 3439 3791 3511">
    <p class='ocr_par' dir='ltr' id='par_1_99' title="bbox 2214 3439 3791 3511">
     <span class='ocr_line' id='line_1_100' title="bbox 2214 3439 3791 3511; baseline 0.001 -15"><span class='ocrx_word' id='word_1_712' title='bbox 2214 3443 2328 3499; x_wconf 93' lang='lat' dir='ltr'><strong>lire.</strong></span> <span class='ocrx_word' id='word_1_713' title='bbox 2362 3443 2637 3498; x_wconf 84' lang='lat' dir='ltr'><strong>Habentur</strong></span> <span class='ocrx_word' id='word_1_714' title='bbox 2666 3440 2810 3497; x_wconf 88' lang='lat' dir='ltr'><strong>enim</strong></span> <span class='ocrx_word' id='word_1_715' title='bbox 2846 3450 2872 3489; x_wconf 75' lang='lat'><strong><em>8</em></strong></span> <span class='ocrx_word' id='word_1_716' title='bbox 2904 3449 2958 3495; x_wconf 88' lang='lat' dir='ltr'><strong>et</strong></span> <span class='ocrx_word' id='word_1_717' title='bbox 2988 3439 3058 3495; x_wconf 90' lang='lat' dir='ltr'><strong>ibi</strong></span> <span class='ocrx_word' id='word_1_718' title='bbox 3098 3441 3339 3511; x_wconf 71' lang='lat' dir='ltr'><strong>reliquis:</strong></span> <span class='ocrx_word' id='word_1_719' title='bbox 3369 3450 3570 3496; x_wconf 68' lang='lat' dir='ltr'><strong>sanctae</strong></span> <span class='ocrx_word' id='word_1_720' title='bbox 3592 3444 3791 3497; x_wconf 91' lang='lat' dir='ltr'><strong>crucis.</strong></span> 
     </span>
    </p>
   </div>
   <div class='ocr_carea' id='block_1_100' title="bbox 2822 3553 3228 3610">
    <p class='ocr_par' dir='ltr' id='par_1_100' title="bbox 2822 3553 3228 3610">
     <span class='ocr_line' id='line_1_101' title="bbox 2822 3553 3228 3610; baseline -0.002 -2"><span class='ocrx_word' id='word_1_721' title='bbox 2822 3553 3050 3610; x_wconf 81' lang='lat' dir='ltr'><strong>CAPUT</strong></span> <span class='ocrx_word' id='word_1_722' title='bbox 3093 3553 3228 3609; x_wconf 84' lang='lat' dir='ltr'><strong>XVI.</strong></span> 
     </span>
    </p>
   </div>
   <div class='ocr_carea' id='block_1_101' title="bbox 2323 3646 3677 3717">
    <p class='ocr_par' dir='ltr' id='par_1_101' title="bbox 2323 3646 3677 3717">
     <span class='ocr_line' id='line_1_102' title="bbox 2323 3646 3677 3717; baseline 0.001 -17"><span class='ocrx_word' id='word_1_723' title='bbox 2323 3646 2394 3701; x_wconf 88' lang='lat' dir='ltr'><strong>De</strong></span> <span class='ocrx_word' id='word_1_724' title='bbox 2410 3646 2595 3701; x_wconf 86' lang='lat' dir='ltr'><strong>ardore</strong></span> <span class='ocrx_word' id='word_1_725' title='bbox 2621 3662 2806 3700; x_wconf 82' lang='lat' dir='ltr'><strong>manus</strong></span> <span class='ocrx_word' id='word_1_726' title='bbox 2844 3646 3122 3717; x_wconf 84' lang='lat' dir='ltr'><strong>cujusdam</strong></span> <span class='ocrx_word' id='word_1_727' title='bbox 3158 3646 3389 3701; x_wconf 78' lang='lat' dir='ltr'><strong>mulieris</strong></span> <span class='ocrx_word' id='word_1_728' title='bbox 3411 3651 3677 3702; x_wconf 70' lang='lat' dir='ltr'><strong>exstincto.</strong></span> 
     </span>
    </p>
   </div>
   <div class='ocr_carea' id='block_1_102' title="bbox 2284 3738 3790 3811">
    <p class='ocr_par' dir='ltr' id='par_1_102' title="bbox 2284 3738 3790 3811">
     <span class='ocr_line' id='line_1_103' title="bbox 2284 3738 3790 3811; baseline 0.001 -17"><span class='ocrx_word' id='word_1_729' title='bbox 2284 3739 2397 3795; x_wconf 91' lang='lat' dir='ltr'><strong>Sub</strong></span> <span class='ocrx_word' id='word_1_730' title='bbox 2426 3739 2583 3808; x_wconf 86' lang='lat' dir='ltr'><strong>hujus</strong></span> <span class='ocrx_word' id='word_1_731' title='bbox 2605 3738 2752 3793; x_wconf 78' lang='lat' dir='ltr'><strong>urbis</strong></span> <span class='ocrx_word' id='word_1_732' title='bbox 2778 3739 3049 3793; x_wconf 86' lang='lat' dir='ltr'><strong>territorio</strong></span> <span class='ocrx_word' id='word_1_733' title='bbox 3076 3739 3213 3807; x_wconf 91' lang='lat' dir='ltr'><strong>apud</strong></span> <span class='ocrx_word' id='word_1_734' title='bbox 3244 3741 3418 3793; x_wconf 87' lang='lat' dir='ltr'><strong>vicum</strong></span> <span class='ocrx_word' id='word_1_735' title='bbox 3452 3740 3790 3811; x_wconf 78' lang='lat' dir='ltr'><strong>Alangavien-</strong></span> 
     </span>
    </p>
   </div>
   <div class='ocr_carea' id='block_1_103' title="bbox 2211 3828 3789 3902">
    <p class='ocr_par' dir='ltr' id='par_1_103' title="bbox 2211 3828 3789 3902">
     <span class='ocr_line' id='line_1_104' title="bbox 2211 3828 3789 3902; baseline 0.001 -16"><span class='ocrx_word' id='word_1_736' title='bbox 2211 3848 2322 3887; x_wconf 90' lang='lat' dir='ltr'><strong>sem</strong></span> <span class='ocrx_word' id='word_1_737' title='bbox 2347 3828 2399 3896; x_wconf 67' lang='lat'><strong>&#39;1,</strong></span> <span class='ocrx_word' id='word_1_738' title='bbox 2434 3834 2623 3886; x_wconf 83' lang='lat' dir='ltr'><strong>mulier</strong></span> <span class='ocrx_word' id='word_1_739' title='bbox 2650 3831 2893 3902; x_wconf 64' lang='lat' dir='ltr'><strong>quaedam</strong></span> <span class='ocrx_word' id='word_1_740' title='bbox 2939 3846 3004 3886; x_wconf 87' lang='lat' dir='ltr'><strong>ex</strong></span> <span class='ocrx_word' id='word_1_741' title='bbox 3034 3832 3242 3897; x_wconf 90' lang='lat' dir='ltr'><strong>incolis,</strong></span> <span class='ocrx_word' id='word_1_742' title='bbox 3282 3845 3574 3899; x_wconf 88' lang='lat' dir='ltr'><strong>conspersa</strong></span> <span class='ocrx_word' id='word_1_743' title='bbox 3603 3834 3789 3888; x_wconf 83' lang='lat' dir='ltr'><strong>Domi-</strong></span> 
     </span>
    </p>
   </div>
   <div class='ocr_carea' id='block_1_104' title="bbox 2214 3921 3790 3995">
    <p class='ocr_par' dir='ltr' id='par_1_104' title="bbox 2214 3921 3790 3995">
     <span class='ocr_line' id='line_1_105' title="bbox 2214 3921 3790 3995; baseline 0.001 -17"><span class='ocrx_word' id='word_1_744' title='bbox 2214 3924 2330 3979; x_wconf 87' lang='lat' dir='ltr'><strong>nica</strong></span> <span class='ocrx_word' id='word_1_745' title='bbox 2372 3925 2457 3978; x_wconf 91' lang='lat' dir='ltr'><strong>die</strong></span> <span class='ocrx_word' id='word_1_746' title='bbox 2496 3923 2689 3990; x_wconf 73' lang='lat' dir='ltr'><strong>farina,</strong></span> <span class='ocrx_word' id='word_1_747' title='bbox 2722 3938 2913 3992; x_wconf 89' lang='lat' dir='ltr'><strong>panem</strong></span> <span class='ocrx_word' id='word_1_748' title='bbox 2965 3921 3235 3987; x_wconf 83' lang='lat' dir='ltr'><strong>formavit,</strong></span> <span class='ocrx_word' id='word_1_749' title='bbox 3262 3937 3446 3991; x_wconf 86' lang='lat' dir='ltr'><strong>quem,</strong></span> <span class='ocrx_word' id='word_1_750' title='bbox 3496 3927 3790 3995; x_wconf 87' lang='lat' dir='ltr'><strong>segregatis</strong></span> 
     </span>
    </p>
   </div>
   <div class='ocr_carea' id='block_1_105' title="bbox 2217 4014 3790 4086">
    <p class='ocr_par' dir='ltr' id='par_1_105' title="bbox 2217 4014 3790 4086">
     <span class='ocr_line' id='line_1_106' title="bbox 2217 4014 3790 4086; baseline -0.001 -16"><span class='ocrx_word' id='word_1_751' title='bbox 2217 4017 2420 4086; x_wconf 82' lang='lat' dir='ltr'><strong>prunis,</strong></span> <span class='ocrx_word' id='word_1_752' title='bbox 2445 4016 2625 4070; x_wconf 88' lang='lat' dir='ltr'><strong>cinere</strong></span> <span class='ocrx_word' id='word_1_753' title='bbox 2655 4016 2874 4071; x_wconf 88' lang='lat' dir='ltr'><strong>ferventi</strong></span> <span class='ocrx_word' id='word_1_754' title='bbox 2907 4016 3146 4069; x_wconf 77' lang='lat' dir='ltr'><strong>contexit</strong></span> <span class='ocrx_word' id='word_1_755' title='bbox 3170 4014 3600 4085; x_wconf 89' lang='lat' dir='ltr'><strong>decoquendum.</strong></span> <span class='ocrx_word' id='word_1_756' title='bbox 3634 4018 3790 4082; x_wconf 81' lang='lat' dir='ltr'><strong>Quod</strong></span> 
     </span>
    </p>
   </div>
   <div class='ocr_carea' id='block_1_106' title="bbox 2214 4104 3789 4179">
    <p class='ocr_par' dir='ltr' id='par_1_106' title="bbox 2214 4104 3789 4179">
     <span class='ocr_line' id='line_1_107' title="bbox 2214 4104 3789 4179; baseline -0.001 -16"><span class='ocrx_word' id='word_1_757' title='bbox 2214 4124 2333 4163; x_wconf 82' lang='lat' dir='ltr'><strong>cum</strong></span> <span class='ocrx_word' id='word_1_758' title='bbox 2360 4107 2574 4162; x_wconf 86' lang='lat' dir='ltr'><strong>fecisset</strong></span> <span class='ocrx_word' id='word_1_759' title='bbox 2599 4149 2613 4173; x_wconf 94' lang='lat'><strong>,</strong></span> <span class='ocrx_word' id='word_1_760' title='bbox 2648 4108 2886 4174; x_wconf 88' lang='lat' dir='ltr'><strong>protinus</strong></span> <span class='ocrx_word' id='word_1_761' title='bbox 2915 4105 2969 4161; x_wconf 89' lang='lat' dir='ltr'><strong>ei</strong></span> <span class='ocrx_word' id='word_1_762' title='bbox 2991 4120 3179 4159; x_wconf 87' lang='lat' dir='ltr'><strong>manus</strong></span> <span class='ocrx_word' id='word_1_763' title='bbox 3207 4104 3427 4161; x_wconf 88' lang='lat' dir='ltr'><strong>dextera</strong></span> <span class='ocrx_word' id='word_1_764' title='bbox 3455 4106 3643 4161; x_wconf 88' lang='lat' dir='ltr'><strong>divino</strong></span> <span class='ocrx_word' id='word_1_765' title='bbox 3667 4107 3789 4179; x_wconf 87' lang='lat' dir='ltr'><strong>igne</strong></span> 
     </span>
    </p>
   </div>
   <div class='ocr_carea' id='block_1_107' title="bbox 2215 4282 3789 4352">
    <p class='ocr_par' dir='ltr' id='par_1_107' title="bbox 2215 4282 3789 4352">
     <span class='ocr_line' id='line_1_108' title="bbox 2215 4282 3789 4352; baseline -0.001 -11"><span class='ocrx_word' id='word_1_766' title='bbox 2215 4287 2408 4341; x_wconf 90' lang='lat' dir='ltr'><strong>dicitur</strong></span> <span class='ocrx_word' id='word_1_767' title='bbox 2445 4287 2674 4341; x_wconf 88' lang='lat' dir='ltr'><strong>Sanctus</strong></span> <span class='ocrx_word' id='word_1_768' title='bbox 2713 4284 2942 4339; x_wconf 84' lang='lat' dir='ltr'><strong>Joannes</strong></span> <span class='ocrx_word' id='word_1_769' title='bbox 2983 4282 3049 4338; x_wconf 91' lang='lat' dir='ltr'><strong>de</strong></span> <span class='ocrx_word' id='word_1_770' title='bbox 3092 4282 3399 4338; x_wconf 84' lang='lat' dir='ltr'><strong>Maurienns</strong></span> <span class='ocrx_word' id='word_1_771' title='bbox 3445 4283 3789 4352; x_wconf 74' lang='lat' dir='ltr'><strong>(Saint-Jean</strong></span> 
     </span>
    </p>
   </div>
   <div class='ocr_carea' id='block_1_108' title="bbox 2217 4354 3790 4417">
    <p class='ocr_par' dir='ltr' id='par_1_108' title="bbox 2217 4354 3790 4417">
     <span class='ocr_line' id='line_1_109' title="bbox 2217 4354 3790 4417; baseline -0.001 -6"><span class='ocrx_word' id='word_1_772' title='bbox 2217 4360 2280 4411; x_wconf 87' lang='lat' dir='ltr'><strong>de</strong></span> <span class='ocrx_word' id='word_1_773' title='bbox 2300 4354 2813 4417; x_wconf 79' lang='lat' dir='ltr'><strong>Mamienne).Vetus</strong></span> <span class='ocrx_word' id='word_1_774' title='bbox 2845 4356 3252 4408; x_wconf 56' lang='lat' dir='ltr'><strong>instrumentum</strong></span> <span class='ocrx_word' id='word_1_775' title='bbox 3280 4354 3347 4409; x_wconf 84' lang='lat' dir='ltr'><strong>de</strong></span> <span class='ocrx_word' id='word_1_776' title='bbox 3368 4357 3612 4410; x_wconf 75' lang='lat' dir='ltr'><strong>ecclesia:</strong></span> <span class='ocrx_word' id='word_1_777' title='bbox 3640 4356 3790 4411; x_wconf 85' lang='lat' dir='ltr'><strong>Mau-</strong></span> 
     </span>
    </p>
   </div>
   <div class='ocr_carea' id='block_1_109' title="bbox 2218 4426 3570 4494">
    <p class='ocr_par' dir='ltr' id='par_1_109' title="bbox 2218 4426 3570 4494">
     <span class='ocr_line' id='line_1_110' title="bbox 2218 4426 3570 4494; baseline -0.003 -11"><span class='ocrx_word' id='word_1_778' title='bbox 2218 4429 2522 4483; x_wconf 75' lang='lat' dir='ltr'><strong>riennensis</strong></span> <span class='ocrx_word' id='word_1_779' title='bbox 2554 4426 2856 4492; x_wconf 81' lang='lat' dir='ltr'><strong>primordiis</strong></span> <span class='ocrx_word' id='word_1_780' title='bbox 2884 4426 3129 4478; x_wconf 84' lang='lat' dir='ltr'><strong>dabimus</strong></span> <span class='ocrx_word' id='word_1_781' title='bbox 3171 4427 3221 4477; x_wconf 93' lang='lat' dir='ltr'><strong>in</strong></span> <span class='ocrx_word' id='word_1_782' title='bbox 3252 4426 3570 4494; x_wconf 81' lang='lat' dir='ltr'><strong>appendice.</strong></span> 
     </span>
    </p>
   </div>
   <div class='ocr_carea' id='block_1_110' title="bbox 2292 4495 3789 4566">
    <p class='ocr_par' dir='ltr' id='par_1_110' title="bbox 2292 4495 3789 4566">
     <span class='ocr_line' id='line_1_111' title="bbox 2292 4495 3789 4566; baseline -0.001 -14"><span class='ocrx_word' id='word_1_783' title='bbox 2292 4508 2316 4535; x_wconf 81' lang='grc' dir='ltr'><strong>ο</strong></span> <span class='ocrx_word' id='word_1_784' title='bbox 2357 4498 2467 4552; x_wconf 88' lang='lat' dir='ltr'><strong>Hoc</strong></span> <span class='ocrx_word' id='word_1_785' title='bbox 2505 4507 2664 4566; x_wconf 86' lang='lat' dir='ltr'><strong>caput</strong></span> <span class='ocrx_word' id='word_1_786' title='bbox 2692 4512 2812 4549; x_wconf 89' lang='lat' dir='ltr'><strong>cum</strong></span> <span class='ocrx_word' id='word_1_787' title='bbox 2845 4497 3082 4564; x_wconf 88' lang='lat' dir='ltr'><strong>sequenti</strong></span> <span class='ocrx_word' id='word_1_788' title='bbox 3127 4496 3281 4550; x_wconf 84' lang='lat' dir='ltr'><strong>deest</strong></span> <span class='ocrx_word' id='word_1_789' title='bbox 3318 4495 3371 4549; x_wconf 92' lang='lat' dir='ltr'><strong>in</strong></span> <span class='ocrx_word' id='word_1_790' title='bbox 3410 4496 3534 4552; x_wconf 91' lang='lat' dir='ltr'><strong>cod.</strong></span> <span class='ocrx_word' id='word_1_791' title='bbox 3564 4495 3709 4551; x_wconf 87' lang='lat' dir='ltr'><strong>Clar.</strong></span> <span class='ocrx_word' id='word_1_792' title='bbox 3736 4513 3789 4556; x_wconf 85' lang='lat' dir='ltr'><strong>a.</strong></span> 
     </span>
    </p>
   </div>
   <div class='ocr_carea' id='block_1_111' title="bbox 2220 4566 3785 4635">
    <p class='ocr_par' dir='ltr' id='par_1_111' title="bbox 2220 4566 3785 4635">
     <span class='ocr_line' id='line_1_112' title="bbox 2220 4566 3785 4635; baseline -0.001 -12"><span class='ocrx_word' id='word_1_793' title='bbox 2220 4569 2274 4623; x_wconf 92' lang='lat' dir='ltr'><strong>In</strong></span> <span class='ocrx_word' id='word_1_794' title='bbox 2302 4570 2471 4623; x_wconf 91' lang='lat' dir='ltr'><strong>altero</strong></span> <span class='ocrx_word' id='word_1_795' title='bbox 2494 4584 2620 4622; x_wconf 89' lang='lat' dir='ltr'><strong>vero</strong></span> <span class='ocrx_word' id='word_1_796' title='bbox 2638 4566 2758 4621; x_wconf 93' lang='lat' dir='ltr'><strong>cod.</strong></span> <span class='ocrx_word' id='word_1_797' title='bbox 2782 4566 2931 4620; x_wconf 87' lang='lat' dir='ltr'><strong>Clar.</strong></span> <span class='ocrx_word' id='word_1_798' title='bbox 2972 4567 3124 4620; x_wconf 86' lang='lat' dir='ltr'><strong>deest</strong></span> <span class='ocrx_word' id='word_1_799' title='bbox 3143 4582 3265 4621; x_wconf 90' lang='lat' dir='ltr'><strong>cum</strong></span> <span class='ocrx_word' id='word_1_800' title='bbox 3296 4583 3388 4621; x_wconf 88' lang='lat' dir='ltr'><strong>sex</strong></span> <span class='ocrx_word' id='word_1_801' title='bbox 3418 4568 3785 4635; x_wconf 72' lang='lat' dir='ltr'><strong>sequentibus,</strong></span> 
     </span>
    </p>
   </div>
   <div class='ocr_carea' id='block_1_112' title="bbox 2218 4636 3790 4693">
    <p class='ocr_par' dir='ltr' id='par_1_112' title="bbox 2218 4636 3790 4693">
     <span class='ocr_line' id='line_1_113' title="bbox 2218 4636 3790 4693; baseline 0 0"><span class='ocrx_word' id='word_1_802' title='bbox 2218 4641 2269 4693; x_wconf 89' lang='lat' dir='ltr'><strong>id</strong></span> <span class='ocrx_word' id='word_1_803' title='bbox 2300 4649 2382 4693; x_wconf 88' lang='lat' dir='ltr'><strong>est</strong></span> <span class='ocrx_word' id='word_1_804' title='bbox 2428 4640 2492 4693; x_wconf 92' lang='lat' dir='ltr'><strong>ad</strong></span> <span class='ocrx_word' id='word_1_805' title='bbox 2540 4638 2602 4689; x_wconf 70' lang='lat'><strong>21</strong></span> <span class='ocrx_word' id='word_1_806' title='bbox 2660 4636 2940 4691; x_wconf 89' lang='lat' dir='ltr'><strong>inclusive.</strong></span> <span class='ocrx_word' id='word_1_807' title='bbox 2989 4636 3156 4690; x_wconf 89' lang='lat' dir='ltr'><strong>Porro</strong></span> <span class='ocrx_word' id='word_1_808' title='bbox 3202 4639 3495 4692; x_wconf 86' lang='lat' dir='ltr'><strong>oratorium</strong></span> <span class='ocrx_word' id='word_1_809' title='bbox 3557 4640 3609 4691; x_wconf 90' lang='lat' dir='ltr'><strong>in</strong></span> <span class='ocrx_word' id='word_1_810' title='bbox 3652 4644 3790 4693; x_wconf 87' lang='lat' dir='ltr'><strong>atrio</strong></span> 
     </span>
    </p>
   </div>
   <div class='ocr_carea' id='block_1_113' title="bbox 2217 4703 3789 4777">
    <p class='ocr_par' dir='ltr' id='par_1_113' title="bbox 2217 4703 3789 4777">
     <span class='ocr_line' id='line_1_114' title="bbox 2217 4703 3789 4777; baseline 0 -14"><span class='ocrx_word' id='word_1_811' title='bbox 2217 4711 2385 4765; x_wconf 87' lang='lat' dir='ltr'><strong>sancti</strong></span> <span class='ocrx_word' id='word_1_812' title='bbox 2417 4707 2623 4763; x_wconf 86' lang='lat' dir='ltr'><strong>Martini</strong></span> <span class='ocrx_word' id='word_1_813' title='bbox 2655 4703 2747 4762; x_wconf 88' lang='lat' dir='ltr'><strong>hic</strong></span> <span class='ocrx_word' id='word_1_814' title='bbox 2788 4715 3136 4761; x_wconf 88' lang='lat' dir='ltr'><strong>memoratum</strong></span> <span class='ocrx_word' id='word_1_815' title='bbox 3189 4708 3407 4777; x_wconf 88' lang='lat' dir='ltr'><strong>quidam</strong></span> <span class='ocrx_word' id='word_1_816' title='bbox 3448 4722 3565 4761; x_wconf 87' lang='lat' dir='ltr'><strong>esse</strong></span> <span class='ocrx_word' id='word_1_817' title='bbox 3600 4718 3789 4774; x_wconf 89' lang='lat' dir='ltr'><strong>putant</strong></span> 
     </span>
    </p>
   </div>
   <div class='ocr_carea' id='block_1_114' title="bbox 2218 4777 3785 4847">
    <p class='ocr_par' dir='ltr' id='par_1_114' title="bbox 2218 4777 3785 4847">
     <span class='ocr_line' id='line_1_115' title="bbox 2218 4777 3785 4847; baseline 0.001 -14"><span class='ocrx_word' id='word_1_818' title='bbox 2218 4781 2345 4835; x_wconf 92' lang='lat' dir='ltr'><strong>illud</strong></span> <span class='ocrx_word' id='word_1_819' title='bbox 2404 4779 2543 4847; x_wconf 87' lang='lat' dir='ltr'><strong>quod</strong></span> <span class='ocrx_word' id='word_1_820' title='bbox 2585 4780 2890 4831; x_wconf 88' lang='lat' dir='ltr'><strong>etiamnunc</strong></span> <span class='ocrx_word' id='word_1_821' title='bbox 2936 4777 3179 4831; x_wconf 87' lang='lat' dir='ltr'><strong>subsistit</strong></span> <span class='ocrx_word' id='word_1_822' title='bbox 3223 4783 3323 4831; x_wconf 84' lang='lat' dir='ltr'><strong>sub</strong></span> <span class='ocrx_word' id='word_1_823' title='bbox 3370 4779 3535 4832; x_wconf 86' lang='lat' dir='ltr'><strong>sancti</strong></span> <span class='ocrx_word' id='word_1_824' title='bbox 3565 4777 3785 4834; x_wconf 85' lang='lat' dir='ltr'><strong>Joannis</strong></span> 
     </span>
    </p>
   </div>
   <div class='ocr_carea' id='block_1_115' title="bbox 2218 4848 3785 4918">
    <p class='ocr_par' dir='ltr' id='par_1_115' title="bbox 2218 4848 3785 4918">
     <span class='ocr_line' id='line_1_116' title="bbox 2218 4848 3785 4918; baseline -0.002 -14"><span class='ocrx_word' id='word_1_825' title='bbox 2218 4851 2467 4918; x_wconf 56' lang='lat' dir='ltr'><strong>Baptista!</strong></span> <span class='ocrx_word' id='word_1_826' title='bbox 2498 4849 2650 4903; x_wconf 88' lang='lat' dir='ltr'><strong>titulo</strong></span> <span class='ocrx_word' id='word_1_827' title='bbox 2670 4888 2684 4915; x_wconf 90' lang='lat'><strong>,</strong></span> <span class='ocrx_word' id='word_1_828' title='bbox 2722 4851 2772 4903; x_wconf 92' lang='lat' dir='ltr'><strong>in</strong></span> <span class='ocrx_word' id='word_1_829' title='bbox 2800 4863 2906 4917; x_wconf 91' lang='lat' dir='ltr'><strong>quo</strong></span> <span class='ocrx_word' id='word_1_830' title='bbox 2937 4849 3103 4901; x_wconf 89' lang='lat' dir='ltr'><strong>sancti</strong></span> <span class='ocrx_word' id='word_1_831' title='bbox 3128 4848 3339 4902; x_wconf 87' lang='lat' dir='ltr'><strong>Martini</strong></span> <span class='ocrx_word' id='word_1_832' title='bbox 3370 4848 3607 4903; x_wconf 84' lang='lat' dir='ltr'><strong>canonici</strong></span> <span class='ocrx_word' id='word_1_833' title='bbox 3636 4850 3785 4910; x_wconf 84' lang='lat' dir='ltr'><strong>capi-</strong></span> 
     </span>
    </p>
   </div>
   <div class='ocr_carea' id='block_1_116' title="bbox 2221 4919 3783 4988">
    <p class='ocr_par' dir='ltr' id='par_1_116' title="bbox 2221 4919 3783 4988">
     <span class='ocr_line' id='line_1_117' title="bbox 2221 4919 3783 4988; baseline 0.001 -16"><span class='ocrx_word' id='word_1_834' title='bbox 2221 4923 2388 4975; x_wconf 89' lang='lat' dir='ltr'><strong>tulum</strong></span> <span class='ocrx_word' id='word_1_835' title='bbox 2443 4934 2766 4988; x_wconf 86' lang='lat' dir='ltr'><strong>congregare</strong></span> <span class='ocrx_word' id='word_1_836' title='bbox 2820 4921 3012 4973; x_wconf 87' lang='lat' dir='ltr'><strong>solent.</strong></span> <span class='ocrx_word' id='word_1_837' title='bbox 3070 4919 3255 4973; x_wconf 85' lang='lat' dir='ltr'><strong>Exstat</strong></span> <span class='ocrx_word' id='word_1_838' title='bbox 3319 4919 3461 4974; x_wconf 86' lang='lat' dir='ltr'><strong>aliud</strong></span> <span class='ocrx_word' id='word_1_839' title='bbox 3520 4928 3783 4973; x_wconf 81' lang='lat' dir='ltr'><strong>vetustum</strong></span> 
     </span>
    </p>
   </div>
   <div class='ocr_carea' id='block_1_117' title="bbox 2218 4989 3786 5059">
    <p class='ocr_par' dir='ltr' id='par_1_117' title="bbox 2218 4989 3786 5059">
     <span class='ocr_line' id='line_1_118' title="bbox 2218 4989 3786 5059; baseline 0.001 -15"><span class='ocrx_word' id='word_1_840' title='bbox 2218 4993 2385 5046; x_wconf 87' lang='lat' dir='ltr'><strong>sancti</strong></span> <span class='ocrx_word' id='word_1_841' title='bbox 2414 4990 2634 5045; x_wconf 87' lang='lat' dir='ltr'><strong>Joannis</strong></span> <span class='ocrx_word' id='word_1_842' title='bbox 2666 4991 2915 5059; x_wconf 71' lang='lat' dir='ltr'><strong>Baptistae</strong></span> <span class='ocrx_word' id='word_1_843' title='bbox 2964 4989 3237 5059; x_wconf 13' lang='lat' dir='ltr'><strong>sacellum,</strong></span> <span class='ocrx_word' id='word_1_844' title='bbox 3278 4991 3329 5043; x_wconf 90' lang='lat' dir='ltr'><strong>in</strong></span> <span class='ocrx_word' id='word_1_845' title='bbox 3386 4992 3502 5058; x_wconf 88' lang='lat' dir='ltr'><strong>ipso</strong></span> <span class='ocrx_word' id='word_1_846' title='bbox 3542 4989 3786 5045; x_wconf 77' lang='lat' dir='ltr'><strong>ecclesia:</strong></span> 
     </span>
    </p>
   </div>
   <div class='ocr_carea' id='block_1_118' title="bbox 2218 5058 3717 5130">
    <p class='ocr_par' dir='ltr' id='par_1_118' title="bbox 2218 5058 3717 5130">
     <span class='ocr_line' id='line_1_119' title="bbox 2218 5058 3717 5130; baseline -0.001 -13"><span class='ocrx_word' id='word_1_847' title='bbox 2218 5064 2387 5117; x_wconf 85' lang='lat' dir='ltr'><strong>sancti</strong></span> <span class='ocrx_word' id='word_1_848' title='bbox 2413 5061 2619 5115; x_wconf 85' lang='lat' dir='ltr'><strong>Martini</strong></span> <span class='ocrx_word' id='word_1_849' title='bbox 2645 5058 2884 5128; x_wconf 86' lang='lat' dir='ltr'><strong>ingressu</strong></span> <span class='ocrx_word' id='word_1_850' title='bbox 2904 5103 2918 5126; x_wconf 92' lang='lat'><strong>,</strong></span> <span class='ocrx_word' id='word_1_851' title='bbox 2944 5061 3083 5128; x_wconf 88' lang='lat' dir='ltr'><strong>quod</strong></span> <span class='ocrx_word' id='word_1_852' title='bbox 3118 5059 3199 5114; x_wconf 91' lang='lat' dir='ltr'><strong>hic</strong></span> <span class='ocrx_word' id='word_1_853' title='bbox 3220 5058 3359 5115; x_wconf 85' lang='lat' dir='ltr'><strong>forte</strong></span> <span class='ocrx_word' id='word_1_854' title='bbox 3388 5062 3717 5130; x_wconf 83' lang='lat' dir='ltr'><strong>designatur.</strong></span> 
     </span>
    </p>
   </div>
   <div class='ocr_carea' id='block_1_119' title="bbox 2295 5131 3395 5201">
    <p class='ocr_par' dir='ltr' id='par_1_119' title="bbox 2295 5131 3395 5201">
     <span class='ocr_line' id='line_1_120' title="bbox 2295 5131 3395 5201; baseline 0 -15"><span class='ocrx_word' id='word_1_855' title='bbox 2295 5132 2314 5170; x_wconf 72' lang='grc' dir='ltr'><strong>ί</strong></span> <span class='ocrx_word' id='word_1_856' title='bbox 2357 5133 2446 5186; x_wconf 91' lang='lat' dir='ltr'><strong>Sic</strong></span> <span class='ocrx_word' id='word_1_857' title='bbox 2468 5131 2590 5187; x_wconf 86' lang='lat' dir='ltr'><strong>eod.</strong></span> <span class='ocrx_word' id='word_1_858' title='bbox 2623 5132 2775 5186; x_wconf 88' lang='lat' dir='ltr'><strong>Colb.</strong></span> <span class='ocrx_word' id='word_1_859' title='bbox 2801 5145 2849 5183; x_wconf 86' lang='lat' dir='ltr'><strong>a.</strong></span> <span class='ocrx_word' id='word_1_860' title='bbox 2884 5131 3095 5201; x_wconf 64' lang='lat' dir='ltr'><strong>(laeteri,</strong></span> <span class='ocrx_word' id='word_1_861' title='bbox 3119 5132 3395 5201; x_wconf 83' lang='lat' dir='ltr'><strong>plerisque.</strong></span> 
     </span>
    </p>
   </div>
   <div class='ocr_carea' id='block_1_120' title="bbox 2289 5199 3780 5271">
    <p class='ocr_par' dir='ltr' id='par_1_120' title="bbox 2289 5199 3780 5271">
     <span class='ocr_line' id='line_1_121' title="bbox 2289 5199 3780 5271; baseline -0.001 -13"><span class='ocrx_word' id='word_1_862' title='bbox 2289 5213 2315 5250; x_wconf 77' lang='lat'>8</span> <span class='ocrx_word' id='word_1_863' title='bbox 2354 5204 2428 5257; x_wconf 83' lang='lat' dir='ltr'><strong>Ex</strong></span> <span class='ocrx_word' id='word_1_864' title='bbox 2453 5201 2641 5271; x_wconf 82' lang='lat' dir='ltr'><strong>cap.5,</strong></span> <span class='ocrx_word' id='word_1_865' title='bbox 2669 5199 3373 5271; x_wconf 76' lang='lat' dir='ltr'><strong>supra,idem_contingebat</strong></span> <span class='ocrx_word' id='word_1_866' title='bbox 3395 5212 3523 5258; x_wconf 87' lang='lat' dir='ltr'><strong>ante</strong></span> <span class='ocrx_word' id='word_1_867' title='bbox 3545 5212 3780 5258; x_wconf 84' lang='lat' dir='ltr'><strong>sanctam</strong></span> 
     </span>
    </p>
   </div>
   <div class='ocr_carea' id='block_1_121' title="bbox 2217 5269 3785 5353">
    <p class='ocr_par' dir='ltr' id='par_1_121' title="bbox 2217 5269 3785 5353">
     <span class='ocr_line' id='line_1_122' title="bbox 2217 5269 3785 5353; baseline 0 -24"><span class='ocrx_word' id='word_1_868' title='bbox 2217 5289 2428 5353; x_wconf 77' lang='lat' dir='ltr'><strong>crucem</strong></span> <span class='ocrx_word' id='word_1_869' title='bbox 2486 5269 2538 5326; x_wconf 85' lang='lat' dir='ltr'><strong>in</strong></span> <span class='ocrx_word' id='word_1_870' title='bbox 2592 5269 3261 5353; x_wconf 51' lang='lat' dir='ltr'><strong>monasterionPictavensi</strong></span> <span class='ocrx_word' id='word_1_871' title='bbox 3306 5282 3673 5342; x_wconf 80' lang='lat' dir='ltr'><strong>asservatam,</strong></span> <span class='ocrx_word' id='word_1_872' title='bbox 3722 5274 3785 5329; x_wconf 88' lang='lat' dir='ltr'><strong>ad</strong></span> 
     </span>
    </p>
   </div>
   <div class='ocr_carea' id='block_1_122' title="bbox 2217 5340 3787 5481">
    <p class='ocr_par' dir='ltr' id='par_1_122' title="bbox 2217 5340 3787 5481">
     <span class='ocr_line' id='line_1_123' title="bbox 2217 5340 3667 5415; baseline -0.002 -18"><span class='ocrx_word' id='word_1_873' title='bbox 2217 5361 2373 5415; x_wconf 89' lang='lat' dir='ltr'><strong>quem</strong></span> <span class='ocrx_word' id='word_1_874' title='bbox 2397 5346 2570 5400; x_wconf 91' lang='lat' dir='ltr'><strong>locum</strong></span> <span class='ocrx_word' id='word_1_875' title='bbox 2602 5343 2684 5397; x_wconf 90' lang='lat' dir='ltr'><strong>hic</strong></span> <span class='ocrx_word' id='word_1_876' title='bbox 2705 5343 2895 5396; x_wconf 82' lang='lat' dir='ltr'><strong>alludit</strong></span> <span class='ocrx_word' id='word_1_877' title='bbox 2922 5340 3232 5409; x_wconf 81' lang='lat' dir='ltr'><strong>Gregorius.</strong></span> <span class='ocrx_word' id='word_1_878' title='bbox 3657 5340 3667 5342; x_wconf 60' lang='grc'><em>’</em></span> 
     </span>
     <span class='ocr_line' id='line_1_124' title="bbox 2282 5411 3787 5481; baseline -0.001 -12"><span class='ocrx_word' id='word_1_879' title='bbox 2282 5417 2309 5452; x_wconf 70' lang='grc' dir='ltr'><strong>ιι</strong></span> <span class='ocrx_word' id='word_1_880' title='bbox 2343 5415 2475 5470; x_wconf 88' lang='lat' dir='ltr'><strong>Cod.</strong></span> <span class='ocrx_word' id='word_1_881' title='bbox 2507 5414 2657 5467; x_wconf 88' lang='lat' dir='ltr'><strong>Mart.</strong></span> <span class='ocrx_word' id='word_1_882' title='bbox 2683 5425 2733 5467; x_wconf 91' lang='lat' dir='ltr'><strong>et</strong></span> <span class='ocrx_word' id='word_1_883' title='bbox 2757 5411 2913 5468; x_wconf 86' lang='lat' dir='ltr'><strong>Clict.</strong></span> <span class='ocrx_word' id='word_1_884' title='bbox 2948 5428 3069 5465; x_wconf 82' lang='lat' dir='ltr'><strong>eum</strong></span> <span class='ocrx_word' id='word_1_885' title='bbox 3105 5413 3232 5466; x_wconf 79' lang='lat' dir='ltr'><strong>Bell.</strong></span> <span class='ocrx_word' id='word_1_886' title='bbox 3257 5422 3311 5468; x_wconf 91' lang='lat' dir='ltr'><strong>et</strong></span> <span class='ocrx_word' id='word_1_887' title='bbox 3330 5413 3483 5468; x_wconf 86' lang='lat' dir='ltr'><strong>Colb.</strong></span> <span class='ocrx_word' id='word_1_888' title='bbox 3518 5430 3549 5468; x_wconf 90' lang='lat' dir='ltr'><strong>a</strong></span> <span class='ocrx_word' id='word_1_889' title='bbox 3575 5455 3593 5481; x_wconf 91' lang='lat'><strong>,</strong></span> <span class='ocrx_word' id='word_1_890' title='bbox 3638 5416 3687 5466; x_wconf 92' lang='lat' dir='ltr'><strong>in</strong></span> <span class='ocrx_word' id='word_1_891' title='bbox 3708 5415 3787 5468; x_wconf 84' lang='lat' dir='ltr'><strong>in-</strong></span> 
     </span>
    </p>
   </div>
   <div class='ocr_carea' id='block_1_123' title="bbox 2212 5482 3779 5554">
    <p class='ocr_par' dir='ltr' id='par_1_123' title="bbox 2212 5482 3779 5554">
     <span class='ocr_line' id='line_1_125' title="bbox 2212 5482 3779 5554; baseline -0.001 -14"><span class='ocrx_word' id='word_1_892' title='bbox 2212 5486 2351 5552; x_wconf 89' lang='lat' dir='ltr'><strong>dice,</strong></span> <span class='ocrx_word' id='word_1_893' title='bbox 2382 5485 2799 5554; x_wconf 82' lang='lat' dir='ltr'><strong>Langauiemem.</strong></span> <span class='ocrx_word' id='word_1_894' title='bbox 2840 5484 3008 5554; x_wconf 84' lang='lat' dir='ltr'><strong>Laud.</strong></span> <span class='ocrx_word' id='word_1_895' title='bbox 3040 5482 3164 5535; x_wconf 91' lang='lat' dir='ltr'><strong>item</strong></span> <span class='ocrx_word' id='word_1_896' title='bbox 3189 5482 3240 5537; x_wconf 91' lang='lat' dir='ltr'><strong>in</strong></span> <span class='ocrx_word' id='word_1_897' title='bbox 3276 5485 3447 5538; x_wconf 86' lang='lat' dir='ltr'><strong>indice</strong></span> <span class='ocrx_word' id='word_1_898' title='bbox 3476 5485 3779 5540; x_wconf 78' lang='lat' dir='ltr'><strong>Lanuiense.</strong></span> 
     </span>
    </p>
   </div>
   <div class='ocr_carea' id='block_1_124' title="bbox 2216 5553 3780 5622">
    <p class='ocr_par' dir='ltr' id='par_1_124' title="bbox 2216 5553 3780 5622">
     <span class='ocr_line' id='line_1_126' title="bbox 2216 5553 3780 5622; baseline -0.002 -13"><span class='ocrx_word' id='word_1_899' title='bbox 2216 5557 2417 5610; x_wconf 91' lang='lat' dir='ltr'><strong>Dicitur</strong></span> <span class='ocrx_word' id='word_1_900' title='bbox 2448 5553 2632 5609; x_wconf 27' lang='lat' dir='ltr'><strong>in’ﬁne</strong></span> <span class='ocrx_word' id='word_1_901' title='bbox 2685 5554 2780 5608; x_wconf 90' lang='lat' dir='ltr'><strong>lib.</strong></span> <span class='ocrx_word' id='word_1_902' title='bbox 2830 5570 2859 5607; x_wconf 66' lang='grc' dir='ltr'>Χ</span> <span class='ocrx_word' id='word_1_903' title='bbox 2910 5553 3157 5607; x_wconf 59' lang='lat' dir='ltr'><strong>Historias</strong></span> <span class='ocrx_word' id='word_1_904' title='bbox 3198 5556 3338 5608; x_wconf 82' lang='lat' dir='ltr'><strong>vicus</strong></span> <span class='ocrx_word' id='word_1_905' title='bbox 3392 5555 3780 5622; x_wconf 78' lang='lat' dir='ltr'><strong>Alingavimis,</strong></span> 
     </span>
    </p>
   </div>
   <div class='ocr_carea' id='block_1_125' title="bbox 2214 5624 3783 5695">
    <p class='ocr_par' dir='ltr' id='par_1_125' title="bbox 2214 5624 3783 5695">
     <span class='ocr_line' id='line_1_127' title="bbox 2214 5624 3783 5695; baseline -0.001 -16"><span class='ocrx_word' id='word_1_906' title='bbox 2214 5629 2330 5681; x_wconf 90' lang='lat' dir='ltr'><strong>aliis</strong></span> <span class='ocrx_word' id='word_1_907' title='bbox 2384 5625 2691 5679; x_wconf 85' lang='lat' dir='ltr'><strong>auctoribus</strong></span> <span class='ocrx_word' id='word_1_908' title='bbox 2744 5624 3063 5694; x_wconf 83' lang='lat' dir='ltr'><strong>Lingiacum,</strong></span> <span class='ocrx_word' id='word_1_909' title='bbox 3117 5637 3213 5677; x_wconf 90' lang='lat' dir='ltr'><strong>seu</strong></span> <span class='ocrx_word' id='word_1_910' title='bbox 3270 5624 3592 5693; x_wconf 81' lang='lat' dir='ltr'><strong>Langesium,</strong></span> <span class='ocrx_word' id='word_1_911' title='bbox 3628 5626 3783 5695; x_wconf 82' lang='lat' dir='ltr'><strong>vulgo</strong></span> 
     </span>
    </p>
   </div>
   <div class='ocr_carea' id='block_1_126' title="bbox 2216 5695 3783 5770">
    <p class='ocr_par' dir='ltr' id='par_1_126' title="bbox 2216 5695 3783 5770">
     <span class='ocr_line' id='line_1_128' title="bbox 2216 5695 3783 5770; baseline 0 -19"><span class='ocrx_word' id='word_1_912' title='bbox 2216 5698 2494 5770; x_wconf 83' lang='lat' dir='ltr'><strong>Lnngeay,</strong></span> <span class='ocrx_word' id='word_1_913' title='bbox 2533 5695 2681 5770; x_wconf 85' lang='lat' dir='ltr'><strong>locus</strong></span> <span class='ocrx_word' id='word_1_914' title='bbox 2716 5697 2875 5751; x_wconf 86' lang='lat' dir='ltr'><strong>etiam</strong></span> <span class='ocrx_word' id='word_1_915' title='bbox 2932 5710 3071 5748; x_wconf 90' lang='lat' dir='ltr'><strong>nunc</strong></span> <span class='ocrx_word' id='word_1_916' title='bbox 3110 5704 3287 5763; x_wconf 90' lang='lat' dir='ltr'><strong>notus,</strong></span> <span class='ocrx_word' id='word_1_917' title='bbox 3324 5695 3407 5751; x_wconf 89' lang='lat' dir='ltr'><strong>his</strong></span> <span class='ocrx_word' id='word_1_918' title='bbox 3461 5697 3783 5765; x_wconf 81' lang='lat' dir='ltr'><strong>temporibus</strong></span> 
     </span>
    </p>
   </div>
   <div class='ocr_carea' id='block_1_127' title="bbox 2215 5768 2611 5825">
    <p class='ocr_par' dir='ltr' id='par_1_127' title="bbox 2215 5768 2611 5825">
     <span class='ocr_line' id='line_1_129' title="bbox 2215 5768 2611 5825; baseline -0.005 -2"><span class='ocrx_word' id='word_1_919' title='bbox 2215 5768 2344 5824; x_wconf 81' lang='lat' dir='ltr'><strong>satis</strong></span> <span class='ocrx_word' id='word_1_920' title='bbox 2366 5768 2611 5825; x_wconf 90' lang='lat' dir='ltr'><strong>celebris.</strong></span> 
     </span>
    </p>
   </div>
  </div>
