4020 6194
292 253 397 309 ΊΞί

1115 243 1611 300 MIRACULORUM
1653 244 1783 299 LIB.
1822 243 1862 297 I.
1910 241 1996 297 DE
2034 244 2289 302 GLORIA
2329 248 2741 307 MARTYBUM.

3454 258 3557 313 792

288 373 548 414 succensa
581 361 744 425 coepit
764 359 938 415 exuri.
964 360 1035 416 At
1065 359 1151 415 illa
1179 360 1475 417 vociferans
1497 377 1559 418 ac
1589 363 1864 431 plangens,
1898 362 1941 418 A
1974 360 2195 417 busdam
2226 363 2431 420 delatas
2461 365 2712 432 vidimus,
2743 374 2798 422 et
2822 366 3066 423 admirati
3098 383 3278 426 sumus
3308 370 3392 426 vel
3421 384 3553 429 can-

286 447 566 503 oasilicam
616 449 772 519 hujus
806 451 937 515 vici,
964 440 1022 504 in
1054 467 1154 521 qua
1198 452 1435 523 reliquiae
1464 453 1607 507 beati
1646 452 1869 507 Joannis

286 543 612 610 retinentur,
656 547 908 614 expetiit.
943 546 1008 601 Et
1054 548 1300 602 oratione
1348 550 1481 615 lusa,
1516 550 1662 602 vovit
1691 549 1745 602 in
1773 548 1872 603 bac

285 632 379 685 die
401 633 586 687 divino
640 636 843 691 nomini
889 648 1202 693 consecrata
1253 639 1449 693 nullam
1481 653 1697 706 operam
1724 652 1872 693 exer-

284 738 436 790 cere,
479 727 583 780 nisi
634 736 836 781 tantum
870 729 1101 783 orationi
1150 746 1362 785 vacare.
1410 728 1573 785 Nocte
1608 745 1738 784 vero
1787 744 1872 784 se-

285 817 499 884 quenti,
526 817 649 872 fecit
673 833 888 875 cereum
921 822 972 874 in
1003 820 1336 877 altitudinem
1366 831 1539 877 status
1586 821 1692 877 sui.
1720 820 1872 877 Tunc

287 905 347 960 in
401 907 642 964 oratione
703 920 1066 978 pernoctans,
1122 923 1265 969 tento
1326 922 1435 969 tota
1497 923 1655 968 nocte
1711 929 1870 969 manu

290 1001 507 1069 propria
552 1018 745 1065 ceree.
805 1008 1078 1063 restinctis
1123 1008 1407 1065 ardoribus
1460 1008 1743 1065 incolumis
1790 1019 1873 1063 est

285 1104 529 1158 egressa.

871 1188 1098 1245 CAPUT
1128 1190 1287 1245 XVII.

811 1298 881 1355 De
902 1303 1060 1369 ﬂuvio
1087 1304 1334 1359 Jordane.

362 1407 518 1479 741
567 1410 634 1464 Et
657 1411 777 1479 quia
829 1412 1052 1468 Joannis
1101 1416 1353 1483 Baptistae
1398 1418 1757 1485 meminimus,
1790 1420 1870 1473 di-

290 1516 454 1569 gnum
482 1511 567 1558 est
592 1514 649 1558 ut
676 1505 743 1559 de
771 1505 1007 1563 Jordane
1032 1510 1213 1578 aliqua
1236 1526 1615 1567 memoremus.
1654 1513 1813 1582 Igitur
1837 1529 1866 1568 a

288 1604 475 1649 monte
507 1596 711 1652 Phanio
740 1598 847 1654 duo
875 1613 1205 1673 consurgunt
1233 1602 1425 1668 fontes,
1457 1620 1682 1673 quorum
1733 1621 1868 1663 unus

1970 452 2185 518 dorem,
2224 455 2308 509 vel
2338 456 2683 513 subtilitatem
2712 473 2917 513 earum.

2557 572 2785 630 CAPUT
2808 575 2948 631 XIX.

1974 678 2049 731 De
2076 679 2277 736 levroso
2298 683 2616 764 mundata‘in
2640 685 2748 764 loco
2775 688 2860 764 tibi
2881 686 3129 764 _D_om_inus
3154 702 3226 749 est
3242 693 3546 764 baptizatus,

2454 767 2498 808 et
2524 756 2751 826 reliquiis
2778 757 2843 813 Β.
2878 760 3081 816 Μανία.

2045 866 2175 921 Nam
2202 868 2307 923 vidi
2336 879 2463 925 ante
2494 870 2596 926 hoc
2624 882 2833 944 tempus
2854 873 3147 941 hominem,
3171 877 3430 935 Joannem
3456 896 3549 933 no-

1974 960 2139 1029 mine,
2170 962 2258 1031 qui
2295 978 2324 1015 a
2355 962 2541 1018 Galliis
2569 965 2809 1034 leprosus
2851 968 3074 1037 abierat,
3099 980 3153 1025 et
3199 972 3251 1026 in
3283 972 3401 1041 ipso
3432 973 3549 1028 loco

1973 1066 2079 1118 quo
2110 1050 2390 1108 Dominum
2418 1053 2651 1110 diximus
2674 1057 2999 1127 baptizatum
3029 1061 3204 1116 aiebat
3231 1076 3291 1118 se
3323 1079 3416 1132 per
3455 1080 3550 1117 an-

1974 1160 2100 1198 num
2155 1147 2418 1216 integrum
2478 1160 2862 1205 commoratum
2928 1152 3115 1208 fuisse.
3177 1154 3279 1223 Qui
3338 1156 3551 1211 assidue

1972 1240 2285 1294 abluebatur
2306 1241 2359 1295 in
2384 1257 2542 1297 amne
2566 1261 2579 1296 :
2606 1245 2700 1298 sed
2730 1245 2980 1300 redditus
2996 1248 3234 1316 pristina;
3258 1249 3548 1303 incolumi-

1974 1333 2092 1399 tati,
2124 1333 2486 1388 reformata'in
2516 1336 2705 1407 melius
2732 1346 2876 1401 cute,
2906 1349 3123 1394 sanatus
3150 1350 3249 1394 est.
3285 1339 3381 1395 Hic
3418 1342 3548 1395 reli-

1972 1424 2126 1490 quias
2147 1424 2318 1479 beata:
2343 1425 2522 1480 Mariae
2548 1426 2616 1481 ab
2648 1428 3031 1499 Hierosolymis
3054 1431 3342 1501 accipiens,
3368 1449 3550 1489 rever-

1974 1515 2181 1570 tebatur
2202 1517 2252 1570 in
2275 1519 2497 1586 patriam
2524 1537 2537 1572 :
2562 1520 2656 1576 sed
2680 1523 2826 1590 prius
2850 1523 3075 1579 Romam
3095 1525 3243 1581 abire
3264 1526 3546 1595 diSposuit.

1975 1607 2170 1663 Verum
2218 1611 2313 1665 ubi
2352 1612 2491 1667 altas
2540 1613 2706 1668 Italiae
2754 1616 3077 1672 solitudines-
3114 1626 3195 1673 est
3242 1619 3545 1688 ingressus,

284 1685 406 1748 Jor,
430 1689 566 1744 alter
593 1690 703 1744 Dan
735 1691 995 1747 vocitatur
1025 1712 1042 1753 :
1087 1693 1176 1764 qui
1204 1696 1273 1750 ab
1302 1705 1524 1765 utraque
1554 1706 1700 1767 parte
1728 1698 1865 1753 Pba-
1897 1732 1945 1792 Β
1974 1700 2167 1755 incidit‘
2186 1701 2241 1755 iu
2267 1702 2521 1758 latrones.
2550 1704 2660 1759 Nec
2683 1720 2850 1769 mora,
2875 1708 3133 1775 SpOIia'llll'
3170 1708 3240 1763 ab
3268 1685 3550 1764 indumen-

287 1779 463 1834 niadaa
491 1789 514 1816 ³
541 1780 709 1847 urbis,
732 1797 850 1849 qua:
873 1785 1017 1851 prius
1044 1784 1283 1840 Caesarea
1309 1786 1537 1857 Philippi
1561 1789 1863 1855 vocabatur,

282 1870 700 1939 descendentes,
728 1874 828 1928 sub
856 1875 969 1944 ipsa
999 1876 1129 1931 urbe
1160 1886 1264 1931 tam
1297 1877 1511 1932 ﬂuentis
1541 1876 1673 1950 [.4l.,
1700 1879 1867 1933 liuen-

284 1960 391 2033 tes]
418 1963 707 2029 conjuncti,
732 1980 888 2034 quam
912 1970 1127 2022 nomine
1150 1985 1276 2033 uno,
1293 1970 1579 2026 Jordanem
1606 1972 1864 2036 efficiunt,

283 2054 377 2121 qui
412 2069 579 2122 usque
608 2054 859 2111 Hiericho
895 2059 1163 2114 civitatem
1194 2071 1247 2114 et
1298 2062 1432 2115 ultra
1461 2062 1665 2117 defluit.
1700 2063 1754 2117 lu
1800 2078 1865 2118 eo

286 2142 519 2199 habetur
553 2146 700 2200 locus
728 2148 778 2201 in
807 2165 913 2218 quo
943 2150 1198 2206 Dominus
1228 2152 1519 2219 baptizatus
1546 2163 1646 2210 est.
1679 2156 1733 2210 In
1762 2171 1866 2210 uno

281 2238 484 2291 etenim
516 2238 714 2294 reﬂexu
746 2240 771 2280 δ
815 2258 951 2310 aqua
984 2244 1098 2313 ipsa
1128 2247 1435 2314 revolvitur,
1471 2249 1522 2302 in
1571 2266 1673 2320 qua
1724 2266 1864 2308 nunc

282 2327 479 2393 leprosi
511 2332 856 2388 mundantur.
890 2335 1023 2389 Cum
1068 2348 1245 2391 autem
1287 2339 1618 2409 advenerint,
1666 2344 1863 2412 sepius

282 2416 531 2473 lavantur
556 2422 611 2474 in
642 2422 877 2491 ﬂumine,
907 2426 1077 2481 donec
1104 2428 1170 2481 ab
1197 2428 1507 2486 inﬁrmitate
1547 2443 1858 2504 purgentur.

282 2510 361 2564 De
385 2511 599 2579 publico
624 2524 823 2583 tamen,
847 2518 971 2573 dum
995 2520 1066 2575 ibi
1089 2526 1400 2579 commorati
1426 2526 1639 2596 luet-int,
1666 2532 1862 2586 victum

278 2606 583 2673 accipiunt;
617 2611 789 2664 sanati
816 2621 1024 2679 autem,
1053 2615 1118 2668 ad
1153 2619 1362 2686 propria
1388 2618 1692 2676 discedunt.
1741 2624 1860 2694 Ipse

278 2712 495 2767 quoque
519 2700 766 2756 Jordanis
790 2705 856 2757 ab
881 2720 947 2759 eo
974 2706 1094 2762 loco
1123 2710 1174 2762 in
1209 2711 1394 2779 quinto
1424 2713 1689 2782 milliaria,
1725 2718 1859 2772 mari

275 2791 605 2847 commixtus
636 2793 864 2858 Mortuo,
890 2812 1084 2852 nomen
1124 2802 1338 2856 amittit.
1369 2803 1511 2859 Mare
1551 2807 1694 2861 enim
1724 2808 1862 2863 Mor-

282 2890 432 2933 tuum
461 2882 531 2936 ob
562 2882 664 2937 hoc
689 2883 909 2950 dicitur,
938 2902 1004 2942 eo
1044 2890 1186 2957 quod
1210 2893 1277 2946 ab
1325 2894 1570 2950 incendio
1613 2897 1861 2956 Sodomae

275 2971 365 3037 vel
396 2971 717 3041 reliquarum
758 2976 966 3031 urbium
1004 2987 1089 3033 est
1137 2992 1437 3049 versatum,
1469 2994 1523 3039 et
1562 3002 1697 3057 aqua
1746 2989 1859 3058 ipsa

276 3063 528 3130 asplialto
557 3066 813 3134 permixta
839 3079 920 3123 est
953 3086 967 3123 :
1000 3071 1143 3127 unde
1183 3087 1214 3127 a
1267 3077 1532 3131 nonnullis
1563 3093 1711 3136 mare
1759 3085 1859 3135 As-

278 3153 450 3222 pbalti
484 3166 509 3196 ο
536 3158 861 3227 appellatur;
892 3161 944 3214 in
990 3179 1096 3231 quo
1124 3166 1213 3233 qui
1243 3172 1429 3224 natare
1470 3172 1662 3236 nescit,
1693 3188 1860 3246 super

272 3263 472 3317 aquam
498 3248 687 3315 fertur,
718 3260 772 3305 et
797 3252 936 3306 circa
969 3270 1090 3308 eum
1114 3256 1339 3325 sulphur
1366 3260 1624 3318 adiuuaret.

843 3365 1069 3422 CAPUT
1105 3367 1290 3424 XVIII.

734 3468 817 3531 'De
841 3481 985 3547 aquis
1012 3479 1214 3537 Levida:
1237 3486 1393 3540 urbis.

350 3587 487 3643 Sunt
507 3601 681 3644 autem
705 3593 837 3646 etad
870 3592 1119 3649 Levidam
1144 3595 1169 3634 ἀ
1193 3599 1461 3655 civitatem
1483 3618 1634 3672 aquze
1649 3606 1853 3675 calidae,

273 3683 333 3736 in
362 3682 552 3751 quibus
580 3684 738 3740 Jesus
766 3684 910 3743 Nave
939 3689 1115 3743 lavare
1130 3691 1320 3747 solitus
1345 3704 1477 3760 erat,
1502 3696 1587 3751 ubi
1610 3696 1858 3754 similiter

273 3774 476 3842 leprosi
500 3777 825 3832 mundantur
849 3797 860 3831 :
891 3791 974 3835 est
1004 3792 1179 3837 autem
1202 3785 1270 3837 ab
1298 3784 1548 3840 Hiericho
1576 3788 1853 3846 duodecim

274 3867 463 3921 millia.
496 3867 668 3935 Prope
698 3880 874 3924 autem
906 3872 1154 3929 Hiericho
1186 3876 1451 3946 habentur
1489 3879 1709 3935 arbores
1738 3899 1855 3952 qua:

275 3958 429 4010 lanas
456 3959 699 4028 gignunt.
735 3962 998 4017 Exhibent
1019 3967 1161 4020 enim
1191 3983 1343 4036 poma
1368 3969 1525 4043 742
1558 3973 1608 4026 in
1638 3975 1855 4030 modum

274 4049 700 4115 cucurbitarum,
732 4059 899 4107 testas
928 4055 978 4107 in
1010 4055 1235 4111 circuitu
1266 4058 1522 4115 habentes
1562 4062 1744 4129 duras,
1777 4066 1857 4119 in-

276 4141 543 4195 trinsecus
574 4152 752 4197 autem
801 4146 951 4212 plena
995 4157 1118 4201 sunt
1166 4149 1308 4203 lana.
1358 4152 1421 4205 Et
1454 4152 1520 4206 de
1568 4153 1653 4209 his
1693 4157 1853 4211 etiam

276 4231 456 4285 ferunt
484 4234 580 4302 ipsi
611 4235 733 4289 Jesu
760 4236 904 4291 Nave
932 4241 1109 4294 solere
1141 4241 1254 4297 ﬁeri
1284 4242 1615 4301 indumenta.
1665 4248 1769 4305 Sed
1802 4261 1856 4306 et

275 4324 543 4393 hodieque
575 4327 706 4382 tales
736 4330 991 4384 exhibent
1020 4330 1190 4401 lanas,
1223 4349 1290 4387 ex
1320 4336 1514 4406 quibus
1544 4352 1642 4393 nos
1668 4353 1695 4391 a
1729 4342 1851 4409 qui-

351 4468 380 4539 ᾖ
410 4460 634 4539 Pansa},
665 4477 758 4539 seu
788 4461 1029 4539 Caesarea
1057 4464 1304 4535 Philippi,
1339 4469 1464 4523 urbs
1490 4470 1615 4525 olim
1647 4474 1853 4539 epis-co-

277 4532 413 4600 palis
441 4531 729 4612 sub_Tyri1i
755 4531 1607 4612 metropolitano,'in’CtelesYrice
1638 4531 1850 4612 ﬁnibus,

278 4619 419 4683 nutu-
451 4604 1178 4683 excisa.Peﬂqua.Eusebt_us
1215 4609 1432 4683 _lib._vtt
1480 4604 1682 4668 Ilistor.
1732 4604 1848 4683 cap:

277 4674 366 4747 l7,
393 4683 452 4747 et
481 4689 543 4726 ex
573 4688 637 4727 eo
655 4672 888 4747 ‘Ruliutts
913 4692 1031 4741 cap.
1068 4677 1153 4731 15.
1197 4680 1353 4747 Ανυά
1380 4682 1677 4738 Caesaream
1736 4672 1855 4738 l’lii-

276 4744 434 4823 lippi,
463 4759 619 4823 quam
655 4743 933 4823 Phoenices
981 4748 1222 4803 Paneada
1251 4743 1564 4823 nominant.
1596 4755 1663 4805 ad
1702 4758 1853 4823 pedes

282 4814 434 4866 Panii
458 4816 644 4893 montis
670 4815 835 4893 fontes
855 4818 1107 4893 uisuntur,
1138 4836 1201 4893 ea:
1223 4821 1401 4888 quibus
1433 4826 1638 4893 proﬂuit
1659 4814 1853 4879 Jorda-

275 4887 376 4949 nia,
410 4895 512 4938 etc.
545 4884 719 4954 Ipsum
758 4888 906 4940 urbis
932 4903 1121 4945 nomen
1157 4884 1271 4944 Dan
1302 4884 1461 4948 fuisse
1505 4884 1695 4949 scribit
1722 4896 1849 4951 Ilie-

277 4969 535 5030 ronymtis
574 4958 625 5009 iu
666 4957 1057 5030 Qumstiouibus
1088 4966 1138 5013 iu
1171 4964 1413 5017 Genesim
1435 5005 1451 5030 ,
1483 4966 1568 5020 ubi
1600 4978 1669 5025 .et
1712 4968 1844 5021 duo;

275 5027 453 5081 futiles
478 5025 575 5106 «ζον
600 5036 657 5106 et
690 5026 805 5106 Doti
829 5030 1103 5106 appellari
1133 5033 1407 5106 olisPrvat,
1438 5025 1504 5088 ex
1549 5037 1739 5106 quibus
1787 5055 1846 5093 re

274 5108 329 5149 et
362 5095 792 5166 uoininejunctis
817 5097 1063 5153 Jordanis
1092 5111 1151 5153 et
1174 5104 1285 5157 Iluit
1312 5114 1367 5158 et
1395 5095 1604 5160 dicitur.

349 5167 375 5203 δ
407 5170 618 5236 Aliquot
661 5168 813 5234 Mss»,
863 5173 1084 5239 reﬂuxu.
1116 5174 1413 5229 ObserVant
1459 5186 1631 5231 tamen
1684 5182 1843 5234 etiam

277 5238 435 5293 hodie
482 5240 774 5305 peregrini,
812 5238 1283 5307 qui'Palaestiuam
1333 5248 1599 5308 invisum.
1631 5265 1697 5302 eo
1728 5251 1844 5304 loc-o

273 5310 563 5362 Jurdanem
605 5323 723 5362 esse
770 5325 1085 5378 recurvum,
1113 5330 1219 5380 quo
1266 5317 1517 5371 Dominus
1568 5331 1747 5374 noster
1776 5338 1840 5375 ex

277 5395 448 5448 prisca
482 5380 760 5433 traditione
788 5381 1079 5449 baptizatus
1109 5384 1270 5439 fuisse
1291 5396 1631 5441 memoratur.

352 5450 608 5523 cDicitur
663 5452 817 5519 vulgo
868 5450 1031 5505 Lacus
1078 5456 1417 5523 Asphaltites.
1469 5474 1532 5512 ex
1588 5458 1845 5517 bitumine

272 5519 414 5586 quod
439 5520 507 5573 ibi
536 5524 814 5575 excrescit.
843 5524 1125 5587 Craterum,
1150 5519 1215 5579 "ut
1256 5543 1319 5582 ex
1353 5529 1701 5583 relationibus
1730 5534 1843 5585 dis-

272 5606 613 5661 egruus,7qua:
643 5592 676 5644 lt
700 5608 729 5645 c
756 5591 1045 5661 Gregorius
1072 5595 1140 5649 de
1182 5600 1314 5651 mari
1346 5604 1551 5653 Mortuo
1596 5603 1845 5657 observat

273 5675 433 5733 etiam
471 5660 629 5715 modis
659 5664 1002 5729 experiuntur
1029 5668 1116 5733 qui
1162 5668 1369 5724 lavandi
1413 5686 1572 5726 causa
1618 5687 1737 5729 sese
1786 5691 1840 5729 tu

271 5732 444 5802 ipsum
477 5732 781 5788 immittunt.

1973 1792 2061 1855 tis,
2092 1800 2147 1846 et
2175 1793 2286 1861 ipsa
2315 1809 2533 1865 quoque
2552 1809 2711 1863 capsa
2745 1797 2799 1850 in
2829 1812 2930 1866 qua
2972 1800 3125 1853 beata
3171 1802 3413 1870 gestabat
3466 1803 3546 1872 pi—

1970 1897 2137 1953 gnora
2183 1886 2409 1954 capitur.
2454 1888 2832 1944 Existimautes
2880 1892 3021 1945 enim
3069 1892 3269 1946 inimici
3310 1894 3385 1948 illi
3431 1893 3550 1950 auri

1970 1976 2165 2030 ibidem
2218 1980 2495 2035 seStertias
2540 1989 2870 2050 aggregntas,
2899 1982 3114 2038 eﬂ‘racta
3167 1986 3335 2047 clave,
3368 1986 3545 2039 omnia

1970 2068 2229 2130 rimantur
2274 2071 2497 2127 intente.
2526 2072 2633 2129 Sed
2663 2088 2781 2127 cum
2822 2075 2953 2129 nihil
2983 2077 3035 2129 in
3066 2092 3127 2130 ea
3174 2078 3415 2146 pecuniae
3462 2093 3548 2133 re-

1968 2162 2257 2229 perissent,
2288 2172 2528 2218 extracta
2562 2165 2781 2235 pignora
2814 2167 2865 2219 in
2894 2167 3067 2236 ignem
3098 2168 3398 2237 projiciunt,
3443 2182 3547 2223 ca:-

1952 2250 2132 2322 ‘soque
2160 2252 2376 2308 homine
2401 2254 2787 2310 discesserunt.
2820 2261 2886 2311 At
2918 2259 3006 2312 ille
3051 2262 3333 2315 semivivus
3360 2270 3548 2317 exsur-

1964 2358 2116 2414 gens,
2147 2353 2204 2398 ut
2229 2344 2313 2399 vel
2342 2345 2551 2407 cineres
2580 2358 2889 2403 exustorum
2920 2350 3194 2422 colligeret
3239 2356 3543 2422 pignorum,

1966 2437 2166 2492 invenit
2193 2452 2354 2506 super
2392 2439 2655 2495 carbones
2686 2454 2939 2497 accensos
2982 2442 3176 2499 illzesas
3200 2446 3381 2515 jacere
3412 2446 3546 2501 reli-

1964 2528 2119 2596 quius
2149 2546 2161 2580 :
2190 2529 2471 2599 ipsumque
2501 2532 2722 2587 linteum
2752 2548 2859 2602 quo
2888 2535 3134 2590 involutae
3160 2546 3312 2591 erant
3345 2539 3415 2593 ita
3444 2540 3544 2593 ad-

1966 2620 2495 2693 miratur‘integrum,
2526 2636 2582 2679 ut
2605 2641 2710 2681 non
2742 2637 3019 2695 putaretur
3048 2632 3235 2698 prunis
3263 2630 3539 2705 injectum,

1963 2712 2056 2767 sed
2086 2727 2207 2767 eum
2255 2728 2321 2768 ex
2352 2716 2503 2784 aquis
2549 2716 2938 2772 absconditum.
2979 2719 3306 2790 Collegitque
3355 2732 3546 2776 cuncta

1963 2820 2081 2860 eum
2105 2806 2319 2877 gaudio,
2344 2818 2398 2863 et
2424 2809 2561 2862 viam
2591 2824 2748 2878 quam
2773 2812 3020 2881 pergebat
3046 2814 3316 2881 ingressus
3338 2856 3351 2879 ,
3375 2831 3546 2885 usque

1962 2899 2026 2951 ad
2057 2899 2254 2954 Gallias
2281 2902 2522 2970 pervenit
2550 2902 2856 2959 incolumis.
2887 2906 3077 2959 Multos
3123 2908 3281 2961 etiam
3310 2908 3543 2962 vidimus

1963 2988 2053 3057 qui
2088 2989 2173 3043 vel
2202 2990 2255 3044 in
2295 2990 2562 3058 Jordane,
2593 2994 2674 3048 vel
2698 2995 2752 3047 in
2783 2997 2934 3064 aquis
2958 2996 3117 3068 743
3158 2998 3368 3054 Levidm
3398 3002 3545 3057 urbis

1887 3112 1932 3173 ρ
1963 3083 2135 3150 tincti,
2167 3085 2237 3141 ab
2267 3086 2369 3142 hoc
2398 3086 2614 3142 fuerant
2633 3091 2823 3143 morbo
2848 3091 3110 3148 mundati.

2562 3202 2790 3262 CAPUT
2823 3207 2937 3264 XX.

1968 3312 2043 3368 De
2071 3315 2285 3370 ecclesia
2331 3314 2394 3369 Β.
2445 3316 2673 3443 Mariazj‘
2692 3330 2737 3372 et
2777 3321 2971 3375 ultione
3007 3327 3363 3395 pejerant-ium,
3406 3330 3544 3399 apud

2680 3407 2880 3443 tirones.

2680 3407 2880 3446 υνοηεδ.

2033 3498 2088 3552 In
2123 3509 2145 3536 ο
2178 3500 2306 3554 urbe
2353 3510 2531 3558 autem
2577 3503 2839 3560 Turonica
2868 3544 2884 3570 ,
2930 3515 3014 3562 est
3059 3510 3285 3565 ecclesia
3337 3524 3541 3569 sanctae

1961 3590 2144 3643 Mariae
2176 3591 2395 3660 virginis
2420 3636 2433 3659 ,
2463 3608 2525 3647 ac
2552 3597 2722 3649 sancti
2771 3596 2988 3652 Joannis
3036 3599 3283 3668 Baptistae
3325 3605 3543 3660 nomine

1960 3692 2289 3749 consecrata,
2324 3685 2374 3738 in
2424 3700 2527 3754 qua
2560 3685 2609 3738 iti
2644 3688 2870 3756 perjuris
2912 3690 3039 3743 ultio
3069 3690 3247 3745 divina
3274 3695 3536 3762 apparuit.

1960 3773 2186 3838 Quidam
2219 3785 2395 3829 autem
2429 3792 2550 3830 cum
2598 3779 2665 3831 ad
2699 3779 3077 3847 perjurandum
3105 3783 3159 3837 in
3205 3782 3343 3837 hanc
3372 3786 3542 3842 eccle-

1963 3866 2096 3919 siam
2127 3866 2313 3921 luisset
2343 3869 2646 3938 ingressus,
2679 3871 2769 3924 ubi
2809 3887 2998 3927 manus
3028 3885 3152 3929 ante
3179 3876 3348 3932 altare
3393 3885 3541 3934 stans

1957 3973 2171 4012 sursum
2199 3960 2409 4025 extulit,
2442 3971 2497 4014 ut
2533 3975 2925 4020 sacramentum
2972 3968 3202 4022 mendax
3250 3972 3537 4040 proferret,

1957 4052 2134 4106 statim
2188 4055 2469 4123 resupinus
2522 4073 2715 4123 ruens,
2751 4059 2824 4112 ita
2875 4070 3033 4130 caput
3080 4063 3132 4116 in
3184 4067 3540 4131 pavimentum

1957 4144 2171 4209 collisit,
2214 4155 2271 4198 ut
2304 4146 2391 4199 vix
2423 4145 2507 4200 vel
2539 4147 2723 4203 vivens
2754 4148 2885 4220 erigi
2932 4152 3206 4219 potuisset.
3234 4155 3316 4210 Ad
3354 4171 3414 4211 se
3442 4172 3539 4209 ao-

1959 4247 2064 4291 tem
2093 4252 2339 4292 reversus
2358 4238 2537 4292 dolum
2564 4240 2803 4308 perjurii,
2819 4243 2957 4311 quod
2981 4245 3302 4313 occultabat,
3326 4248 3540 4316 publice

1959 4329 2231 4399 patefecit.
2272 4330 2513 4386 Vidimus
2542 4333 2684 4387 enim
2713 4343 2767 4389 et
2798 4351 2895 4390 nos
2924 4339 3181 4405 quosdam
3211 4340 3279 4395 de
3308 4340 3535 4397 Τυι-οηὶο

2028 4464 2216 4545 d_(;nd.
2247 4468 2397 4545 polii.
2449 4478 2570 4533 tut.,
2606 4469 2907 4545 beaiadem;
2952 4482 3005 4545 at
3044 4486 3161 4540 cap.
3211 4490 3322 4545 seq.
3378 4476 3535 4532 habet

1958 4536 2190 4600 Levia‘rr,
2222 4540 2359 4593 sicut
2387 4549 2439 4592 et.
2466 4542 2641 4594 creteri
2674 4543 2855 4609 scripti
2888 4544 2939 4595 in
2973 4536 3164 4599 indice.
3196 4536 3346 4601 Cliét.
3384 4546 3539 4601 Leni-

1959 4612 2097 4663 dam.
2133 4609 2340 4685 Dicitur
2362 4612 2499 4685 apud
2533 4625 2854 4685 anonymum
2890 4614 3291 4670 Ravenneusem
3315 4659 3329 4680 ,
3375 4636 3531 4685 quem

1958 4688 2139 4750 noster
2167 4680 2409 4734 Placidus
2438 4680 2740 4737 Poreberon
2784 4685 2968 4749 edidit,
3013 4686 3254 4750 Leviada,
3302 4705 3330 4741 a
3366 4680 3534 4743 Plinio

1956 4748 2407 4825 Livias._Ce‘._ebris
2426 4754 2711 4825 esti/iraa;
2726 4755 2864 4821 apud
2888 4748 3196 4825 JoSephum.
3221 4748 3530 4825 Eusebium,

1957 4830 2086 4884 etc.,
2117 4823 2194 4874 sic
2223 4821 2361 4897 dicta
2388 4823 2455 4897 ab
2485 4824 2764 4897 Ilerodein
2790 4821 3045 4882 honorem
3078 4830 3233 4882 Livia:
3256 4821 3528 4897 Augustm,

1957 4907 2074 4970 qua:
2102 4902 2254 4970 antea
2285 4890 2564 4970 dicebatur
2598 4895 2822 4950 Iiethara
2853 4913 2918 4970 ex
2948 4913 3134 4970 sancto
3179 4890 3526 4970 Hieronymo.

1956 4962 2120 5039 Suum
2143 4964 2265 5039 olim
2290 4962 2476 5039 habuit
2496 4980 2561 5039 ep
2583 4980 2801 5035 seopuin
2830 4969 2929 5021 sub
2948 4969 3189 5023 C:e.~area
3221 4962 3525 5039 metropoli,

1952 5035 2090 5085 sit-ut
2115 5044 2166 5087 et
2193 5032 2429 5096 Jericho,
2457 5038 2582 5090 urbs
2608 5032 2869 5091 ex'sacris
2891 5039 3103 5093 Litteris
3123 5043 3251 5092 satis
3270 5032 3411 5093 nota:

2027 5112 2050 5139 ε
2084 5103 2224 5156 Istud
2242 5115 2395 5177 caput
2422 5120 2540 5177 eum
2566 5108 2772 5161 duobus
2793 5111 3136 5177 sequentibus
3152 5110 3296 5163 deest
3324 5112 3374 5162 in
3398 5112 3523 5165 cod.

1950 5173 2183 5227 Clarom.
2215 5188 2265 5225 a.
2301 5173 2537 5245 Ecclesia
2583 5193 2701 5245 qua:
2734 5179 2816 5230 hic
2847 5173 3172 5233 memoratur
3217 5194 3276 5233 ea
3311 5182 3525 5237 videtur

1951 5258 2070 5314 esse
2096 5256 2254 5311 quam
2287 5244 2583 5299 Ommatius
2612 5247 2894 5314 episc0pus
2917 5251 3233 5314 construxit,
3258 5253 3525 5306 ut‘dicitm-

1952 5313 2105 5388 libr»:
2140 5314 2274 5388 Hist.
2304 5317 2541 5388 cap._5l.
2577 5313 2828 5369 Ex’stabat
2870 5318 3009 5373 haud
3063 5321 3242 5388 procul
3284 5337 3314 5375 a
3344 5325 3529 5377 cathe-

1950 5385 2083 5437 drali
2110 5386 2277 5438 sancti
2318 5385 2528 5440 Gatiani
2558 5388 2781 5441 ecclesia
2828 5385 3115 5443 oratorium
3146 5392 3207 5444 Β.
3240 5392 3417 5447 Μεηὶω
3444 5396 3526 5448 di-

1948 5464 2141 5519 catum,
2174 5456 2314 5524 quod
2358 5456 2515 5509 modo
2558 5458 2884 5513 destructum
2913 5470 3021 5526 est;
3073 5462 3315 5517 subsistit
3360 5468 3520 5519 etiam

1948 5540 2089 5580 nunc
2108 5527 2249 5579 aliud
2283 5527 2335 5581 in
2363 5526 2548 5580 eadem
2583 5529 2727 5583 urbis
2759 5538 2907 5595 parte
2935 5534 3034 5584 sub
3074 5535 3242 5588 sancti
3301 5534 3518 5589 Joannis

1946 5598 2120 5675 titulo.
2155 5600 2233 5651 Au
2264 5611 2392 5675 vero
2423 5614 2583 5651 unum
2615 5615 2679 5652 ex
2728 5601 2862 5675 istis,
2889 5615 2955 5654 an
2985 5605 3199 5671 aliquod
3227 5604 3366 5660 aliud
3404 5605 3517 5675 jam

1944 5667 2288 5733 destructum,
2316 5670 2399 5723 hic
2429 5680 2772 5738 metueretur,
2807 5667 3201 5733 incertum-est.
