4020 6194
477 272 576 326 7:23

475 393 554 447 eis
581 392 633 443 in
661 391 779 443 loco
807 389 995 443 eodem
1024 386 1349 456 perjurasse,
1382 383 1473 453 qui
1505 381 1577 434 ita
1635 376 1818 432 divino
1843 371 2044 441 judicio
2073 374 2122 430 Α

477 482 812 539 condemnati
845 489 989 543 sunt,
1023 490 1078 532 ut
1099 480 1152 532 in
1181 479 1346 544 ipsius
1387 475 1511 529 anui
1538 470 1804 528 curriculo
1831 467 2046 521 ﬁniren-

481 590 566 633 tur
593 593 620 630 a
649 577 868 632 smculo.

1061 664 1285 721 CAPUT
1334 660 1477 716 XXI.

747 783 822 837 De
844 783 1008 851 forma
1035 779 1240 833 Domini
1265 778 1405 844 apud
1443 773 1781 829 Phaniadam.

551 895 734 965 Igitur,
761 903 820 948 ut
847 893 1102 956 diximus,
1125 891 1179 945 in
1208 891 1324 959 ipso
1349 890 1520 957 primo
1541 885 1788 943 Jordanis
1808 895 2048 952 egressu,

483 985 751 1041 Phaniada
779 986 968 1041 civitas
998 993 1026 1022 ἰ
1053 984 1152 1037 sita
1181 991 1281 1046 est,
1311 981 1366 1036 in
1397 996 1500 1050 qua
1527 979 1752 1034 habetur
1778 986 1950 1031 statua
1984 991 2049 1034 ex

482 1081 680 1136 electro
711 1079 994 1149 purissimo
1016 1076 1294 1139 fabricata,
1326 1075 1378 1128 in
1408 1088 1511 1144 qua
1548 1071 1924 1140 Redemptoris
1953 1085 2044 1125 no~

482 1171 578 1227 stri
610 1169 777 1224 forma
809 1169 1002 1224 dicitur
1025 1181 1147 1222 esse
1174 1179 1448 1234 expressa.
1479 1163 1631 1229 Nam,
1655 1171 1713 1217 ut
1737 1177 1766 1216 a
1793 1159 2054 1229 plerisque

484 1261 680 1320 audivi.
712 1259 803 1329 qui
842 1274 959 1315 eam
1007 1257 1350 1324 contemplati
1399 1255 1629 1319 fuerant,
1663 1254 1798 1308 mira
1840 1252 2055 1308 claritas

484 1353 538 1406 in
567 1352 684 1422 ejus
714 1350 851 1406 facie
878 1350 1200 1406 continetur.
1229 1348 1334 1404 Sed
1363 1362 1430 1402 ne
1470 1346 1557 1402 cui
1599 1345 1842 1400 videatur
1869 1344 2057 1397 absur-

486 1444 634 1508 dum,
669 1459 884 1499 narrare
908 1459 1024 1512 quae
1045 1443 1114 1498 de
1137 1457 1198 1498 ea
1229 1439 1571 1498 Cresariensis
1601 1441 1764 1494 refert
1798 1440 2056 1494 Eusebius

489 1551 597 1593 non
628 1537 842 1607 pigebit.
877 1537 967 1591 Ait
996 1537 1144 1592 enim
1173 1552 1185 1588 :
1223 1553 1242 1585 ‹
1279 1534 1552 1589 Mulierem
1595 1547 1752 1602 quam
1783 1532 2057 1601 sanguinis

495 1629 754 1698 proﬂuvio
781 1628 1108 1684 laborantem
1138 1641 1169 1682 a
1197 1626 1474 1681 Salvatore
1501 1634 1738 1680 curatam
1770 1623 2056 1692 Evangelia

491 1719 843 1788 tradiderunt,
868 1719 1025 1789 hujus
1047 1718 1193 1774 urbis
1214 1719 1384 1773 civem
1403 1726 1609 1772 constat
1635 1716 1816 1779 fuisse,
1837 1715 2057 1769 domus-

489 1825 593 1879 que
622 1810 738 1879 ejus
773 1811 824 1864 in
854 1824 919 1863 ea
965 1808 1123 1864 etiam
1171 1821 1310 1863 nunc
1354 1807 1671 1863 ostenditur.
1710 1804 1815 1861 Pro
1858 1805 2058 1860 foribus

491 1917 620 1956 vero
645 1901 836 1956 domus
875 1901 1060 1970 ipsius,
1094 1901 1236 1955 basis
1281 1900 1521 1969 quaedam
1565 1899 1618 1954 in
1675 1900 1794 1954 loco
1834 1899 2058 1954 editiore

491 1993 750 2048 collocata
791 2001 1140 2054 monstratur,
1189 1992 1240 2045 in
1290 2006 1392 2062 qua
1435 1991 1673 2046 mulieris
1702 1989 1863 2062 7M
1892 1989 2060 2058 ipsius

492 2085 634 2140 velut
661 2085 883 2155 genibus
913 2083 1236 2154 provolutae,
1270 2083 1580 2153 palmasque
1606 2081 1920 2151 suppliciter
1947 2091 2063 2134 ten-

493 2175 688 2242 dentis,
721 2176 896 2245 imago
921 2189 1060 2230 terea
1087 2173 1300 2228 videtur
1325 2187 1596 2244 expressa.
1627 2175 1778 2229 Astat
1806 2188 1932 2228 vero
1958 2173 2061 2227 alia

494 2282 634 2321 aerea
659 2267 999 2321 nihilominus
1021 2266 1133 2320 fusa
1157 2275 1352 2328 statua,
1371 2266 1551 2321 habitu
1575 2266 1672 2320 viri
1695 2266 1829 2321 stola
1851 2277 2064 2336 compte

493 2356 829 2421 circumdati,
854 2366 908 2410 et
934 2356 1178 2410 dextram
1208 2356 1412 2409 mulieri
1446 2357 1784 2425 porrigentis.
1813 2357 1948 2427 Huju
1967 2379 1976 2403 ι
1997 2359 2062 2412 ad

496 2449 686 2517 pedem
728 2458 917 2502 statuta
947 2450 998 2503 in
1047 2449 1158 2503 basi
1207 2448 1370 2502 herba
1419 2448 1659 2517 quaedam
1709 2465 1844 2505 nova
1886 2452 2066 2519 specie

499 2541 750 2596 nascitur.
793 2540 922 2606 Qute
953 2555 1071 2594 cum
1102 2548 1285 2595 exorta
1313 2539 1495 2604 fuerit,
1539 2554 1853 2597 excrescere
1899 2557 2066 2611 usque

504 2632 569 2684 ad
601 2631 750 2686 stolae
778 2632 916 2685 illius
934 2646 1086 2685 aereae
1109 2630 1400 2684 indumenti
1425 2629 1683 2684 ﬁmbriam
1714 2630 1870 2687 solet.
1898 2631 2065 2698 Quam

500 2739 620 2776 cum
651 2738 861 2778 summo
889 2724 1086 2779 vertice
1130 2737 1379 2780 crescens
1407 2722 1570 2778 herba
1598 2722 1899 2793 contigerit,
1931 2724 2068 2778 vires

499 2816 622 2870 inde
670 2816 734 2869 ad
783 2815 1130 2885 depellendos
1179 2832 1368 2871 omnes
1418 2815 1634 2871 morbos
1684 2816 2070 2886 languoresqne

500 2907 782 2977 conquirit,
814 2908 882 2960 ita
911 2917 968 2960 ut
995 2923 1324 2977 quaecunque
1356 2907 1516 2962 fuerit
1535 2908 1621 2962 illa
1646 2908 1928 2962 inlirmitas
1951 2925 2068 2963 cor-

503 2999 677 3067 poris,
709 2998 901 3052 haustu
957 3000 1148 3069 exiguo
1193 2999 1473 3054 madefacti
1521 3000 1769 3055 salutaris
1817 3002 2070 3071 graminis

502 3088 818 3156 depellatur,
852 3087 983 3141 nihil
1005 3090 1223 3145 omnino
1249 3089 1438 3144 virium
1467 3105 1679 3161 gerens,
1711 3092 1756 3146 si
1788 3101 2068 3162 antequam

503 3193 658 3232 aerea;
687 3177 910 3233 fimbriae
949 3183 1305 3236 summitatem
1348 3182 1640 3239 crescendo
1667 3185 1946 3256 contigerit
1979 3186 2069 3241 de-

503 3278 772 3339 cerpatur.
805 3270 952 3326 Ilanc
972 3282 1200 3326 statuam
1229 3273 1294 3328 ad
1316 3273 1717 3330 similitudinem
1743 3277 1920 3331 vultus
1944 3276 2069 3331 Iesu

503 3361 779 3416 formatam
804 3361 1085 3418 tradebant
1112 3380 1126 3418 :
1156 3381 1273 3435 quae
1304 3369 1592 3435 permansit
1619 3370 1778 3423 etiam
1801 3370 1866 3422 ad
1890 3378 2071 3424 nostra

505 3473 674 3528 usque
720 3467 979 3528 tempora,
1006 3460 1142 3512 sicut
1169 3458 1269 3525 ipsi
1294 3458 1465 3513 oculis
1494 3459 1692 3513 nostris
1719 3458 2068 3527 inspeximus.

507 3550 572 3603 Et
600 3547 731 3602 nihil
775 3550 988 3613 mirum,
1019 3548 1063 3603 si
1093 3549 1127 3602 ii
1159 3549 1248 3618 qui
1297 3563 1365 3604 ex
1413 3549 1658 3618 gentibus
1711 3550 2066 3618 crediderunt,

506 3654 604 3707 pro
633 3639 904 3694 beneflciis
933 3654 1050 3709 quae
1077 3655 1105 3692 a
1127 3639 1399 3694 Salvatore
1423 3641 1627 3694 fuerant
1657 3642 1954 3705 consecuti,
1978 3642 2075 3695 IIII-

505 3731 733 3798 jusmodi
762 3732 907 3786 velut
935 3745 1126 3785 munus
1155 3729 1468 3784 videbantur
1497 3731 1708 3796 offerre,
1741 3747 1861 3785 cum
1901 3733 2076 3786 videa-

509 3837 630 3875 mus
659 3823 818 3876 etiam
847 3836 991 3876 nunc
1020 3832 1073 3876 et
1117 3821 1476 3890 apostolorum
1527 3821 1666 3876 Petri
1699 3822 1779 3876 vel
1825 3822 1993 3886 Pauli,
2023 3830 2077 3877 et

507 3913 673 3982 ipsius
715 3915 1007 3971 Salvatoris
1040 3915 1295 3986 imagines
1324 3915 1616 3985 designari,
1653 3915 1950 3986 tabulisque
1980 3917 2076 3971 de-

508 4007 670 4078 pingi.
703 4025 721 4057 ι
759 4007 881 4062 Ilaec
909 4007 1164 4062 Eusebius
1187 4005 1214 4044 δ
1242 4005 1442 4062 retulit.

641 4195 861 4257 Paneas,
895 4193 962 4247 de
987 4208 1086 4260 qua
1118 4206 1300 4258 supra,
1328 4206 1444 4259 cap.
1481 4192 1566 4246 I7.

585 4262 613 4304 δ
644 4265 721 4318 [Sx
754 4268 1004 4319 versione
1025 4262 1230 4316 scilicet
1250 4262 1444 4325 Ruﬁni,
1475 4263 1562 4329 qui
1592 4262 1642 4315 id
1672 4261 1828 4316 habet
1849 4262 1983 4316 libro
2003 4279 2074 4318 vn

512 4334 710 4388 I-Iistor.
738 4351 855 4404 cap.
891 4331 979 4395 I4,
1003 4347 1121 4404 cum
1147 4333 1406 4404 Eusebius
1430 4333 1566 4404 hanc
1590 4332 1858 4404 historiam
1883 4333 2080 4404 referat

512 4405 696 4459 eodem
728 4402 882 4468 libro,
912 4419 1031 4471 cap.
1065 4402 1150 4469 I8,
1176 4403 1264 4457 cui
1299 4403 1516 4456 Ruﬁnus
1545 4402 1658 4456 haec
1702 4403 1858 4456 verba
1889 4402 2078 4471 adjun-

512 4476 589 4544 git
612 4493 672 4556 2.(
709 4475 935 4565 Insignia
965 4474 1492 4565 veterumfeservari
1514 4472 1578 4524 ad
1605 4483 2077 4565 posterorum'mje—
2106 4505 2158 4565 υ

516 4543 761 4609 moriam,
796 4545 1001 4598 illorum
1037 4543 1275 4606 honoris,
1323 4543 1508 4596 horum
1539 4557 1666 4596 vero
1694 4545 1891 4598 amoris
1939 4545 2074 4599 indi-

513 4619 652 4669 cimn
675 4625 777 4668 est.
811 4633 829 4665 ι
868 4615 1036 4668 Porro
1059 4615 1296 4668 Julianus
1322 4613 1595 4680 Apostata,
1627 4622 1686 4666 ut
1714 4611 1876 4667 refert
1912 4615 2076 4668 Sozo-

515 4699 703 4738 mentis
733 4685 823 4738 lib.
848 4700 876 4734 v
899 4699 1015 4752 cap.
1045 4686 1104 4736 2|
1124 4727 1138 4749 ,
1165 4685 1299 4736 hanc
1318 4682 1514 4738 Christi
1543 4682 1831 4738 Salvatoris
1852 4693 2080 4740 statuam

515 4757 722 4814 evertit,
758 4769 1014 4822 suamque
1058 4755 1224 4822 ip~ius
1272 4753 1347 4807 illi
1391 4753 1682 4807 substituit.
1729 4754 1835 4808 Sed
1879 4757 2077 4816 statim,

513 4827 681 4892 inquit
707 4826 816 4886 ille,
844 4823 978 4893 ignis
999 4840 1028 4878 e
1053 4826 1191 4877 coelo
1215 4825 1412 4891 lapsus,
1446 4833 1626 4892 pectus
1653 4833 1840 4878 statua:
1867 4837 1920 4880 et
1949 4828 2079 4879 viei-

513 4912 607 4949 nas
635 4896 831 4962 pectori
864 4905 1036 4965 partes
1063 4894 1292 4965 discidit.
1324 4904 1587 4962 caputque
1616 4909 1733 4948 cum
1761 4895 1901 4949 collo
1926 4896 2080 4965 deje-

511 4968 605 5028 cit,
636 4977 689 5020 et
717 4982 937 5035 pronum
989 4964 1131 5035 humi
1176 4963 1367 5029 inﬁxit,
1413 4976 1570 5032 atque
1616 4980 1676 5018 ex
1729 4980 1793 5019 eo
1845 4963 2084 5033 tempore

511 5033 767 5091 remansit
833 5036 1050 5103 fuligine
1101 5033 1336 5088 fulminis
1396 5035 1588 5089 obsita.
1647 5036 1834 5102 Pagani
1904 5046 2079 5092 tamen

513 5108 708 5160 Christi
758 5119 980 5162 Statuam
1015 5121 1106 5172 per
1135 5109 1318 5160 urbem
1369 5108 1637 5160 trahentes
1683 5107 2079 5177 confregerunt,

516 5194 673 5246 quam
709 5189 888 5245 postea
933 5177 1215 5232 Christiani
1247 5181 1522 5247 collectam
1554 5177 1607 5230 in
1655 5179 1878 5232 ecclesia
1930 5193 2084 5247 repo—

517 5261 755 5302 suerunt.
788 5249 1076 5318 Utramque
1122 5256 1387 5310 statuam,
1415 5246 1613 5318 Chrisﬁ
1644 5249 1846 5302 scilicet
1876 5248 2084 5302 Domini

519 5319 572 5370 itt
613 5321 857 5382 ecclesia,
908 5329 964 5373 et
992 5317 1277 5387 ’Apostatu:
1328 5319 1543 5389 fuligine
1587 5317 1938 5372 deformatam
1986 5334 2090 5372 suo

519 5399 756 5458 tempore
787 5405 1155 5458 perseverasse
1187 5397 1408 5443 testatur
1448 5390 1581 5442 idem
1615 5390 1963 5454 Sowtttenus,
1994 5391 2082 5457 qui

517 5458 617 5508 sub
638 5457 935 5528 Theodosio
951 5459 1162 5528 juniore
1183 5459 1426 5525 florebat,
1453 5461 1500 5512 id
1524 5468 1607 5512 est
1623 5473 1831 5513 centum
1855 5470 1904 5516 et
1929 5461 2084 5527 paulo

517 5523 742 5598 amplius
769 5523 1250 5598 minim-antequam
1285 5523 1566 5598 Gregorius
1599 5545 1777 5584 n05ter
1798 5523 2079 5585 scriberet.

593 5605 613 5632 τ
645 5596 883 5651 Celebris
905 5609 1018 5651 erat
1043 5596 1179 5667 apud
1212 5596 1522 5652 Damascum
1550 5599 1811 5670 Theodori
1837 5605 2084 5670 martyris

519 5677 709 5729 statua,
741 5683 859 5735 qum
886 5684 912 5719 a
937 5670 1231 5721 Sarraceno
1261 5672 1491 5734 quodam
1538 5669 1641 5721 telo
1669 5685 1914 5737 percussa
1964 5669 2084 5723 San-

521 5738 728 5803 contem
757 5738 1045 5793 effuderat.
1079 5749 1131 5791 ut
1179 5749 1401 5792 testatur
1447 5751 1658 5793 sanetus
1703 5739 1934 5795 Joannes
1989 5743 2080 5796 Da-

1501 266 1558 321 S.
1598 257 1927 320 GRECORII
1967 250 2268 308 EPISCOI’I
2311 246 2739 304 TURONENSIS

3620 229 3754 307 72s

2717 355 2940 411 CAPUT
2980 351 3141 408 XXII.

2151 483 2227 534 De
2257 478 2438 532 ludam
2465 479 2549 545 qui
2577 477 2822 529 iconicam
2852 470 3042 526 Christi
3073 469 3292 538 Iuravit,
3339 477 3392 521 et
3425 465 3722 536 transfodit

2220 591 2350 643 Nam
2393 598 2448 642 et
2478 589 2580 641 isto
2609 599 2748 639 nunc
2778 595 3038 649 tempore,
3071 597 3164 650 per
3191 579 3559 636 credulitatem
3589 581 3757 632 inte-

2149 699 2295 751 gram
2328 691 2472 734 tanto
2501 679 2743 734 Christus
2772 692 2953 730 amore
2981 675 3239 745 diligitur,
3271 684 3329 727 ut
3359 672 3511 742 cujus
3554 672 3756 743 legem

2151 778 2204 831 in
2247 775 2446 829 tabulis
2492 775 2671 828 cordis
2723 772 3007 827 credentes
3061 769 3241 839 papuli
3284 769 3559 834 retinent,
3605 765 3760 837 ejus

2151 881 2310 924 etiam
2365 868 2648 939 imaginem
2695 867 2762 920 ad
2813 864 3374 919 commemorationem
3419 863 3625 917 virtutis
3684 863 3757 917 in

2153 959 2347 1014 tabulis
2377 957 2677 1013 visibilibus
2707 959 2899 1025 pictam
2932 971 3026 1024 per
3055 955 3311 1009 ecclesias
3341 968 3402 1008 ac
3433 954 3616 1008 domos
3650 952 3762 1006 af-

2156 1052 2316 1122 ﬁgant
2354 1068 2365 1102 :
2395 1050 2488 1104 sed
2519 1059 2572 1104 et
2601 1050 2653 1103 in
2687 1050 2786 1102 hoc
2817 1047 3060 1101 inimicus
3087 1060 3297 1114 semper
3324 1044 3537 1098 humani
3564 1058 3760 1112 gene-

2155 1145 2228 1196 ris
2256 1140 2479 1196 a'mulus
2509 1148 2701 1194 exstat.
2733 1139 2864 1192 Nam
2895 1137 3111 1191 Indi-us
3135 1136 3349 1205 quidam
3397 1151 3514 1189 cum
3549 1135 3761 1204 hujus-

2155 1231 2361 1286 cemodi
2385 1230 2668 1300 imaginem
2694 1230 2744 1282 in
2771 1228 2944 1282 tabula
2969 1227 3188 1296 pictam,
3213 1240 3274 1280 ae
3302 1227 3486 1294 parieti
3515 1224 3754 1280 afﬁxam

2159 1325 2210 1376 in
2241 1323 2467 1377 ecclesia
2494 1336 2635 1390 saepe
2677 1319 2898 1374 VIdISsel
2920 1362 2934 1385 ,
2969 1321 3044 1373 ait
3075 1335 3088 1371 :
3120 1319 3256 1373 Ecce
3284 1319 3617 1374 seductorem
3667 1320 3758 1374 il-

2159 1417 2266 1469 lum
2299 1416 2386 1483 qui
2434 1427 2533 1468 nos
2569 1426 2843 1483 genusque
2891 1423 3133 1465 nostrum
3186 1410 3506 1464 humiliavit.
3553 1412 3613 1463 Et
3658 1413 3760 1466 sic

2161 1507 2320 1578 745
2352 1515 2509 1562 nocte
2536 1506 2776 1569 veniens,
2807 1504 2914 1560 telo
2945 1504 3110 1572 ipsam
3142 1505 3421 1573 imaginem
3471 1504 3759 1571 verberas,

2159 1601 2453 1669 elisamque
2476 1599 2544 1654 de
2569 1601 2791 1668 pariete,
2815 1606 3053 1668 opertam
3077 1606 3247 1664 veste,
3279 1597 3345 1651 ad
3373 1597 3588 1651 domum
3615 1613 3762 1666 por-

2162 1704 2302 1756 tans,
2336 1693 2566 1746 flammis
2595 1702 2744 1761 parat
2773 1704 3021 1747 exurere.
3054 1689 3159 1745 Sed
3190 1705 3275 1745 res
3305 1690 3438 1745 mira
3469 1691 3757 1759 apparuit,

2162 1802 2302 1856 quat,
2331 1787 2471 1854 quod
2503 1787 2570 1840 de
2604 1787 2795 1840 virtute
2825 1784 2922 1838 Dei
2954 1783 3133 1849 fuerit,
3163 1798 3266 1838 non
3297 1792 3468 1852 potest
3517 1785 3759 1855 ambigi.

2163 1877 2292 1932 Nam
2321 1877 2388 1931 de
2414 1877 2634 1931 vulnere
2663 1876 2749 1930 tibi
2771 1877 2945 1944 imago
2974 1877 3269 1931 transfossa
3301 1875 3493 1940 fuerat,
3525 1876 3772 1944 sanguis

2162 1971 2365 2026 effluxit
2393 1981 2440 2024 ο.
2470 1969 2624 2036 Quod
2661 1969 2776 2038 ipse
2805 1969 3019 2039 iniquus
3047 1970 3337 2039 spiculator
3364 1969 3604 2038 oppletus
3651 1969 3760 2022 fu—

2165 2078 2288 2116 rore
2318 2079 2420 2116 non
2451 2061 2640 2116 sensit.
2669 2061 2799 2116 Cum
2826 2072 3002 2116 autem
3057 2077 3151 2131 per
3191 2063 3435 2117 obscura:
3465 2062 3631 2116 noctis
3661 2072 3764 2115 te-

2165 2154 2358 2210 nebras
2386 2153 2603 2207 domum
2632 2166 2783 2207 suam
2811 2152 3002 2208 fuisset
3023 2152 3318 2222 ingressus,
3368 2154 3562 2207 lumine
3585 2151 3764 2205 adhi-

2167 2248 2279 2303 bito
2295 2247 2468 2302 cernit
2489 2261 2545 2301 se
2560 2254 2727 2299 totum
2749 2245 3006 2314 sanguine
3025 2254 3358 2300 cruentatum
3398 2261 3412 2299 :
3449 2245 3768 2314 timensque

2169 2354 2234 2393 ne
2283 2339 2457 2393 scelus
2514 2352 2666 2392 suum
2724 2338 3041 2406 pateﬁeret,
3095 2337 3356 2406 abjectam
3413 2353 3442 2390 a
3492 2351 3548 2391 se
3591 2339 3771 2390 tabu—

2169 2432 2271 2485 lam
2301 2429 2503 2484 abdidit
2534 2429 2584 2484 in
2613 2428 2882 2493 obscuris,
2915 2443 3015 2483 nec
3040 2443 3204 2484 ausus
3229 2438 3311 2484 est
3354 2430 3488 2482 ultra
3531 2431 3766 2484 contin-

2171 2538 2295 2593 gere
2351 2520 2492 2590 quod
2563 2521 2743 2589 inique
2797 2519 3134 2589 praesumpsit
3178 2520 3409 2575 auferre.
3461 2521 3772 2576 Venientes

2169 2624 2344 2670 autem
2368 2612 2656 2668 Christiani
2682 2612 2915 2668 diluculo
2942 2612 3009 2667 ad
3040 2613 3254 2667 domum
3290 2612 3405 2680 Dei,
3436 2612 3687 2667 icoiticam
3725 2611 3766 2652 τι

2171 2724 2276 2764 non
2297 2707 2596 2773 inveniunt,
2621 2713 3004 2776 stupentesque
3023 2722 3086 2761 ac
3108 2708 3442 2774 requirentes
3467 2707 3605 2776 quod
3632 2705 3768 2760 fue-

2174 2815 2255 2859 rat
2303 2803 2536 2868 factum,
2587 2801 2795 2856 cruoris
2847 2802 3069 2871 vestigia
3117 2801 3541 2869 deprehendunt.
3596 2801 3778 2865 Quod

2171 2904 2478 2966 sequentes,
2503 2894 2568 2949 ad
2597 2893 2812 2948 domum
2840 2892 3010 2948 Judaei
3042 2892 3322 2947 accedunt.
3357 2892 3586 2961 Denique
3609 2891 3768 2945 scis-

2176 2988 2322 3044 citati
2349 2987 2418 3042 de
2450 2986 2643 3047 tabula,
2677 2986 2806 3040 nihil
2835 2984 2969 3039 certi
3015 2993 3362 3054 cognoscunt.
3399 2981 3775 3051 Requirentes

2175 3090 2352 3135 autem
2382 3093 2501 3134 eam
2533 3077 2782 3142 sollicite,
2816 3078 2867 3130 in
2912 3077 3106 3145 angulo
3130 3075 3334 3130 cellula:
3383 3073 3552 3129 Judaei
3602 3088 3770 3142 repe-

2176 3174 2321 3226 riunt
2347 3187 2360 3224 :
2392 3185 2494 3242 qua
2525 3167 2768 3225 ecclesiae
2795 3169 3027 3234 reddita,
3059 3168 3227 3222 furem
3260 3165 3521 3234 lapidibus
3560 3165 3768 3222 obrue-

2173 3273 2318 3319 runt.

2739 3330 2967 3387 CAPUT
2995 3330 3187 3385 XXIII.

2531 3444 2610 3499 De
2632 3445 2882 3511 cruci/ica
2911 3443 3050 3510 apud
3079 3441 3396 3496 Narbonem.

2250 3558 2343 3614 Est
2370 3565 2424 3615 et
2467 3557 2608 3627 apud
2657 3555 3058 3611 Narbonensem
3091 3553 3276 3608 urbem
3308 3552 3362 3607 in
3407 3551 3634 3607 ecclesia
3676 3567 3762 3606 se-

2179 3649 2349 3714 niore,
2378 3665 2496 3722 qua:
2540 3648 2678 3703 beati
2706 3647 2919 3702 Genesii
2952 3647 3202 3716 martyris
3246 3645 3486 3714 reliquiis
3533 3645 3772 3714 plaudit,

2180 3742 2382 3810 pictura
2411 3755 2528 3810 quas
2583 3739 2866 3792 Dominum
2920 3748 3162 3792 nostrum
3211 3738 3362 3807 quasi
3417 3737 3761 3806 praecinctum

2180 3833 2346 3887 linteo
2388 3832 2588 3886 indicat
2613 3829 2944 3885 cruciﬁxum.
2973 3829 3101 3896 Qui:
3134 3830 3337 3897 pictura
3366 3828 3492 3881 dum
3542 3828 3764 3884 assidue

2179 3935 2494 3981 cerneretur
2521 3939 2549 3976 a
2583 3923 2822 3991 populis,
2855 3923 3098 3991 apparuit
3119 3920 3331 3974 cuidam
3380 3920 3591 3974 Basileo
3617 3936 3762 3987 pres-

2180 4018 2366 4087 bytero
2394 4029 2487 4070 oer
2513 4015 2682 4067 visum
2717 4027 2944 4082 persona
2979 4011 3252 4075 terribilis,
3285 4011 3472 4068 dicens
3509 4030 3522 4064 :
3555 4013 3759 4068 Omnes

2182 4207 2458 4247 mascenus
2489 4200 2626 4244 orat.
2660 4193 2692 4244 5
2720 4191 2787 4244 tle
2816 4190 3013 4245 sanctis
3041 4191 3382 4260 Imaginibus.

2251 4261 2277 4300 ἀ
2302 4265 2424 4326 Alii,
2443 4264 2684 4320 iconiam,
2704 4277 2795 4315 seu
2813 4263 3034 4314 famam.
3059 4263 3196 4324 BAL,
3218 4264 3432 4315 iconem.
3462 4263 3762 4318 Retineuda

2184 4345 2361 4388 nostra
2391 4334 2571 4394 lectio,
2617 4348 2735 4399 qua:
2763 4342 2845 4386 est
2875 4333 3221 4385 vetustiorum
3256 4333 3402 4387 Edit.
3451 4345 3504 4386 et
3533 4340 3762 4402 scripto-

2182 4420 2318 4458 rum.
2352 4402 2442 4458 Sic
2471 4405 2612 4456 enim
2645 4403 2715 4456 illi
2747 4411 2994 4455 auctores
3021 4403 3323 4457 scribebant
3359 4405 3424 4456 ad
3476 4406 3766 4473 designan-

2183 4478 2302 4527 tlam
2333 4475 2916 4544 imaginemkutisupra
2945 4473 2998 4526 in
3045 4489 3163 4539 cap.
3211 4474 3383 4536 titulo,
3418 4483 3472 4527 et
3526 4477 3577 4526 in
3631 4475 3766 4528 Vitis

2185 4542 2578 4612 Patrumfcap.
2615 4542 2700 4596 1‘2.
2736 4543 2869 4597 IIinc
2899 4544 3130 4596 manavit
3170 4545 3502 4598 consuetudo
3551 4560 3768 4600 sacram

2182 4617 2382 4669 Christi
2408 4614 2687 4682 imaginem
2721 4612 3020 4667 Veronicam
3041 4655 3055 4676 ,
3083 4616 3230 4681 quasi
3267 4630 3446 4668 veram
3477 4616 3760 4682 iconicum,

2181 4685 2506 4754 appellandi,
2542 4694 2598 4737 ut
2625 4701 2691 4738 ex
2727 4686 3092 4750 compluribus
3119 4685 3428 4738 auctoribus
3455 4686 3641 4752 probat
3665 4702 3764 4738 no-

2182 4767 2293 4810 ster
2323 4755 2655 4809 Mabillonius
2697 4754 2900 4808 itineris
2931 4754 3092 4807 Italici
3124 4770 3242 4823 pag.
3277 4757 3344 4807 88
3375 4764 3428 4808 et
3450 4757 3535 4806 δῦ.
3584 4757 3759 4819 Quam

2186 4836 2362 4882 tamen
2393 4840 2574 4879 vocem
2606 4825 2838 4877 nonnulli
2893 4825 3125 4878 mulieris
3171 4842 3293 4878 esse
3336 4839 3522 4877 nomen
3572 4837 3760 4892 postea

2185 4898 2573 4958 existimantes,
2622 4894 2933 4948 Veronicam
2983 4895 3258 4948 ﬁnxerunt
3300 4911 3438 4963 piam
3483 4894 3759 4957 feminam,

2185 4983 2304 5036 quae
2331 4966 2546 5020 Christo
2574 4965 2636 5019 ad
2666 4964 2920 5018 Calvarizc
2953 4976 3183 5036 montem
3211 4970 3517 5020 ascendenti
3545 4967 3759 5019 obviam

2185 5051 2492 5095 occurrens,
2523 5039 2638 5102 ejus
2658 5051 2826 5089 sacrae
2857 5035 3006 5088 faciei
3033 5051 3188 5102 qnam
3209 5047 3503 5091 exterscrat
3528 5037 3763 5106 efﬁgiem

2187 5107 2239 5161 in
2268 5107 2536 5160 sudariolo
2563 5108 2874 5170 impressam
2911 5108 3192 5173 receperit.
3231 5105 3379 5160 Unde
3414 5124 3606 5161 nomen
3633 5105 3771 5163 san-

2185 5188 2284 5231 ctze
2319 5178 2590 5230 Ver-onicae
2622 5177 2671 5229 in
2721 5179 2922 5244 aliquot
2953 5177 3317 5246 Martyrologia
3348 5183 3614 5232 invectum
3662 5195 3766 5234 est.

2185 5248 2290 5302 Sed
2321 5265 2385 5300 ne
2415 5252 2464 5299 in
2497 5247 2793 5300 Romanum
2819 5247 3185 5301 admitteretur
3227 5249 3434 5301 obstitit
3480 5249 3765 5317 Baronius,

2186 5336 2304 5373 cum
2335 5319 2453 5371 aliis
2482 5318 2606 5371 VIIIS
2635 5318 2881 5371 eruditis.
2916 5317 3048 5370 Ilinc
3075 5317 3253 5372 mirari
3280 5319 3425 5371 subit
3457 5320 3767 5374 Bollandia-

2188 5392 2269 5443 nis
2295 5389 2503 5442 crimini
2524 5389 2706 5442 datum
2734 5389 2897 5441 fuisse
2916 5404 2943 5439 a
2965 5388 3295 5453 Carmelitis,
3325 5391 3469 5454 quod
3501 5393 3568 5442 de
3595 5389 3768 5445 Vero-

2190 5463 2306 5519 nica
2325 5461 2547 5514 muliere
2563 5460 2710 5528 quasi
2729 5459 3031 5511 dubitanter
3047 5459 3202 5512 locuti
3225 5461 3441 5512 fuerint.
3461 5461 3529 5512 Et
3548 5461 3768 5528 quidem

2189 5530 2457 5592 Nicolaus,
2483 5531 2676 5597 aliique
2703 5531 3002 5594 complures
3032 5532 3303 5595 pontiﬁces
3331 5529 3553 5583 Romani
3586 5531 3756 5598 ipsam

2189 5601 2382 5654 Coristi
2437 5602 2641 5654 Domini
2675 5603 2953 5666 imaginem
2984 5601 3138 5666 vulgo
3177 5598 3484 5652 Verom‘cam.
3505 5603 3770 5669 appellari

2192 5682 2365 5724 testatt
2398 5682 2540 5724 sunt.
2577 5670 2707 5722 Vide
2740 5670 3082 5728 I'apebrocltii
3114 5670 3516 5736 responsionem
3545 5674 3610 5722 ad
3663 5687 3762 5726 ex-

2193 5743 2357 5797 hibiti.
2381 5759 2510 5797 nem.
2525 5757 2662 5797 error
2679 5758 2768 5796 um
2795 5757 2888 5808 per
2909 5740 3288 5794 Sebastianum
3307 5757 3331 5793 a
3350 5743 3560 5796 Sancto.
3575 5743 3769 5800 Paulo.
