4020 6194
187 269 315 328 725
700 320 703 321 ν
1033 279 1531 339 MIRACULORUM
1568 283 1700 338 LIB.
1740 281 1783 337 I.
1826 283 1915 339 DE
1956 283 2208 345 GLORIA
2245 290 2651 352 MARTYBUM.
3354 306 3458 363 726

191 396 312 439 vos
359 386 553 441 obtecti
597 387 727 442 estis
770 388 935 444 variis
974 390 1315 461 indumentis,
1361 404 1417 450 et
1461 411 1548 452 me
1580 395 1778 465 jugiter
1807 397 1857 455 Α
1884 403 1942 449 ttt
1985 396 2138 453 initio
2180 402 2478 469 produntur
2520 406 2734 475 nescio,
2784 407 2856 463 ita
2892 420 2944 466 et
2993 410 3099 469 line
3139 414 3456 472 clauduntur

190 476 378 548 7“
402 479 600 533 nudum
627 482 888 550 aspicitis.
920 482 1063 540 Vade
1085 488 1421 555 quantocius.
1450 491 1663 558 cooperi
1698 504 1783 544 me
1885 485 2088 558 ignaro.

184 572 551 625 vestimento.
586 571 655 626 Et
700 574 979 645 presbyter
1026 591 1129 631 non
1176 578 1477 648 intelligens
1502 580 1781 645 visionem,

183 660 333 717 data
366 661 454 716 die
484 677 815 733 nequaquam
855 680 918 720 ex
948 679 1012 722 ea
1050 682 1110 721 re
1139 678 1462 724 memoratus
1506 679 1609 725 est.
1642 670 1780 724 Rur-

183 767 435 822 sumque
480 758 723 823 apparuit
749 757 833 823 ei;
860 758 954 813 sed
998 768 1055 813 et
1083 760 1212 814 illud
1258 763 1609 831 parvipendit.
1655 764 1781 818 Post

2457 583 2683 644 CAPUT
2709 588 2873 647 XXV.

2028 687 2102 743 De
2129 693 2379 750 heretici:
2402 698 2487 766 qui
2508 714 2611 752 non
2639 701 2979 759 adhibuerunt
3007 705 3113 761 illis
3136 708 3307 777 ﬁdem.

184 846 425 902 tertium
453 858 627 902 autem
657 848 798 903 diem
838 852 1084 906 secunda:
1110 852 1349 917 visionis,
1394 855 1641 925 gravibus
1682 871 1778 910 ex-

182 937 447 991 cruciato
474 953 542 992 eo
580 939 913 1007 verberibus,
945 941 1020 995 ait
1051 959 1067 999 :
1102 943 1288 1000 Nonne
1316 945 1553 1001 dixeram
1583 948 1671 1003 tibi
1722 957 1779 1002 ut

182 1030 446 1097 operires
476 1044 561 1086 me
584 1034 922 1100 vestimento,
950 1051 1018 1091 ne
1044 1050 1296 1093 cernerer
1324 1040 1498 1094 nudus
1526 1057 1540 1094 :
1566 1049 1620 1095 et
1645 1042 1777 1098 nihil

182 1134 256 1174 ex
297 1124 405 1176 hoc
435 1137 462 1174 a
492 1131 545 1177 te
574 1131 748 1177 actum
780 1124 896 1179 est!
927 1125 1103 1193 Vade,
1136 1128 1324 1197 inquit,
1355 1140 1409 1185 et
1457 1141 1573 1202 tege
1616 1132 1777 1189 linteo

183 1213 468 1281 picturam
496 1213 664 1278 illam,
697 1214 748 1267 in
778 1230 880 1284 qua
926 1219 1211 1273 cruciﬁxus
1258 1236 1512 1289 appareo,
1567 1238 1633 1279 ne
1681 1224 1773 1279 tibi

182 1302 361 1357 velox
414 1305 756 1372 superveniat
806 1305 1073 1362 interitus.
1106 1312 1174 1362 At
1222 1309 1310 1364 ille
1352 1319 1670 1376 commotus,
1721 1323 1775 1369 et

182 1393 358 1448 valde
385 1404 660 1461 metuens,
711 1398 946 1451 narravit
965 1412 1028 1453 ea
1075 1401 1350 1468 episcopo,
1400 1400 1488 1470 qui
1532 1405 1774 1470 protinus

181 1486 358 1556 jussit
391 1486 622 1555 desuper
650 1488 825 1542 velum
865 1490 1095 1559 expandi
1149 1501 1203 1545 et
1250 1492 1327 1545 sic
1369 1493 1578 1548 obtecta
1633 1510 1773 1551 nunc

183 1576 406 1646 pictura
435 1576 720 1644 suspicitur
751 1588 798 1632 ⁸.
834 1579 961 1633 Nam
995 1594 1047 1635 et
1074 1583 1118 1637 si
1164 1598 1447 1654 parumper
1496 1586 1773 1657 detegatur

180 1666 254 1721 ad
285 1668 779 1738 contemplandum,
812 1688 933 1726 mox
960 1672 1191 1729 demisso
1217 1677 1334 1731 velo
1357 1678 1673 1750 contegitur,
1703 1694 1769 1736 ne

181 1757 409 1813 detecta
440 1770 709 1813 cernatur.

747 1870 971 1927 CAPUT
1010 1871 1198 1928 XXIV.

375 1981 591 2053 Insigne
618 1984 920 2039 miraculum
950 1986 1014 2038 de
1047 1988 1270 2057 fontibus
1302 1988 1584 2054 Hispaniae.

257 2093 357 2145 Est
384 2090 414 2130 δ
443 2101 499 2145 et
525 2092 651 2147 illud
690 2093 894 2150 lllustre
920 2096 1235 2151 miraculum
1266 2098 1334 2155 de
1371 2099 1608 2156 fontibus
1650 2100 1767 2156 His-

185 2185 366 2251 pania:
397 2225 414 2251 ,
463 2200 599 2250 quos
647 2186 919 2242 Lusitania
961 2189 1233 2258 provincia
1281 2193 1501 2261 profert.
1555 2194 1767 2249 Piscina

182 2292 420 2346 namque
445 2287 527 2331 est
554 2279 691 2346 apud
717 2281 855 2334 Usen
889 2290 913 2319 α
949 2295 1198 2351 campum
1228 2284 1522 2354 antiquitus
1559 2288 1765 2357 sculpta

184 2378 240 2421 et
270 2385 337 2423 ex
364 2384 634 2424 marmore
663 2372 808 2426 vario
828 2372 882 2426 in
911 2373 1127 2429 modum
1156 2377 1354 2441 crucis,
1382 2379 1519 2433 miro
1546 2394 1765 2449 compo-

185 2460 287 2515 sita
318 2474 505 2529 Opere.
538 2462 644 2516 Sed
673 2472 728 2517 et
756 2464 898 2519 aedes
927 2478 1133 2535 magna:
1160 2467 1417 2523 claritatis
1444 2484 1507 2524 ac
1547 2470 1767 2527 celsitu—

186 2550 330 2605 dinis
358 2551 591 2622 desuper
612 2568 641 2607 a
670 2551 983 2609 Christianis
1002 2566 1304 2611 constructa
1331 2567 1433 2613 est.
1463 2559 1624 2629 Igitur
1642 2576 1766 2617 cum

187 2643 307 2697 dies
326 2658 482 2699 sacer
509 2656 629 2713 post
656 2645 914 2700 circulum
942 2648 1068 2703 anni
1116 2649 1422 2704 decedentis
1464 2651 1763 2723 advenerit,

186 2749 296 2801 quo
325 2734 581 2789 Dominus
622 2739 846 2791 confuso
873 2740 1141 2805 proditore
1166 2742 1443 2812 mysticam
1493 2743 1765 2813 discipulis

187 2826 419 2894 praebuit
467 2842 700 2894 caenam,
744 2831 1070 2886 conveniunt
1124 2833 1176 2886 in
1220 2833 1393 2888 locum
1439 2834 1589 2890 illum
1641 2851 1759 2890 cutr

186 2919 440 2986 pontitice
470 2919 638 2983 cives,
665 2920 772 2989 jam
803 2920 1024 2976 odorem
1053 2925 1189 2977 sacri
1214 2926 1621 2992 praisentieutes
1642 2942 1764 2982 aro-

186 3014 369 3066 matis.
411 3012 560 3068 Tunc
589 3014 710 3067 data
740 3015 983 3070 oratione
1007 3030 1039 3071 a
1069 3018 1367 3082 sacerdote,
1399 3021 1531 3074 ostia
1582 3023 1762 3092 templi

187 3104 376 3174 iubent
405 3105 565 3161 simul
593 3106 788 3161 muniri
818 3108 1123 3178 signaculis,
1156 3108 1314 3181 747
1340 3112 1624 3167 adventum
1655 3116 1761 3167 vir-

189 3198 317 3250 tutis
344 3197 629 3253 domittica:
660 3200 1047 3266 praestolantes.
1082 3202 1173 3256 Die
1198 3214 1375 3257 autem
1406 3206 1555 3259 tertia
1574 3247 1589 3271 ,
1618 3206 1757 3276 quod

188 3298 271 3343 est
299 3290 528 3355 sabbati,
563 3293 1008 3348 convenientibus
1033 3294 1099 3347 ad
1130 3295 1501 3363 baptizandum
1530 3300 1757 3367 p0pulis,

188 3381 478 3435 adveniens
508 3383 791 3450 episcopus
836 3396 956 3437 cum
988 3384 1193 3439 civibus
1231 3370 1363 3453 suis,
1388 3387 1641 3455 inspectis
1682 3389 1759 3442 si-

189 3472 453 3539 gnaculis,
480 3474 613 3524 ostia
645 3484 847 3528 reserat
876 3474 1077 3530 clausa.
1105 3478 1181 3529 Ac
1206 3478 1395 3531 mirum
1416 3479 1581 3545 dictu,
1604 3481 1760 3549 pisci-

192 3578 315 3615 nam
345 3578 504 3630 quam
533 3563 857 3633 reliquerant
885 3580 1129 3635 vacuam,
1158 3570 1429 3638 reperiunt
1450 3570 1682 3640 plenam,
1706 3581 1760 3627 et

191 3656 264 3707 ita
292 3654 506 3708 cumulo
535 3654 724 3710 altiore
756 3656 1025 3722 refertam,
1057 3668 1115 3712 ut
1141 3660 1279 3714 solet
1322 3675 1485 3729 super
1512 3676 1605 3715 ora
1634 3677 1753 3716 mo-

190 3744 399 3798 diorum
430 3745 665 3800 triticum
714 3750 985 3817 aggregari
1017 3767 1031 3803 :
1061 3750 1344 3818 videasque
1388 3752 1489 3806 huc
1533 3753 1759 3823 illucque

191 3836 375 3893 latices
403 3838 655 3894 ﬂuctuare
677 3879 693 3903 ,
725 3856 822 3893 nec
853 3850 1058 3909 partem
1086 3841 1139 3895 in
1187 3841 1450 3897 diversam
1498 3844 1752 3899 deﬂuere.

192 3929 341 3983 Tunc
368 3944 485 3983 cum
518 3934 825 3985 exorcismo
853 3933 1262 4001 sanctiﬁcatum,
1288 3951 1630 4005 conspersum
1661 3941 1755 3991 de-

191 4036 348 4087 super
373 4022 627 4088 chrisma,
660 4026 835 4077 omnis
864 4027 1085 4095 populus
1115 4042 1209 4094 pro
1243 4028 1525 4083 devotione
1562 4030 1754 4097 haurit,

193 4121 246 4164 ct
276 4125 365 4163 vas
412 4116 626 4180 plenum
657 4112 798 4167 domi
829 4130 926 4184 pro
974 4118 1268 4174 salvatione
1315 4130 1569 4190 reportat,
1602 4138 1758 4192 agros

194 4203 477 4272 vineasque
501 4206 806 4271 aspersione
828 4208 1174 4263 saluberrima
1194 4219 1456 4265 tutaturus
1477 4208 1524 4267 ἀ.
1551 4211 1610 4265 Ει
1635 4229 1757 4268 cum

193 4294 383 4347 exinde
428 4295 711 4350 multitudo
739 4297 1115 4366 amphorarum
1143 4302 1258 4356 sine
1287 4302 1511 4357 collecto
1537 4318 1757 4360 numero

195 4388 481 4449 hauriatur,
517 4404 782 4456 nunquam
816 4401 991 4444 tamen
1023 4392 1104 4446 vel
1130 4397 1395 4448 cumulum
1428 4396 1618 4449 minuit
1650 4414 1662 4448 :
1694 4397 1730 4452 li

194 4488 275 4529 cet
305 4477 389 4530 ubi
420 4478 594 4532 infans
625 4481 823 4546 primus
852 4481 1106 4538 intinctus
1129 4485 1319 4553 fuerit,
1351 4504 1470 4542 mox
1505 4505 1638 4559 aqua
1670 4506 1755 4545 re-
1784 4521 1835 4580 ι)

194 4570 419 4631 ducitur,
444 4581 499 4624 et
521 4571 795 4639 baptizatis
815 4574 1079 4640 omnibus,
1105 4578 1330 4647 lymphis
1356 4580 1405 4633 in
1424 4595 1483 4635 se
1506 4586 1751 4651 reversis,

265 4761 288 4787 ἰ
321 4751 521 4805 Exinde
552 4752 773 4807 fortasse
794 4756 1120 4810 consuetudo
1146 4760 1401 4822 manavit,
1426 4772 1483 4814 ut
1507 4761 1752 4821 Christus

195 4821 445 4901 Dominus
493 4824 542 4875 in
592 4825 1031 4901 crnce_pe_n_dens
1078 4830 1299 4901 vestitus
1352 4821 1747 4901 depingeretur.

197 4892 346 4945 Certe
378 4909 461 4943 tne
491 4908 593 4945 non
624 4895 785 4948 semel
818 4895 1010 4950 vidisse
1043 4900 1256 4952 memini
1303 4892 1609 4956 cruciﬁxum
1644 4905 1747 4956 Do-

200 4963 389 5034 minum
422 4974 570 5016 veste
594 4964 740 5017 talari
766 4964 1002 5019 indutum
1028 4968 1164 5034 apud
1189 4967 1419 5025 Rhemos
1452 4975 1501 5026 in
1524 4975 1745 5028 ecclesia

197 5033 465 5105 collegiala
494 5044 690 5105 sancta:
723 5035 1025 5103 Balsantiae,
1057 5033 1170 5101 Seu,
1208 5050 1263 5091 ut
1292 5051 1504 5105 vocant,
1552 5056 1748 5099 Sancta:

197 5102 436 5178 Nutriens.
469 5104 615 5178 (llam
658 5108 798 5178 enim
842 5102 1052 5178 beatum
1096 5109 1390 5178 Remigium
1436 5102 1750 5169 enutrivisse

197 5172 424 5245 dicitur.)
448 5175 599 5245 Alias
627 5176 884 5242 ejusmodi
910 5177 1170 5245 imagines
1199 5172 1275 5233 se'
1299 5181 1497 5236 vidisse
1528 5193 1747 5238 testatur

199 5243 524 5295 Maliittouius
557 5247 607 5297 in
655 5246 961 5311 praefatione
995 5243 1059 5300 ad
1099 5255 1228 5302 Acta
1274 5263 1577 5307 sanctorum
1626 5260 1742 5308 orti.

198 5314 559 5391 ltened._,_stec.
590 5329 662 5379 tv,
696 5327 828 5383 part.
860 5332 897 5381 t,
930 5333 1073 5371 num.
1105 5320 1197 5386 47,
1226 5328 1280 5374 et
1317 5322 1370 5375 iti
1394 5322 1511 5376 Itin.
1546 5325 1743 5391 Italico,

229 5399 307 5447 ag.
348 5384 463 5437 15').

196 5399 608 5524 pasti.lllt'iac)'caput
630 5469 751 5508 cum
795 5455 962 5510 tribus
990 5458 1331 5528 sequentibus
1356 5460 1504 5516 deest
1536 5464 1585 5515 in
1626 5462 1749 5517 Cia.

196 5541 318 5579 rom.
350 5541 400 5577 τι.

262 5608 281 5635 ε
314 5597 427 5648 Non
469 5594 761 5667 aliusisteh
785 5595 930 5649 locus
970 5598 1180 5653 videtur
1206 5616 1325 5661 esse
1353 5603 1420 5653 ab
1452 5602 1622 5667 Usser,
1656 5620 1749 5659 seu

194 5666 340 5737 0m,
369 5680 537 5733 prope
569 5664 821 5737 Hispalim
842 5708 855 5727 ,
890 5668 956 5721 de
982 5685 1086 5734 quo
1117 5671 1227 5737 ipse
1256 5672 1544 5735 Gregorius
1571 5664 1662 5728 lih.
1699 5692 1748 5728 vt

189 5730 426 5794 Historia:
452 5730 571 5801 cap.
600 5734 689 5787 45.
722 5735 946 5805 llispalis
974 5730 1099 5794 vero
1134 5730 1199 5796 ex
1243 5730 1435 5797 Btetica
1475 5747 1747 5810 provincia

1785 3151 1832 3215 C

1950 800 2171 868 Quidam
2207 821 2334 862 vero
2385 825 2450 865 ex
2494 812 2763 875 hatrcticis
2813 819 2978 875 Deum
3029 838 3135 876 non
3186 834 3446 893 metuens,

1881 905 2053 959 neque
2074 898 2469 954 venerationem
2494 914 2754 971 prtcstans
2776 907 2894 964 huic
2912 909 3026 966 loco
3046 919 3254 979 sancto,
3281 930 3451 985 neque

1878 987 2102 1038 credens
2127 987 2290 1044 corde
2321 990 2658 1061 miraculum,
2685 999 2823 1067 quod
2870 1000 2922 1055 in
2971 1016 3038 1057 eo
3087 1002 3340 1059 Dominus
3380 1008 3448 1061 ad

1878 1077 2329 1135 corroborandam
2358 1098 2577 1139 suorum
2611 1089 2768 1144 Iidem
2796 1102 3051 1161 prwstare
3075 1094 3318 1166 dignatus
3341 1108 3445 1164 est,

1878 1181 1982 1219 non
2010 1167 2200 1224 silebo.
2226 1170 2384 1227 Venit
2404 1190 2524 1229 cum
2546 1180 2695 1233 turba
2723 1197 3003 1252 equorum,
3024 1188 3212 1243 solutis
3237 1206 3448 1262 quoque

1876 1254 2270 1355 impedimentis
2293 1263 2451 1330 jussit
2482 1268 2532 1320 in
2580 1270 2850 1327 basilicam
2884 1278 3044 1347 poni,
3076 1254 3449 1355 equitibusque

1876 1345 1967 1418 [Id
1995 1358 2091 1417 est,
2141 1353 2312 1427 equis]
2361 1358 2412 1412 in
2445 1374 2506 1414 ea
2554 1366 2813 1434 prrcsepia
2862 1345 3170 1440 praeparari,
3219 1345 3447 1432 irridens

1874 1441 2042 1497 miser
2067 1459 2189 1513 qua:
2217 1447 2286 1502 de
2327 1449 2427 1506 hoc
2457 1454 2572 1509 loco
2615 1458 2968 1516 narrabantur
2998 1464 3063 1519 ab
3108 1465 3312 1522 incolis.
3346 1468 3447 1539 Igi-

1876 1543 1963 1587 tur
1989 1536 2161 1590 media
2195 1551 2350 1595 nocte
2390 1552 2772 1615 prmtereunte,
2804 1566 2831 1602 a
2864 1553 3008 1609 febre
3037 1556 3353 1626 corripitur,
3373 1536 3447 1613 iac

1874 1641 2008 1694 pene
2035 1632 2326 1697 exanimis,
2358 1644 2412 1689 et
2440 1638 2643 1694 tardius
2669 1657 2824 1707 quam
2855 1644 3113 1702 debuerat
3157 1650 3442 1718 pmnitens,

1795 1769 1845 1831 Β
1872 1720 2133 1776 exclamat
2160 1725 2368 1794 equites
2392 1729 2462 1783 ab
2499 1732 2613 1786 aede
2639 1735 2869 1803 expelli;
2901 1750 3015 1793 erat
3044 1743 3185 1797 enim
3215 1744 3262 1798 ei
3284 1788 3301 1811 ,
3345 1748 3444 1799 sub

1873 1824 1999 1880 rege
2026 1812 2170 1882 licet,
2197 1831 2384 1885 magna
2410 1829 2581 1875 tamen
2613 1824 2662 1877 in
2694 1824 2779 1879 illa
2810 1828 3027 1895 regione
3050 1841 3303 1900 potestas.
3335 1835 3440 1889 Ex-

1870 1903 2144 1975 pulsisque
2166 1922 2194 1960 a
2217 1908 2435 1966 basilica
2458 1925 2638 1969 sancta
2662 1918 2949 1987 equitibus,
2979 1922 3043 1977 ad
3067 1938 3126 1977 se
3149 1940 3442 1982 conversus

1869 1997 2031 2063 εωρίι
2059 1998 2305 2055 dentibus
2341 2007 2608 2072 proprium
2641 2007 2877 2065 lacerare
2904 2017 3311 2083 corpusculum,
3344 2032 3440 2073 nec

1873 2100 2091 2153 prorsus
2122 2091 2341 2144 retineri
2372 2106 2402 2146 a
2432 2094 2540 2148 suis
2567 2095 2635 2150 ob
2666 2094 2880 2153 nimiam
2912 2111 3116 2169 poterat
3142 2104 3439 2160 debaccha-

1870 2177 2091 2232 tionem.
2139 2178 2481 2251 Tandemque
2512 2183 2675 2256 ’148
2700 2200 3008 2258 oppressus,
3039 2193 3177 2249 inter
3223 2210 3439 2257 suorum

1868 2284 2058 2324 manus
2083 2270 2328 2339 spiritum
2351 2274 2639 2330 exhalavit.

1940 2358 2178 2429 Denique
2212 2360 2614 2432 Theodegisilus
2648 2378 2671 2405 ο
2706 2369 2863 2438 hujus
2891 2386 2985 2426 rex
3033 2375 3285 2444 regionis,
3315 2392 3437 2434 cum

1868 2452 2087 2507 vidisset
2109 2454 2207 2507 hoc
2239 2452 2551 2509 miraculum
2574 2458 2714 2527 quod
2746 2461 2796 2514 in
2827 2460 2910 2517 his
2935 2466 3157 2520 sacratis
3190 2466 3300 2523 Deo
3319 2466 3437 2524 fon-

1868 2544 2009 2599 tibus
2033 2545 2345 2614 gerebatur,
2377 2547 2629 2615 cogitavit
2656 2551 2793 2607 intra
2824 2568 2882 2609 se
2908 2554 3110 2621 dicens,
3138 2558 3261 2627 quia
3287 2559 3437 2629 inge-

1869 2638 2014 2691 nium
2045 2648 2125 2693 est
2166 2637 2526 2696 Romanorum
2561 2644 2860 2714 (Romanos
2898 2650 3039 2703 enim
3072 2651 3304 2706 vocitant
3337 2652 3437 2710 ho-

1867 2735 2040 2786 mines
2070 2740 2268 2786 nostra:
2292 2733 2594 2805 religionis)
2627 2747 2683 2791 ut
2725 2739 2794 2792 ita
2825 2741 3050 2805 accidat,
3101 2751 3156 2797 et
3198 2759 3305 2797 non
3354 2755 3437 2803 est

1866 2821 1960 2875 Dei
1992 2822 2177 2876 virtus.
2223 2822 2452 2881 Veniens
2480 2842 2607 2882 vero
2637 2831 2700 2883 ad
2743 2846 2937 2885 annum
2975 2844 3283 2903 sequentem
3305 2877 3320 2902 ,
3347 2852 3437 2894 os-

1866 2914 1996 2967 tium
2028 2914 2218 2984 sigillis
2262 2917 2375 2972 suis
2423 2932 2542 2973 cum
2587 2922 2821 2990 episcopi
2862 2925 3037 2993 sigillo
3064 2929 3306 2996 munivit,
3342 2946 3434 3002 po-

1864 3005 2076 3073 Suitque
2106 3006 2356 3063 custodes
2383 3009 2433 3064 in
2463 3011 2684 3067 circuitu
2719 3015 2932 3083 templi,
2964 3018 3009 3071 si
3041 3020 3176 3075 forte
3199 3021 3433 3093 aliquem

1862 3097 2264 3165 deprehendere
2310 3110 2489 3169 posset
2516 3103 2717 3159 fraudis
2742 3108 2970 3177 alicujus
3000 3114 3292 3181 conscium,
3339 3132 3433 3185 per

1863 3190 2015 3258 cujus
2037 3191 2303 3260 ingenium
2326 3194 2377 3247 in
2406 3194 2637 3249 fontibus
2657 3212 2789 3267 aqua
2816 3202 3148 3258 succederet.
3178 3205 3433 3264 Similiter

1862 3292 1916 3336 et
1944 3282 2050 3337 alio
2096 3283 2225 3339 fecit
2261 3300 2422 3340 anno.
2475 3287 2656 3343 Tertio
2700 3306 2829 3346 vero
2874 3306 3158 3352 convocata
3201 3304 3431 3359 virorum

1861 3372 2228 3439 multitudine,
2259 3375 2428 3431 fossas
2458 3379 2511 3432 in
2556 3380 2777 3436 circuitu
2823 3384 3056 3441 basilica:
3087 3389 3201 3444 lieri
3240 3391 3429 3460 jussit,

1859 3478 1926 3517 ne
1954 3464 2087 3518 forte
2133 3467 2267 3535 togis
2296 3466 2456 3539 [Ed.,
2489 3469 2641 3542 locis]
2671 3475 2890 3527 occultis
2932 3476 3163 3546 lympha:
3191 3479 3426 3537 deduce-

1859 3566 2045 3608 rentur
2075 3556 2127 3609 iu
2154 3556 2369 3611 fontem.
2405 3557 2743 3630 Fueruutque
2771 3562 2927 3618 fossas
2972 3566 3023 3620 in
3053 3567 3313 3635 profundo
3343 3572 3423 3624 vi-

1858 3659 2047 3699 cenum
2090 3648 2306 3714 quinum
2338 3649 2553 3717 pedum,
2588 3652 2640 3705 iti
2672 3653 2951 3710 latitudine
2979 3671 3106 3711 vero
3134 3660 3426 3727 quindece-

1859 3753 2006 3789 num.
2036 3736 2140 3791 Sed
2173 3739 2301 3792 nihil
2341 3739 2577 3795 abditum
2612 3745 2780 3810 potuit
2807 3746 3048 3812 reperiri.
3080 3746 3276 3802 Tamen
3309 3750 3428 3805 vita:

1860 3828 2015 3881 tinem
2049 3827 2270 3892 faciens,
2303 3839 2357 3884 et
2384 3832 2547 3885 credo
2572 3849 2668 3902 pro
2700 3835 2855 3903 hujus
2880 3837 3238 3907 inquisitionis
3265 3850 3427 3896 teme-

1857 3918 2034 3982 ritate,
2058 3920 2179 3971 anni
2210 3923 2481 3988 sequentis
2510 3923 2649 3978 diem
2680 3942 2785 3996 quo
2811 3927 2912 3983 hoc
2940 3931 3249 4001 mysterium
3281 3935 3426 3989 cele-

1858 4009 2113 4063 brabatur
2145 4011 2325 4065 videre
2356 4027 2460 4067 nou
2491 4019 2705 4081 meruit,
2728 4035 2793 4073 eo
2816 4021 2955 4087 quod
2982 4036 3233 4079 arcanum
3260 4026 3425 4083 virtu-

1860 4104 1926 4155 tis
1953 4102 2145 4156 divina:
2194 4104 2509 4173 investigare
2552 4112 2907 4180 praesumpsit.
2940 4113 3210 4172 Habentur
3247 4128 3425 4179 autem

1857 4194 1910 4250 in
1940 4211 2000 4249 ea
2035 4196 2265 4266 reliquiae
2293 4200 2459 4253 sancti
2488 4188 2740 4270 Stephani
2774 4205 2965 4260 levitas.

2409 4313 2635 4369 CAPUT
2674 4316 2860 4372 XXVI.

1860 4418 1937 4475 De
1960 4422 2052 4476 illo
2076 4423 2162 4493 qui
2192 4431 2393 4492 propter
2419 4436 2756 4549 pergam???
2782 4428 2973 4496 furtum
2998 4433 3213 4501 nequivit
3239 4451 3436 4504 aquam»

1931 4590 2069 4659 Ergo
2106 4593 2223 4660 quia
2258 4594 2372 4648 fons
2400 4595 2488 4650 ille
2516 4597 2695 4653 divino
2723 4608 2872 4667 nutu,
2897 4612 2955 4656 ut
2980 4617 3139 4673 supra
3168 4607 3417 4674 diximus,

1854 4768 2190 4848 censebatur,
2204 4768 2362 4848 hodie
2386 4773 2681 4848 Andalusia.
2704 4779 2852 4848 regni
2874 4790 3049 4848 caput.
3071 4782 3282 4839 Similes
3302 4783 3420 4839 fon-

1856 4847 1933 4891 tes
1963 4835 2222 4913 itipalliis
2267 4843 2613 4909 habebantur,
2649 4835 2808 4913 infra,
2835 4835 3408 4910 [inde—Gloriatu“.

1852 4923 1970 4974 Cap.
2000 4909 2086 4961 (i9.

1923 4977 1948 5013 (ι
1985 4978 2134 5058 _Viget
2177 4980 2479 5039 etiamnunc
2512 4999 2584 5058 ea
2630 4989 2982 5055 consuetudo,
3028 5007 3209 5058 quam,
3256 5001 3313 5047 ut
3353 5009 3433 5053 ex,

1853 5047 1952 5128 hoc
1971 5049 2100 5128 loco
2129 5062 2301 5128 patet,
2332 5068 2360 5105 a
2391 5056 2626 5128 patribus
2656 5060 2849 5111 nostris
2878 5047 3414 5128 accepimus,'aquain

1854 5120 1905 5194 in
1935 5118 2108 5194 vigilia
2143 5120 2359 5175 Pascha:
2386 5118 2721 5180 sacerdotum
2755 5118 3019 5194 precihus'
3040 5118 3434 5193 sanctiﬁcatum.

1854 5189 1902 5240 in
1932 5188 2117 5241 domos
2148 5194 2448 5258 reportandi
2474 5196 2537 5245 ad
2568 5188 2801 5250 tutante”
2830 5198 3084 5252 adversus
3122 5188 3419 5260 diabolicos

1853 5262 2114 5341 iiicnrsus,
2142 5272 2195 5341 et
2220 5261 2283 5313 ad
2313 5278 2588 5341 aereas-unm
2619 5275 2929 5341 potestatum
2961 5269 3177 5341 insidias
3204 5276 3417 5341 abigen-

1850 5329 1965 5381 das.
1990 5329 2120 5403 ‘\_’id_e
2142 5330 2309 5403 Vitam
2326 5335 2491 5403 sancti
2514 5329 2726 5388 CteSarii
2754 5335 2939 5399 episc.,
2970 5337 3061 5392 lib.
3086 5356 3142 5403 u,
3161 5329 3415 5398 nuniftZ).

1930 5408 1954 5434 ε
1982 5398 2112 5453 Cod.
2168 5401 2295 5453 Bell.
2348 5402 2691 5469 Teodegisilis.
2721 5398 3070 5461 Terudisculus
3117 5398 3184 5462 ali
3215 5413 3425 5469 lsidom.

1855 5470 2149 5535 appellatur
2177 5487 2279 5523 tera
2314 5471 2436 5523 586.
2467 5472 2570 5524 S~-d
2600 5474 2688 5527 ille
2721 5486 2840 5541 post
2878 5478 3030 5530 unius
3059 5479 3180 5532 anni
3226 5494 3278 5536 et
3322 5485 3416 5537 ali-

1852 5547 1998 5611 gnob
2011 5542 2268 5594 mensium
2292 5558 2508 5610 regnum
2531 5546 2669 5611 apud
2701 5545 2950 5611 llispalim
2976 5549 3285 5608 interfectus
3311 5564 3413 5609 est.

1855 5608 1949 5687 [lic
1978 5608 2222 5687 fortasse
2246 5608 2840 5687 designatnrjl‘heudtx,
2887 5632 2987 5687 seu
3029 5617 3294 5687 Thetidis,
3326 5608 3421 5681 aut

1849 5677 2112 5743 Tltcodas,

1852 5750 2041 5805 tenuit.

2136 5681 2368 5751 quiante
2392 5683 2432 5738 Τ
2437 5685 2762 5741 heudisclum
2789 5686 2942 5740 anuis
2969 5686 3080 5744 fere
3100 5689 3163 5745 47
3191 5681 3413 5764 regnum
3456 5773 3462 5780 .
