4020 6194
559 280 660 333 727

1578 279 1636 335 S.
1680 276 2008 334 GREGORII
2050 272 2351 333 EPISCOPI
2394 271 2826 336 TDRONENSIS

3722 273 3843 326 728

553 393 617 445 ad
648 392 879 450 officium
911 390 1212 460 baptizandi
1240 391 1510 461 repletur;
1538 401 1591 445 et
1609 393 1733 461 quia
1757 404 1876 446 cum
1894 391 2127 460 comple-
2159 398 2201 451 Α
2232 393 2509 460 memoria,
2542 408 2699 463 quam
2731 393 2831 448 sibi
2882 393 2999 462 ipse
3036 395 3185 462 prius
3233 393 3615 459 fabricaverat,
3664 400 3722 444 et
3768 391 3831 443 in

555 494 638 538 tus
669 483 861 550 fuerit,
903 484 1054 538 avide
1090 499 1154 538 ex
1205 484 1305 538 hoc
1356 486 1579 554 populus
1628 486 1842 541 haurire
1892 485 2125 550 festinat,

551 572 765 637 quidam
794 583 1014 643 accepto
1041 572 1279 639 vasculo,
1311 576 1625 645 presbytero
1653 575 1744 644 qui
1776 578 1913 629 hanc
1935 591 2125 646 aquam

552 664 892 724 iuiniStrsbat
938 667 1173 733 porrexit
1230 667 1296 721 ad
1351 667 1749 734 complendum.
1799 667 1950 734 Quod
2001 669 2125 722 dum

551 755 786 821 complet
813 755 995 809 senior
1013 796 1029 820 ,
1056 755 1143 809 hic
1169 757 1307 811 inter
1335 759 1752 826 comprimentes
1776 759 1958 812 turbas
2012 774 2125 811 ma-

552 857 680 897 num
709 843 927 900 alterius
954 846 1192 900 extendit
1220 846 1284 901 ad
1316 846 1572 911 balteum,
1603 846 1939 916 cultrumque
1982 846 2113 900 fura-

554 942 637 989 tus
665 942 748 988 est
790 951 939 1005 :quo
971 936 1154 1007 vagina
1202 938 1497 1002 recondito,
1541 953 1729 992 manus
1774 938 2012 994 extendit
2060 938 2125 992 ad

551 1024 913 1094 accipiendam
947 1026 1210 1098 hydriam,
1237 1044 1395 1098 quam
1449 1029 1741 1083 tradiderat
1787 1030 2123 1101 presbytero.

552 1114 663 1180 Otia
694 1128 930 1185 accepta,
961 1132 1170 1173 amoms
1201 1121 1252 1172 in
1301 1130 1503 1188 partem
1535 1122 1717 1189 aliam,
1765 1138 1935 1193 neque
1964 1138 2125 1179 unam

551 1214 753 1274 guttam
783 1223 934 1277 aqua:
978 1210 1029 1264 in
1061 1225 1123 1265 ea
1165 1212 1336 1280 putuit
1377 1213 1634 1280 reperire.
1680 1213 1831 1267 Tunc
1874 1214 2131 1270 confusus

552 1294 715 1371 749
741 1300 914 1365 Valde,
941 1304 1005 1356 et‘
1024 1299 1124 1357 sibi
1154 1302 1223 1355 ob
1249 1303 1368 1357 furti
1394 1318 1608 1357 causam
1638 1304 1739 1358 hoc
1767 1306 2011 1361 evenisse
2037 1323 2129 1362 co-

552 1402 833 1458 gnoscens,
864 1391 1060 1447 homini
1089 1394 1341 1461 cultrum,
1374 1409 1530 1463 quem
1561 1394 1764 1450 furatus
1786 1394 1977 1464 fuerat,
2006 1399 2129 1454 red-

552 1479 796 1547 didit;et
831 1484 1128 1540 sic’iterum
1161 1496 1404 1554 porrecta
1457 1487 1661 1557 Iagcna,
1712 1489 1923 1558 plenam
1973 1506 2126 1560 aqua:

552 1575 775 1643 recepit.
811 1574 905 1628 Est
931 1575 1072 1629 enim
1102 1576 1327 1645 populiis
1360 1576 1446 1630 ille
1477 1577 1780 1647 haereticus,
1808 1581 1898 1649 qui
1941 1581 2129 1637 videns

553 1663 667 1718 haec
698 1665 979 1733 magualia,
1013 1680 1116 1719 non
1146 1667 1518 1736 compuugitur
1544 1668 1611 1721 ad
1651 1669 2000 1738 credendum,
2030 1674 2124 1727 sed

552 1766 764 1823 semper
791 1756 981 1812 callide
1010 1756 1310 1812 divinarum
1343 1760 1762 1828 praeceptionum
1792 1774 2126 1819 sacramenta
2162 1760 2223 1819 Br

552 1846 889 1915 nequissimis
949 1846 1443 1914 interpretationum
1516 1846 1962 1919 garrulationibus
2019 1871 2124 1912 non

553 1938 745 1991 desinit
777 1939 1087 2009 impugnare
1116 1956 1130 1993 :
1162 1940 1254 1995 sed
1286 1941 1451 1997 virtus
1480 1943 1689 1999 Domini
1718 1945 1984 2002 diversam
2009 1964 2129 2018 par-

556 2040 660 2085 tem
690 2031 918 2087 destruit
944 2042 999 2089 et
1028 2033 1327 2089 confundit.

1107 2149 1335 2208 CAPUT
1386 2152 1598 2208 XXVII.

698 2258 773 2313 De
808 2263 1055 2331 martyrio
1089 2260 1271 2316 Jacobi
1297 2265 1514 2334 apostoli
1543 2266 1721 2336 fratris
1757 2265 1987 2322 Domini.

622 2371 850 2427 Iacobus
869 2381 899 2410 ι
922 2375 1193 2442 apostolus
1220 2374 1343 2444 (An.
1372 2376 1433 2429 61
1467 2378 1543 2429 vel
1570 2375 1660 2443 62,
1696 2377 1719 2431 1
1759 2377 1931 2449 Maii),
1960 2380 2046 2450 qui
2080 2390 2134 2436 et

555 2466 721 2520 frater
765 2467 970 2521 Domini
998 2468 1261 2521 vocitatus
1304 2477 1415 2533 est,
1446 2469 1512 2523 ab
1544 2469 1658 2538 ipso
1688 2468 1911 2526 Domino
1949 2482 2133 2527 nostro

552 2556 682 2612 Jesu
708 2555 931 2614 Clirism'
946 2559 1224 2628 episwpus
1245 2558 1441 2614 dicitur
1461 2559 1736 2616 ordinatus
1748 2560 1800 2617 δ.
1831 2560 1961 2619 Post
1982 2565 2132 2635 cujus

554 2648 853 2716 gloriosam
879 2650 1290 2718 A‘scensionem,
1333 2650 1459 2705 dum
1496 2652 1634 2705 viam
1670 2650 1891 2721 justitite
1936 2654 2133 2710 Judaeis

554 2741 856 2794 errantibus
878 2742 1088 2809 aperire
1117 2751 1361 2805 conatur,
1394 2738 1460 2797 de
1486 2744 1645 2812 pinna
1677 2741 1857 2813 templl
1889 2746 2136 2814 prtecipi-

558 2838 720 2895 tat‘us,
744 2832 999 2898 allidltur,
1031 2832 1310 2904 effusoque
1338 2834 1553 2888 fullonis
1584 2836 1719 2889 fuste
1750 2836 1996 2900 cerebro,
2021 2837 2131 2904 spi-

562 2926 723 2978 ritum
748 2924 979 2979 reddidit
995 2935 1040 2992 ε,
1068 2926 1411 2996 sepultusque
1432 2934 1515 2981 est
1534 2927 1789 2983 in‘monte
1812 2926 2063 2993 Olivetid,
2082 2928 2131 2983 in

634 3094 660 3123 ι
703 3085 853 3139 Persi
888 3085 989 3139 hoc
1017 3095 1175 3153 caput
1206 3087 1254 3139 in
1285 3097 1511 3152 utroque
1539 3088 1658 3141 cod.
1688 3088 1920 3143 Clarum.

2227 499 2328 554 qua
2354 485 2666 540 Zachariam
2691 502 2753 540 ac
2776 486 3081 542 Simeonem
3099 498 3122 524 ο
3150 488 3459 559 sepelierat.
3491 486 3620 541 Ilaec
3640 485 3714 541 de
3733 483 3841 541 Ja-

2226 577 2361 629 cobo
2389 579 2652 646 apostolo.

2772 667 3000 725 CAPUT
3040 668 3275 726 XXVIII.

2644 776 2724 835 De
2758 790 2935 835 sancto
2965 778 3122 834 Petro
3148 781 3401 850 apostolo.

2281 885 2441 958 750
2456 887 2953 959 Petrusfapostolus
2966 891 3086 959 (An.
3103 892 3190 957 66,
3204 891 3457 963 291nm).
3470 893 3541 949 ob
3552 894 3831 949 humilita-

2227 988 2333 1034 tem
2363 980 2680 1048 docendam,
2704 992 2864 1051 caput
2894 984 3122 1052 desuper
3148 981 3356 1039 tonderi
3401 986 3631 1040 instituit
3652 995 3704 1049 8,
3732 987 3833 1055 qui

2228 1071 2297 1127 ab
2347 1072 2603 1141 apostolis
2659 1074 2869 1128 caneris
2926 1075 3208 1144 episcopus
3269 1076 3588 1147 ordinatus,
3634 1078 3830 1134 Romae

2227 1165 2537 1220 cathedram
2581 1165 2793 1220 locavit.
2836 1166 3001 1235 Cujus
3031 1168 3273 1223 oratione
3300 1168 3395 1223 et“
3439 1170 3607 1235 l’auli,
3639 1169 3819 1226 Simo-

2234 1258 2319 1311 nis
2351 1258 2485 1327 Magi
2508 1257 2772 1311 calliditas
2802 1258 2883 1310 vel
2923 1257 3130 1313 detecta
3172 1267 3250 1314 est
3272 1300 3297 1325 ,.
3312 1260 3394 1313 vel
3422 1260 3610 1315 obruta
3632 1259 3676 1313 ί.
3710 1260 3819 1315 Ex-

2231 1359 2375 1404 stant
2408 1350 2669 1419 hodieque
2696 1350 2834 1419 apud
2867 1351 3054 1405 urbem
3083 1351 3376 1406 Romanam
3405 1352 3526 1409 dure
3553 1354 3606 1408 in
3639 1354 3825 1423 lapide

2232 1442 2467 1511 fossulze,
2496 1458 2657 1510 super
2699 1458 2855 1510 quem
2886 1443 3022 1497 beati
3062 1444 3307 1511 apostoli,
3339 1444 3547 1500 deﬂexo
3579 1447 3814 1515 poplite,

2230 1534 2523 1588 orationem
2547 1545 2731 1588 contra
2749 1534 2917 1601 ipsum
2936 1534 3206 1590 Simonem
3224 1536 3429 1606 Magum
3446 1537 3512 1591 ad
3529 1537 3823 1593 Dominum

2230 1626 2549 1683 clitiderunt.
2579 1626 2635 1681 In
2662 1628 2854 1694 quibus
2892 1642 3013 1683 cum
3050 1628 3117 1682 de
3148 1629 3337 1697 pluviis
3376 1630 3606 1701 lymphae
3649 1630 3821 1685 colle-

2231 1732 2330 1775 ctaa
2374 1722 2587 1787 fuerint,
2620 1735 2648 1773 a
2679 1720 2933 1775 morbidis
2970 1729 3316 1789 expetuntur,
3347 1723 3654 1793 haustaque
3681 1740 3814 1778 mox

2233 1811 2515 1865 sanitatem
2548 1811 2806 1865 tribuunt.
2831 1810 3055 1866 Sanctus
3081 1826 3208 1865 vero
3231 1811 3421 1866 Petrus
3441 1815 3735 1881 apostolus,
3761 1821 3828 1869 ut

2234 1902 2436 1971 praefati
2482 1917 2698 1968 sumus,
2738 1918 2859 1957 cum
2910 1910 3029 1968 post
3077 1901 3375 1958 Neroniana
3417 1918 3479 1959 ac
3507 1903 3819 1960 Simoniaca

2232 1992 2371 2047 bella
2402 1993 2466 2046 ad
2493 2007 2707 2046 crucem
2740 1994 2995 2057 venisset,
3020 1993 3237 2060 impleto
3257 1993 3366 2061 jam
3412 1991 3583 2049 felicis
3622 1996 3816 2065 troprei

2233 2084 2544 2147 certamine,
2578 2083 2841 2153 resupinis
2886 2084 2952 2138 ad
2976 2084 3172 2140 calum
3210 2086 3454 2156 vestigiis
3490 2101 3550 2141 se
3587 2086 3820 2155 expedit

2235 2176 2497 2246 cruciligi,
2529 2177 2811 2248 indignum
2840 2192 2899 2232 se
2924 2177 3223 2233 vociferans
3251 2186 3311 2232 ut
3345 2178 3623 2233 Dominum
3651 2182 3816 2237 exal-

2235 2271 2365 2325 tarit
2403 2287 2416 2323 :
2447 2270 2628 2339 sicque
2649 2270 2884 2342 dirigens
2912 2272 3158 2340 spiritum
3183 2272 3417 2327 vivacem
3443 2273 3494 2327 in
3526 2283 3690 2339 astra,
3714 2288 3816 2331 se-

2235 2362 2417 2432 pultus
2462 2372 2547 2418 est
2590 2363 2644 2416 in
2674 2362 2895 2430 templo,
2948 2363 3089 2432 quod
3135 2364 3470 2418 recitabatur
3518 2366 3819 2435 antiquitus

2234 2453 2653 2518 Vaticanum},
2689 2463 2923 2524 quatuor
2964 2456 3179 2511 ordines
3235 2457 3601 2512 columnarum
3656 2459 3825 2515 valde

2236 2549 2625 2605 admirabilium
2654 2562 2879 2602 numero
2906 2549 3191 2620 nonaginta
3238 2565 3332 2605 sex
3376 2550 3594 2605 habens.
3643 2551 3827 2608 Habet

2236 2640 2395 2693 etiam
2444 2649 2673 2708 quatuor
2722 2641 2772 2692 in
2821 2640 2996 2705 altari,
3045 2653 3337 2710 qupsunt1
3369 2642 3527 2696 simul
3564 2654 3823 2709 centum,

2237 2738 2432 2798 praeter
2451 2730 2570 2783 illas
2590 2745 2708 2798 quas
2726 2730 2987 2784 cibarium
3013 2729 3032 2768 ι
3049 2731 3280 2799 sepulcri
3311 2741 3626 2787 sustentant.
3652 2734 3827 2807 751

2239 2820 2351 2875 Hoc
2391 2819 2533 2874 enim
2564 2819 2880 2889 sepulcrum.
2916 2820 3016 2874 sub
3057 2822 3213 2876 altari
3257 2822 3624 2879 collocatumnu
3654 2828 3829 2882 valde

2238 2926 2416 2967 rarum
2473 2910 2715 2965 habetur.
2765 2909 2877 2966 Sed.
2914 2912 3013 2982 qui
3045 2926 3203 2967 orare
3238 2912 3527 2981 desiderat,
3562 2920 3843 2973 reseratis

2241 3094 2399 3154 atque
2422 3100 2484 3139 ea
2507 3083 2786 3137 occasione
2816 3082 3017 3151 profert
3044 3084 3315 3154 egregium
3347 3086 3595 3141 Amalarii
3640 3089 3825 3145 locum

631 3152 661 3194 δ
686 3136 1073 3227 adsentatio}?
1086 3136 2135 3227 'vii,-Clirv.~o's—tomus—inadCorintli.,
2168 3136 2211 3197 (ἶ
2245 3136 2486 3209 lestaiiiis
2516 3136 2651 3227 hanc
2680 3136 3021 3220 sententiain,
3051 3136 3839 3227 q‘iitef’rtonsnr—ainfclericaler‘ri

560 3224 915 3297 Hieronymus
947 3226 1013 3297 in,
1043 3227 1206 3294 Epist.
1232 3230 1295 3280 ad
1326 3227 1519 3293 Galat.,
1554 3228 1771 3285 Proclus
1798 3229 1849 3283 in
1879 3240 2014 3286 orat.
2046 3224 2134 3297 9:2,

563 3295 726 3349 cl'alii
760 3307 967 3366 veteres
991 3296 1243 3350 Jacohum
1268 3298 1334 3350 ah
1365 3299 1477 3366 ipso
1505 3297 1716 3353 Christo
1742 3317 1755 3365 ;
1788 3300 1901 3364 alii,
1935 3312 1990 3355 ut
2010 3295 2134 3356 Cie;

560 3379 715 3436 mens
765 3365 1054 3430 Alexand,
1089 3368 1196 3420 imo
1222 3379 1275 3420 et
1325 3365 1436 3433 ipse
1487 3370 1747 3427 Eusebius
1796 3386 1897 3424 non
1947 3375 2135 3436 semel,

557 3435 911 3511 Hieronymus
954 3437 1194 3511 deViris
1243 3438 1556 3511 illustribus,
1607 3450 1736 3503 etc.,
1785 3442 1852 3494 ab
1882 3446 2140 3511 apostolis

559 3507 804 3579 eumdem
836 3507 1295 3579 .lerosolymitanaa
1333 3510 1589 3565 Ecclesia:
1628 3507 1931 3579 specialem'
1955 3528 2137 3568 curam

559 3578 861 3651 suscepisse
890 3578 1120 3651 tradunt.
1150 3580 1324 3651 Quod,
1349 3580 1569 3635 fortasse
1597 3596 1625 3634 a
1655 3578 1865 3645 Christo
1895 3582 2137 3651 deSigna-

558 3654 664 3717 tus,
712 3648 781 3700 ab
830 3649 1086 3717 apostolis
1124 3666 1251 3704 vero
1295 3650 1599 3705 declaratus
1646 3659 1701 3705 et
1749 3648 2137 3710 inthrouizams

558 3714 737 3793 fuerit.
770 3714 903 3773 Hinc
927 3720 1339 3793 forteilaminam
1368 3735 1603 3793 auream,
1628 3730 1684 3775 ut
1704 3722 1893 3776 scribit
1913 3724 2139 3793 Epipha-

559 3791 679 3841 nius
723 3789 1035 3861 haeres.29,
1067 3792 1119 3845 in
1148 3791 1321 3859 Capite
1362 3792 1623 3860 gestabat,
1654 3801 1893 3846 veterum
1925 3789 2135 3861 pontifi-

556 3874 675 3931 rum
704 3875 872 3915 more.
903 3860 998 3915 Hic
1025 3872 1199 3915 autem
1228 3862 1512 3930 Gregorius
1539 3863 1793 3917 Jacobum
1819 3860 2126 3931 episcopum

555 3929 623 3980 ab
646 3931 886 3999 apostolo
913 3946 1018 3984 non
1045 3929 1351 3999 distinguit,
1372 3946 1489 4000 qure
1508 3933 1716 3987 videtur
1741 3929 1863 3987 esse
1898 3929 2135 3988 comnm-

560 4000 679 4054 nior
704 4003 842 4069 apud
872 4012 1160 4057 vetereset
1188 4003 1822 4068 recentioressententia;
1846 4004 1932 4056 alii
1960 4016 2132 4059 tamen

556 4070 712 4124 aliter
757 4075 1013 4137 sentiunt,
1070 4088 1171 4139 qua
1223 4073 1291 4128 de
1346 4088 1403 4127 re
1450 4074 1659 4128 videndi
1709 4074 2036 4129 Iiollandiani
2068 4080 2132 4130 ad

557 4140 697 4193 diem
730 4145 751 4196 1
788 4142 949 4208 Maii,
999 4142 1369 4198 Tilleinoutius
1398 4144 1449 4198 in
1491 4145 1631 4199 notis
1659 4143 1725 4199 ad
1755 4143 1892 4198 Hist.
1924 4144 2128 4203 Eccles.

555 4219 752 4266 tomum
781 4213 821 4275 l,
856 4225 958 4268 etc.

630 4292 664 4363 ε.
696 4282 845 4366 Ejus.
867 4285 1174 4407 martz'rium
1202 4284 1459 4338 describit
1492 4284 1820 4367 Hegesi'ppus
1861 4285 1998 4353 apud
2027 4287 2134 4342 Eu-

630 4368 780 4407 num.
810 4355 903 4407 lih.
935 4370 969 4407 ιι
1022 4356 1136 4407 list.
1163 4356 1355 4407 eccles.
1387 4370 1503 4407 can.
1535 4356 1623 4407 2.).
1658 4356 1785 4407 \ide
1830 4364 1885 4407 et
1908 4355 2129 4407 .lusenh.

552 4351 780 4426 sebium.
810 4355 903 4408 lih.
935 4370 969 4407 ιι
1002 4351 1136 4409 Hist.
1163 4356 1355 4409 eccles.
1387 4370 1503 4422 cap.
1535 4351 1637 4426 2εόἈ
1658 4356 1785 4409 Vide
1830 4351 2129 4426 et'Juseph.

555 4422 649 4475 lih.
676 4439 745 4477 xx
775 4426 1027 4495 Antiquit.
1052 4440 1169 4496 cap.
1200 4426 1251 4481 8.
1275 4427 1413 4495 Lege
1439 4422 1579 4480 Acta
1593 4424 1880 4496 Martyrum
1900 4422 2130 4497 sincera,

576 4510 673 4548 tali.
706 4510 726 4545 1
765 4510 816 4547 et
837 4510 986 4548 seuit.

576 4510 615 4542 ia
660 4531 673 4543 .
706 4497 726 4545 1
765 4505 896 4549 etse
934 4514 986 4548 t.

553 4506 568 4561 Ι
692 4513 1034 4620 Commuqnior
1060 4577 1231 4621 tamen
1256 4577 1337 4621 est
1364 4567 1646 4632 sententia,
1673 4582 1793 4621 eum
1820 4567 1968 4635 juxta
1999 4580 2133 4623 tem-

555 4633 722 4699 plum,
753 4635 836 4685 ubi
862 4646 1078 4708 necatus
1111 4640 1300 4700 lue-rat,
1330 4640 1593 4703 sepultum
1625 4633 1983 4708 fuisse,'cujus
2015 4658 2130 4691 Ilttt-

555 4715 864 4756 numentum
887 4706 1059 4759 adhuc
1078 4721 1175 4760 suo
1200 4718 1436 4777 tempore
1459 4706 1996 4776 perseverasselradit
2013 4712 2134 4765 Ille-

617 4787 809 4829 nvmus
838 4787 986 4829 tesus
1010 4787 1268 4829 oculatus.

552 4786 809 4840 rouymus
838 4781 986 4830 testis
1010 4781 1268 4831 oculatus.

557 4915 570 4919 _
628 4852 651 4880 ⁸
681 4843 1003 4900 Zachariam
1034 4849 1200 4900 sancti
1228 4847 1446 4903 Joannis
1477 4849 1722 4916 Baptista:
1745 4863 1947 4919 patrem
1979 4853 2129 4906 multi

557 4915 932 4990 interemptum
951 4932 1079 4990 esse
1116 4919 1298 4973 volunt
1340 4919 1565 4975 Herodis
1602 4915 1757 4990 jussu
1780 4922 1915 4976 intra
1948 4926 2126 4990 templi

552 4984 719 5058 ipsius
740 4998 912 5055 septa.
944 4987 1208 5044 Sitneonis
1229 5004 1353 5044 vero
1374 4990 1541 5056 senis,
1568 4984 1653 5058 qui
1676 4988 1942 5048 Christum
1968 4996 2016 5045 iu
2047 4984 2124 5047 ul-

553 5056 637 5130 nis
664 5069 990 5127 susceperat,
1022 5059 1323 5127 sepulcrum
1350 5062 1401 5114 in
1431 5076 1565 5130 rupe
1586 5056 1786 5116 montis
1810 5063 2005 5118 Oliveti
2032 5078 2127 5117 ex-

554 5128 752 5183 stitisse
776 5138 999 5185 teStatur
1024 5130 1385 5184 Adamnanus.

630 5196 651 5234 ί
693 5199 806 5271 Iloc
826 5209 986 5271 caput
1014 5213 1066 5255 et
1089 5215 1316 5265 sequens
1341 5202 1531 5256 desunt
1559 5203 1609 5256 in
1634 5203 1753 5257 cod.
1780 5203 1931 5258 Colh.
1956 5213 2052 5256 tut.

627 5278 657 5315 Β
692 5270 948 5325 Tonsurae
976 5271 1236 5326 clericalis
1267 5272 1524 5340 originem
1574 5275 1731 5343 vulgo
1778 5275 1843 5328 ad
1884 5286 2123 5328 Sanctum

556 5338 766 5411 Petrum
795 5343 1029 5396 referunt
1060 5343 1216 5397 medii
1243 5344 1339 5396 aevi
1354 5338 1632 5407 auctores,
1666 5338 1816 5411 cujus
1848 5346 2126 5398 instituen-

552 5408 635 5480 da:
663 5410 791 5461 varii
823 5412 998 5465 varias
1022 5426 1211 5467 cauSas
1240 5412 1493 5468 referunt.
1540 5414 1668 5467 Vide
1711 5408 1927 5480 Bedam,
1972 5416 2063 5469 lih.
2096 5431 2126 5466 v

554 5477 693 5555 Ilist.
711 5480 868 5555 Angl.
896 5495 1014 5550 cap.
1037 5481 1126 5555 22.
1153 5484 1310 5555 Infra.
1335 5482 1492 5539 Vind.
1519 5500 1621 5538 non
1652 5486 1806 5539 habet
1835 5477 2123 5555 episcopus.

555 5576 626 5587 --
652 5548 1001 5605 ΗυιιοἸοοιιιιι
1029 5552 1095 5605 de
1119 5554 1349 5606 clericali
1373 5568 1567 5614 corona
1596 5555 1811 5609 minime
1833 5548 1948 5609 esse
1971 5548 2125 5609 intel-

556 5617 1122 5693 ligendumeontendit
1151 5624 1529 5684 'I‘liomassiuus
1562 5636 1711 5693 parte
1742 5643 1752 5677 ι
1784 5626 2000 5691 Discipl.
2032 5641 2123 5678 ec-

554 5688 811 5761 clesiasL,
838 5691 925 5744 lib.
956 5706 1014 5754 ιι,
1043 5706 1157 5761 cap.
1185 5693 1272 5753 37,
1307 5692 1400 5746 sed
1428 5693 1493 5745 de
1519 5688 1763 5747 ciuilibus
1787 5688 2121 5757 Christianis,

558 5760 648 5831 qui
679 5776 787 5832 prae
824 5761 1085 5817 modestia
1118 5762 1337 5833 capillos
1378 5761 1564 5819 breves
1592 5765 1800 5822 deferre
1830 5765 2081 5822 deberem
2108 5783 2129 5833 -,

2243 3228 2306 3279 ad
2339 3237 2580 3299 sanctum
2622 3226 2829 3278 Petrum
2863 3226 3391 3299 revocat,gn0nadeo
3427 3241 3556 3299 esse,
3572 3242 3777 3285 certam
3806 3273 3827 3299 ,

2241 3308 2297 3350 ut
2345 3299 2439 3365 ipsi
2490 3296 2770 3349 adhmrere
2815 3308 3030 3349 necesse
3070 3296 3157 3350 sit.
3195 3298 3320 3350 Vide
3364 3308 3516 3350 notas
3545 3298 3594 3351 in
3645 3296 3831 3357 Vitatis

2240 3369 2408 3421 Sancti
2437 3367 2648 3428 Nicetii,
2676 3369 2741 3419 in
2760 3366 2852 3420 lib.
2882 3367 2949 3419 de
2983 3366 3112 3420 Vitis
3135 3368 3347 3420 Patrum
3376 3383 3494 3436 cap.
3523 3370 3607 3422 I7.

2310 3436 2338 3473 ιι
2379 3441 2531 3499 lllss.,
2561 3439 2659 3503 νει,
2684 3438 2825 3507 quod
2856 3437 3072 3503 perinde
3088 3446 3195 3507 est.
3231 3437 3428 3491 Eodem
3452 3452 3631 3502 sensu,
3659 3440 3839 3507 infra,

2238 3511 2314 3561 vel
2345 3510 2537 3561 detecta
2576 3521 2644 3560 cst
2676 3506 2751 3559 vel
2790 3507 2985 3573 obruta,
3031 3506 3091 3561 id
3128 3523 3208 3562 ρει
3236 3520 3282 3560 et
3330 3509 3522 3562 detecta
3552 3520 3615 3575 et,
3660 3524 3714 3566 et
3740 3506 3831 3570 sic

2275 3594 2455 3633 assmt.

2239 3595 2633 3713 pasimiiictoria,
2660 3660 2815 3715 quam
2863 3648 2915 3699 in
2957 3646 3228 3703 Simonem
3279 3649 3482 3717 Magum
3530 3652 3837 3711 rutulemne

2237 3720 2481 3792 apostoli,
2514 3728 2593 3772 tot
2635 3729 2941 3792 sanctorum
2986 3718 3202 3792 Patrum
3256 3720 3569 3792 testimoniis
3616 3738 3819 3792 appro-

2237 3788 2357 3846 bata
2415 3800 2515 3856 est,
2570 3799 2625 3841 ut
2663 3788 2862 3856 absque
2914 3788 3211 3843 temeritate
3267 3789 3412 3855 rejici
3462 3808 3564 3843 non
3617 3788 3827 3858 poSsit,

2237 3874 2540 3934 quanquam
2574 3859 2810 3934 historiae
2837 3860 3113 3934 veritatem
3144 3862 3378 3934 nonnulli
3418 3869 3665 3917 aut-tores
3693 3880 3830 3934 apo-

2238 3928 2455 4001 Ct'ypills
2478 3928 2869 3985 narrationibus
2892 3928 2945 3983 in
2966 3929 3169 4000 aliquot
3188 3932 3599 3987 circumstantiis
3624 3928 3827 3989 obscu—

2238 4003 2423 4057 rariut.

2310 4074 2324 4122 i
2376 4070 2625 4126 Eamdem
2650 4069 2912 4139 rationem
2941 4069 3170 4125 all'erunt
3201 4073 3508 4125 Ambrosius
3539 4074 3589 4126 in
3623 4076 3822 4139 psalm.

2234 4160 2421 4210 cxvm,
2452 4143 2796 4216 Augustinus,
2827 4136 3202 4216 Theodoritus,
3236 4158 3340 4196 etc.
3379 4144 3482 4197 Alii
3516 4136 3646 4197 atlas
3682 4145 3827 4216 adji-

2236 4216 2403 4283 ciunt,
2430 4222 2559 4283 qua‘s
2587 4210 2752 4265 fusius
2780 4213 3025 4280 prosequi
3054 4227 3157 4265 non
3183 4223 3352 4265 vacat.

2306 4282 2333 4321 κ
2373 4282 2745 4350 Aposwlorum
2822 4292 3036 4350 tropea,
3096 4291 3154 4336 ut
3206 4283 3440 4351 loquitur
3488 4287 3646 4338 (‘aius
3675 4288 3825 4350 apud

2237 4355 2541 4421 Eusebium,
2578 4353 2671 4407 lib.
2704 4369 2739 4408 ιι
2766 4353 2901 4407 Hist.
2942 4367 3059 4420 cap.
3084 4353 3175 4419 95,
3212 4353 3322 4422 jam
3357 4356 3533 4409 smculi
3576 4372 3631 4409 ιιι
3665 4358 3826 4411 initio

2233 4425 2461 4479 celebria
2484 4434 2633 4477 erant
2657 4424 2863 4489 Romai,
2885 4426 3023 4492 apud
3049 4423 3354 4478 Vaticanum
3376 4437 3429 4479 et
3454 4430 3535 4479 via
3557 4428 3823 4492 Ostiensi,

2158 4512 2209 4570 υ
2236 4495 2284 4570 id
2315 4506 2395 4570 est
2421 4497 2471 4548 in
2501 4496 2564 4570 iis
2594 4495 2720 4562 ipsis
2750 4495 2879 4570 locis
2899 4496 2988 4570 ubi
3021 4494 3282 4570 hodieque
3312 4511 3495 4570 eorum
3527 4512 3696 4550 sacra:
3722 4514 3812 4553 re-

2236 4567 2414 4634 liquiae
2438 4564 2708 4619 coluntur.
2761 4565 2967 4618 Etenim
2998 4567 3269 4633 utriusque
3297 4568 3467 4619 media
3498 4582 3619 4633 pars
3646 4571 3695 4619 in
3729 4584 3825 4622 ec-

2236 4638 2398 4689 clesia
2426 4636 2707 4701 Vaticana,
2739 4636 2905 4688 altera
2934 4652 3061 4689 vero
3088 4636 3343 4689 medietas
3371 4637 3421 4689 in
3453 4638 3664 4691 basilica
3688 4653 3821 4692 san-

2235 4707 2307 4760 cti
2337 4705 2511 4771 Pauli,
2540 4722 2657 4774 qua:
2688 4704 2897 4759 ahbutia
2923 4719 3001 4759 est
3029 4708 3232 4760 ordinis
3260 4707 3607 4771 Benedictiui,
3634 4722 3818 4763 asser-

2234 4788 2450 4843 vantur,
2482 4791 2631 4831 sacra
2666 4791 2791 4830 vero
2820 4790 3005 4831 eorum
3037 4778 3211 4845 capita
3240 4778 3295 4830 in
3342 4776 3556 4832 basilica
3597 4778 3823 4831 Lateru-

2235 4862 2407 4902 1161151.

2312 4917 2324 4954 ¹
2371 4917 2639 4971 Ciborinm
2685 4928 2763 4969 est
2810 4916 3028 4970 :rdicula
3071 4916 3293 4981 turrita,
3336 4918 3400 4969 ad
3445 4919 3651 4970 modum
3691 4934 3812 4971 um-

2231 4988 2457 5054 braculi,
2487 4990 2684 5056 aliquot
2705 4987 2967 5041 columnis
2998 4988 3297 5057 inuisa,ad
3328 4990 3607 5057 tegendum
3634 4988 3822 5045 altare

2230 5075 2323 5113 seu
2365 5058 2587 5126 alicujus
2615 5059 2782 5112 sancti
2833 5057 3154 5129 sepulcrum.
3189 5056 3318 5111 Vidn
3364 5056 3565 5129 Lituig.
3611 5060 3813 5114 Gallic.

2231 5130 2496 5183 Mahillou.
2530 5130 2621 5183 lib.
2650 5144 2685 5191 l,
2714 5144 2830 5193 cap.
2863 5127 2919 5193 8,
2950 5144 3001 5180 ιι.
3032 5129 3084 5183 8.

2301 5210 2341 5236 ω
2387 5200 2562 5261 νημαι..
2592 5200 2733 5252 valde
2759 5208 2942 5250 ratum.
2964 5200 3223 5268 Antiquos
3252 5208 3334 5252 est
3355 5214 3470 5255 mos
3494 5200 3545 5253 in
3574 5200 3813 5258 Ecclesia

2230 5282 2474 5339 receptus
2504 5278 2804 5323 sanctorum
2834 5268 3085 5336 reliquias
3116 5271 3166 5321 in
3196 5271 3395 5338 cryptis
3440 5273 3811 5327 subterraneis

2232 5343 2415 5395 subtus
2452 5342 2620 5393 altare
2646 5339 2962 5403 cotlocantli,
2997 5340 3084 5390 ubi
3115 5354 3416 5393 sanetorum
3449 5344 3809 5398 celebriorum

2227 5414 2471 5478 Sepulcm
2508 5414 2558 5463 iu
2590 5410 2823 5480 antiquis
2870 5409 3102 5463 basilicis
3140 5413 3298 5463 etiam
3356 5426 3495 5464 nunc
3546 5414 3809 5467 visuntur.

2230 5483 2363 5535 Ilinc
2392 5482 2720 5534 consuetudo
2752 5482 2981 5532 manavit
3010 5480 3194 5531 altaria
3230 5481 3468 5550 erigeudi
3510 5497 3669 5547 super
3714 5493 3807 5536 tu-

2229 5556 2400 5606 mulos
2430 5554 2662 5605 virorum
2696 5552 2922 5618 piorum,
2952 5563 3086 5617 quos
3109 5554 3340 5619 episcopi
3372 5566 3467 5615 pro
3492 5550 3691 5604 sanctis
3714 5552 3813 5605 ha-

2229 5625 2342 5677 beri
2378 5625 2644 5683 volebant,
2687 5619 2874 5689 bicque
2903 5629 3016 5672 erat
3043 5619 3170 5672 olim
3204 5630 3416 5673 sanctos
3453 5623 3809 5679 canouizandi

2230 5696 2380 5747 ritus.
2414 5693 2679 5757 Reliquias
2722 5699 3025 5744 sanctorum
3059 5689 3110 5741 iu
3142 5690 3448 5761 ιιειριιειιξιίο
3477 5706 3505 5742 a
3552 5706 3608 5745 se
3640 5694 3811 5761 depo-

2229 5768 2357 5819 s.tas
2386 5772 2643 5819 memorat
2667 5763 2778 5832 ipse
2826 5761 3111 5832 Gregorius
3140 5762 3229 5816 lih.
3261 5777 3291 5814 ιι
3326 5760 3463 5816 ιιιδι.
3504 5776 3605 5835 cap
3662 5760 3759 5817 ult.
3786 5782 3809 5831 ι
