4020 6194
233 244 351 300 ’δεῖν

1079 235 1578 295 ιιιιιιιειιιιοιιιιιι
1617 233 1746 289 LIB.
1786 231 1827 287 l.
1868 232 1956 288 DE
1992 233 2246 291 διοιιιλ
2285 233 2691 292 MARTYRUM.

3395 241 3499 296 730

228 369 499 428 cancellis
528 369 719 439 quibus
745 367 889 423 locus
918 367 1006 422 ille
1031 365 1280 429 ambitur,
1313 363 1517 419 accedit
1550 375 1710 427 super
1729 373 1814 414 se-
1840 357 1892 418 Α
1914 358 2158 425 (tuendae,
2191 369 2417 426 pararet,
2448 371 2663 428 semper
2696 359 2873 415 aiebat
2906 377 2919 412 :
2954 357 3264 416 Beatissime
3309 361 3493 428 Paule,

231 462 484 532 pulcrum
503 468 528 527 ς’
544 468 599 513 et
622 472 700 513 Slc
728 456 998 513 lettestella
1028 456 1242 525 prvula
1265 453 1548 524 patefacta,
1577 451 1824 504 immisso
1919 459 2035 504 esto
2057 451 2266 523 adjutar
2283 463 2452 506 meus.
2483 453 2718 520 Denique
2742 451 2991 520 expedita
3007 453 3116 522 jam
3135 455 3348 523 laqueo,
3373 473 3495 511 cum
3567 495 3574 504 .

231 552 534 606 introrsum
575 549 779 617 capite,
811 561 929 616 qua:
969 546 1260 601 necessitas
1305 546 1500 610 promit
1538 540 1811 610 efﬂagitat.

230 644 353 699 Nec
383 651 624 696 mat-amr
650 639 890 706 elfeetus,
921 638 968 691 si
1002 635 1271 707 petitionis
1301 644 1500 689 tantum
1527 633 1667 701 justa
1695 645 1817 698 pro-

231 736 447 791 feratur
473 733 664 788 oratio.
711 729 862 798 Quod
901 730 946 783 si
986 729 1140 782 beata
1184 726 1394 783 auferre
1431 724 1699 780 desiderat
1736 720 1820 790 pi-

228 846 432 902 gnara,
465 827 738 896 palliolum
765 834 794 864 ι
819 824 1029 896 aliquod
1061 832 1396 878 momentana
1447 820 1537 893 [Id
1566 827 1661 882 εει,
1707 825 1819 871 διδ-ν

229 920 377 993 tera]
409 931 688 991 pensatum
719 918 844 973 "acit
888 917 1235 981 intrinsecus,
1264 911 1456 969 deinde
1493 911 1712 978 vigilans
1751 921 1819 962 ac

225 1004 506 1084 ieiunans,
547 1011 888 1067 devotissime
919 1009 1268 1076 deprecatur,
1313 1014 1370 1059 ut
1397 1002 1662 1059 devoiion‘i
1704 1013 1815 1055 suae

227 1111 408 1161 virzus
449 1103 736 1175 apostolica
777 1099 1114 1170 sum-agetur.
1153 1099 1341 1154 Mirum
1386 1096 1565 1151 dictu!
1598 1097 1640 1149 si
1684 1092 1819 1148 ﬁdes

232 1196 476 1251 hominis
522 1192 894 1262 praeminet-it,
928 1205 962 1244 a-
1008 1190 1208 1244 tumulo
1253 1187 1521 1258 palliolum
1551 1186 1813 1239 elevatum

228 1289 312 1343 ita
356 1287 610 1342 imbuitur
639 1285 815 1338 divina
857 1284 1070 1345 virtute,
1104 1291 1162 1336 ut
1199 1283 1364 1335 multa
1405 1279 1633 1346 amplius
1655 1291 1812 1347 quam

227 1380 390 1450 prius
417 1387 731 1448 pensavetat
758 1383 1045 1444 panderet;
1077 1381 1131 1429 et
1152 1383 1284 1427 tunc
1302 1372 1406 1426 scit”
1421 1371 1509 1440 qui
1534 1370 1816 1433 levavertt,

226 1487 368 1527 cutu'
389 1471 504 1539 ejus
531 1470 700 1538 gratia
733 1468 1034 1538 sumpsisse
1054 1465 1196 1536 quod
1220 1463 1386 1534 petiit.
1417 1461 1564 1520 Multi
1591 1461 1731 1517 enim
1760 1469 1815 1516 et

229 1562 417 1617 claves
445 1575 636 1615 aureas
662 1558 727 1613 ad
759 1557 1087 1614 reserandas-
1110 1555 1375 1612 cancellos
1415 1554 1555 1608 beati
1584 1551 1818 1621 sepulcri

226 1653 601 1722 faciunt,.qui'
641 1650 875 1706 ferentes
903 1647 1398 1718 pra'benedictiane
1426 1647 1631 1715 priores
1669 1641 1812 1698 adci-

226 1747 406 1816 piunt,
442 1744 636 1814 quibus
687 1742 981 1799 inﬁrmitati
1045 1741 1412 1796 tribulatarum
1473 1738 1803 1794 medeantur.
1837 1723 1887 1784 Β

223 1837 420 1893 Omnia
446 1838 586 1891 enim
610 1835 738 1890 fides
763 1836 973 1901 integra
994 1840 1232 1904 praestat.
1263 1831 1402 1888 Sunt
1430 1831 1502 1887 ibi
1527 1840 1581 1886 et
1603 1831 1804 1884 calum.

225 1941 313 1984 nae
353 1929 503 1983 inirte
528 1926 803 1998 elegantias
835 1925 1074 1981 candore
1103 1926 1279 1990 nivea,
1314 1934 1541 1995 quatuor
1563 1937 1810 1989 numera,

225 2035 350 2090 qua:
377 2019 636 2074 cibarium
664 2017 897 2088 sepulcri
925 2016 1193 2071 sustinere
1222 2017 1488 2072 dicuntur.

794 2126 1031 2186 CAPUT
1057 2127 1248 2185 XXIX.

737 2245 815 2299 De
844 2244 1011 2300 Paulo
1033 2246 1297 2316 apostolo.

301 2358 536 2416 Paulqu
564 2375 695 2414 vero
716 2358 988 2428 apostolus
1011 2359 1138 2430 (An.
1163 2355 1254 2424 66,
1280 2355 1350 2411 29
1376 2355 1552 2428 Jun.),
1582 2366 1708 2425 post.
1725 2372 1811 2412 re-

227 2454 474 2508 volutum
499 2450 622 2505 anni
648 2449 932 2513 circulum,
957 2447 1074 2517 ipsa
1111 2447 1197 2502 die
1244 2462 1346 2517 qua
1379 2446 1568 2501 Petrus
1594 2454 1810 2514 aposto-

226 2547 316 2602 lus
346 2559 535 2615 passus
561 2550 664 2608 est,
690 2541 830 2612 apud
860 2541 1048 2596 urbem
1071 2537 1498 2608 Romatngladio
1526 2551 1811 2607 percussus

226 2637 502 2694 occubuit.
522 2636 562 2691 E
576 2635 735 2704 cujus
753 2649 909 2690 sacra
932 2647 1158 2702 corpore
1185 2632 1268 2686 lac
1285 2643 1305 2670 ο
1327 2631 1551 2687 deﬂuxit
1571 2640 1628 2687 et
1647 2645 1805 2698 aqua.

226 2727 339 2784 Nec
369 2726 562 2781 mirum
585 2726 629 2780 si
655 2725 734 2780 lac
755 2725 868 2795 ejus
897 2728 1129 2778 manavit
1153 2738 1217 2778 ex
1241 2737 1485 2792 corpore,
1509 2724 1597 2792 qui
1622 2731 1812 2792 gentes

225 2819 530 2875 incredulas
553 2817 716 2889 7-52
739 2823 794 2870 et
817 2814 1096 2883 parturivit
1115 2825 1170 2868 et
1185 2815 1415 2882 peperit,
1462 2828 1526 2869 ac
1543 2815 1680 2869 lacte
1700 2816 1810 2883 spi-

226 2913 374 2971 ritali
425 2912 670 2972 nutritas,
703 2907 972 2963 adcibum
1004 2905 1234 2962 solidum
1263 2907 1654 2978 Scripturarum
1686 2922 1809 2960 san-

226 3019 461 3070 ctarum,
491 3017 658 3072 opaca
682 3000 990 3069 reseranda,
1020 2997 1289 3069 perduxit.
1320 2998 1396 3053 De
1421 2998 1571 3068 cujus
1594 3000 1808 3053 virtuti-

1918 539 2289 595 vehementius
2306 551 2587 612 urgeretur
2610 543 2681 598 ab
2702 543 2911 608 umbra,
2934 553 2992 597 ut
3018 545 3215 599 collum
3242 546 3497 602 itnutitte~

1915 638 2018 694 ret,
2041 630 2217 684 subita
2233 631 2512 686 adfuitalia
2535 633 2720 687 umbra
2747 633 2872 688 huic
2886 634 3296 700 similis,dicens
3309 637 3356 692 ei
3373 654 3494 707 quas

1915 733 2036 774 cum
2056 720 2272 777 homine
2297 734 2408 778 erat
2439 740 2453 776 :
2477 723 2640 793 Fuge,
2668 727 2984 793 miserrime,
3018 743 3083 780 en
3116 727 3335 782 Paulum
3361 743 3494 796 apo-

1914 811 2108 866 stolum
2128 812 2229 868 huc
2249 814 2570 882 venientem;
2595 817 2870 872 invocatus
2889 819 3028 872 enim
3051 818 3118 874 ab
3136 820 3234 874 hoc
3255 819 3490 890 homine,

1915 916 2042 957 ecce
2067 903 2240 960 adest.
2273 903 2425 961 Tunc
2451 907 2893 963 evanescentibus
2915 911 3135 973 umbris,
3169 910 3255 964 hic
3276 910 3342 965 ad
3371 927 3495 966 sen-

1913 1011 2032 1052 sum
2061 1013 2212 1053 suum
2240 1015 2510 1070 reversus,
2541 1009 2595 1056 et
2623 1017 2834 1058 crucem
2859 1003 3069 1058 virtutis
3090 1005 3368 1060 dominicae
3396 1019 3492 1074 pe-

1913 1089 2048 1143 ctori
2076 1091 2284 1145 nutanti
2311 1090 2628 1162 depingens,
2652 1093 3018 1160 pmnitentiam
3048 1095 3200 1163 genis
3226 1094 3494 1166 lacrytna-

1913 1193 2030 1232 rum
2062 1179 2228 1234 imbre
2250 1179 2480 1249 perfusis
2509 1183 2738 1252 agebat°
2768 1198 2866 1238 cur
2892 1185 2994 1240 ista
3024 1195 3304 1242 tentasset.
3342 1186 3494 1243 Unde

1913 1269 2254 1326 manifestum
2277 1274 2520 1328 est-hunc
2547 1276 2905 1346 eunidemque
2925 1277 3198 1332 hutnittent-
3213 1287 3308 1346 per
3325 1282 3494 1332 virtu.

1915 1370 2018 1417 tem
2068 1362 2205 1418 beati
2247 1365 2472 1434 apostoli
2509 1364 2577 1419 ab
2623 1367 2724 1421 hac
2770 1382 2927 1422 stara:
2966 1369 3148 1424 martis
3199 1367 3492 1439 praecipitia

1913 1451 2079 1510 fuisse
2109 1457 2390 1511 salvatutn.

2471 1567 2698 1624 CAPUT
2737 1569 2905 1626 XXX.

2198 1670 2276 1730 De
2299 1675 2332 1729 .1
2340 1689 2514 1732 aanne’
2527 1677 2758 1746 apostolo
2783 1690 2831 1733 et
2871 1683 3200 1752 evangelista.

1982 1807 2143 1878 753
2177 1807 2411 1864 Joannes
2442 1808 2461 1848 ί
2493 1825 2623 1866 vero
2651 1813 2922 1880 apostolus
2949 1824 3005 1870 et
3029 1815 3357 1886 evangelista
3389 1816 3485 1871 Dei

1912 1897 2035 1969 (An.
2067 1898 2169 1954 100
2197 1907 2294 1954 σαι
2320 1900 2542 1968 104η27
2578 1900 2752 1968 Dec.),
2784 1914 2902 1972 post
2924 1918 3196 1973 peractum
3227 1917 3333 1961 tant
3362 1923 3490 1978 agu-

1910 1989 1993 2044 nis
2015 1989 2235 2060 legitimi
2259 1992 2838 2062 quamprardicationis
2861 1995 3227 2050 saluberrimae
3248 2014 3485 2063 cursum,

1911 2081 2060 2135 vivus
2091 2083 2424 2140 descendens
2455 2085 2509 2140 in
2543 2088 2748 2141 tumulo
2768 2129 2785 2154 ,
2813 2088 3008 2157 aperiri
3050 2103 3108 2144 se
3139 2090 3300 2156 humo
3347 2107 3486 2161 prae-

1907 2174 2068 2242 cepit.
2122 2174 2286 2244 Cujus
2336 2191 2478 2232 nunc
2520 2177 2822 2246 sepulcrum
2874 2195 3066 2235 manna
3109 2191 3135 2229 8
3169 2183 3220 2237 in
3270 2184 3484 2239 modum

1908 2266 2092 2322 farina:
2119 2269 2380 2338 hodieque
2411 2279 2640 2334 eructat,
2672 2287 2738 2326 ex
2763 2286 2867 2341 qua
2898 2272 3068 2326 beata:
3101 2273 3363 2342 reliquim,
3393 2291 3488 2342 per

1909 2359 2216 2415 universum
2246 2360 2442 2415 delatae
2471 2362 2724 2416 mundum
2747 2402 2763 2428 ,
2792 2361 3018 2416 salutem
3057 2363 3315 2418 morbidis
3347 2380 3489 2432 prae-

1907 2458 2071 2505 stant.
2124 2450 2220 2505 Hic
2265 2460 2348 2506 est
2391 2451 2626 2507 Joannes
2671 2468 2830 2522 quem
2873 2452 3131 2508 Dominus
3169 2453 3285 2523 plus
3328 2469 3488 2523 quam

1909 2554 2132 2599 caeteros
2159 2545 2353 2600 dilexit
2383 2547 2676 2615 apostolos,
2707 2545 2797 2616 qui
2820 2555 2981 2601 tantae
3005 2546 3281 2601 charitatis
3301 2563 3489 2603 amore

1911 2634 2162 2705 praelatus
2203 2641 2312 2698 est,
2343 2645 2400 2688 ut
2427 2649 2588 2703 super
2632 2635 2969 2703 ipsumsacri
3013 2635 3256 2703 corporis
3303 2647 3489 2705 pectus

1908 2725 2254 2795 accumbens,
2279 2727 2660 2797 mysteriorum
2685 2727 2980 2782 caelestium
3003 2725 3242 2780 hauriret
3269 2742 3486 2781 arcana.

1909 2817 2013 2886 Ipsi
2051 2818 2212 2872 etiam
2261 2817 2522 2873 Dominus
2567 2827 2752 2874 noster
2797 2819 3088 2888 gloriosam
3138 2817 3485 2886 Genitricent,

1908 2908 2057 2977 quasi
2091 2908 2344 2976 peculiari
2369 2908 2601 2977 quadam
2634 2908 2796 2964 modo
2819 2909 3104 2979 discipulo,
3133 2909 3198 2964 in'
3221 2912 3332 2978 ipsa
3363 2925 3486 2979 pas-

1908 2999 2075 3054 sionis
2103 3001 2253 3064 hora,
2284 3000 2335 3054 in
2365 3014 2526 3055 cruce
2558 3017 2653 3067 pro
2682 2999 2862 3054 mundi
2890 3000 3063 3054 salute
3085 3001 3306 3069 positus.
3332 3015 3483 3055 catu-

227 3099 333 3154 bus
362 3095 526 3151 multa
555 3095 768 3164 quidem
799 3093 1098 3147 audivimus
1124 3109 1137 3146 :
1162 3092 1258 3146 sed
1285 3092 1353 3148 de
1374 3092 1612 3161 plurimis
1642 3108 1813 3147 unum"
1835 3090 2199 3156 Gmeudavit.
2235 3091 2309 3147 De
2338 3075 2440 3147 hoc
2465 3091 2608 3147 enim
2631 3099 2826 3161 etpost
2846 3093 3292 3146 resurrectionem
3315 3091 3443 3145 dixit
3469 3108 3483 3144 :

227 3197 436 3244 tantum
469 3185 782 3240 miraculum
813 3182 1112 3239 studuimus
1148 3182 1440 3238 declarare.
1476 3183 1696 3238 Factum
1724 3193 1814 3240 est

227 3290 412 3335 autem
442 3278 495 3333 in
522 3277 750 3348 quodam
782 3276 922 3342 loco,
965 3284 1021 3328 tit
1050 3277 1212 3330 hama
1233 3274 1477 3343 laqueum
1507 3275 1608 3328 sibi
1635 3275 1700 3328 ad
1723 3291 1809 3329 ex-

231 3372 585 3442 tarquendam
631 3370 817 3432 vitam,
856 3367 1144 3436 instigante
1185 3365 1424 3434 diabolo,
1456 3376 1803 3436 praepararet.

227 3465 471 3534 Cumque
517 3472 780 3517 secretum
811 3457 1018 3514 cellula:
1047 3457 1100 3511 in
1143 3473 1246 3525 qua
1281 3458 1396 3512 haec
1445 3466 1630 3526 ageret
1657 3472 1808 3526 repe-

226 3557 408 3620 tisset,
453 3553 631 3608 funem
659 3549 796 3606 trabi
821 3548 1212 3611 transmissmu,
1258 3547 1502 3616 laqueum
1532 3547 1690 3614 coepit
1721 3548 1803 3600 itt-

228 3658 466 3709 Iectere,
500 3659 694 3701 nomen
722 3653 896 3696 tamen
925 3654 1139 3709 semper
1159 3639 1311 3693 Pauli
1341 3639 1566 3708 apostoli
1589 3639 1805 3692 invoca-

226 3742 344 3805 bat,
369 3734 806 3803 dicenszAdjuva
836 3747 942 3798 me,
964 3740 1148 3787 sancte
1173 3729 1356 3785 Paule.
1383 3730 1445 3784 Et
1463 3744 1587 3784 ecce
1614 3729 1802 3785 umbra

223 3829 468 3900 squalida
496 3840 655 3897 atque
678 3826 906 3891 funesta,
939 3839 1056 3892 quae
1080 3823 1208 3878 ttihil
1231 3817 1445 3876 minusd
1477 3821 1619 3874 vultu
1641 3836 1802 3890 quam

227 3924 498 3978 diabolum
527 3920 818 3984 similabat,
849 3917 1097 3987 apparuit
1135 3916 1208 3984 ei,
1237 3915 1456 3968 hortans
1481 3929 1543 3968 ac
1568 3913 1752 3968 dicens
1783 3931 1798 3969 :

228 4018 323 4072 Eia
344 4032 464 4086 age,
488 4031 557 4072 ne
581 4018 826 4082 moreris,
854 4014 1010 4084 exple
1039 4012 1178 4085 [Al.,.
1199 4011 1410 4083 expedi]
1441 4011 1668 4067 celerius
1682 4027 1800 4080 qua:

227 4109 456 4178 ctepisti.
507 4110 576 4162 At
613 4107 858 4163 illecum
895 4122 1030 4176 apus
1069 4107 1199 4172 hac,
1234 4105 1284 4158 id
1323 4113 1406 4159 est
1442 4104 1564 4158 vine
1620 4113 1801 4159 extor-

226 4301 279 4344 ιιι
309 4288 398 4342 lib.
423 4305 512 4352 vn,
529 4303 647 4353 cap.
673 4288 764 4348 51,
794 4295 969 4339 narrat
989 4283 1239 4354 reliquias
1257 4285 1422 4339 sancti
1447 4285 1615 4354 Sergii
1635 4285 1690 4338 in
1712 4298 1799 4338 sa"-

228 4361 367 4413 blimi
394 4359 609 4428 parietis
621 4368 796 4428 contra
824 4355 1062 4408 altarium
1082 4369 1110 4408 a
1132 4354 1357 4428 quodam
1385 4355 1519 4428 Syro
1548 4358 1796 4428 recondi-

228 4441 312 4484 tas
359 4422 538 4483 fuisse.
591 4422 870 4494 Nunquam
923 4437 1124 4488 autem,
1150 4422 1252 4478 nisi
1294 4422 1436 4479 forte
1479 4425 1796 4479 brevissimo

1910 3181 2000 3237 Sic
2029 3197 2142 3234 eum
2171 3180 2285 3235 vola
2329 3198 2533 3235 manere
2583 3181 2743 3236 donec
2787 3181 2986 3235 veniam
3013 3179 3193 3253 (Jaan.
3227 3197 3340 3244 nt,
3371 3181 3488 3252 2'2).

1908 3273 1965 3330 ltt
1997 3275 2211 3344 Epheso
2239 3285 2416 3330 autem
2457 3275 2684 3329 habetur
2715 3276 2860 3330 locus
2892 3274 2944 3329 in
2972 3290 3077 3344 qua
3106 3273 3194 3328 hic
3219 3276 3491 3344 apostolus

1908 3367 2256 3438 Evangelium
2288 3367 2428 3438 quod
2457 3383 2522 3423 ex
2552 3368 2670 3439 ejus
2698 3369 2914 3425 nomine
2951 3369 3003 3424 in
3033 3367 3272 3423 Ecclesia
3299 3368 3491 3437 legitur

1907 3460 2147 3527 scripsit.
2205 3459 2341 3516 Sunt
2396 3471 2575 3514 autem
2634 3459 2687 3514 in
2743 3461 3047 3515 summitate
3104 3462 3301 3516 montis
3351 3462 3492 3517 illius

1907 3552 2139 3621 proximi
2179 3559 2410 3621 quatuor
2456 3554 2572 3606 sine
2619 3561 2761 3608 tecta
2813 3554 3061 3622 parietes.
3109 3552 3166 3608 l'n
3214 3554 3299 3608 his
3344 3555 3487 3610 enim

1906 3644 2134 3698 orationi
2167 3645 2440 3709 insistens,
2477 3643 2759 3698 Dominum
2791 3645 3004 3700 assidue
3035 3660 3130 3713 pro
3157 3645 3366 3700 delictis
3389 3662 3488 3715 pa-

1905 3733 2012 3803 puli
2059 3734 2388 3804 deprecans,
2420 3736 2726 3790 morabatur
2753 3753 2768 3790 :
2795 3738 3135 3806 obtinuitque
3164 3754 3234 3792 ne
3276 3740 3326 3792 itt
3370 3739 3492 3794 loco

1905 3828 1999 3882 illa
2025 3827 2196 3882 imber
2219 3828 2360 3882 ullus
2388 3828 2762 3894 descenderet,
2794 3830 2967 3885 donec
2993 3831 3088 3885 ille
3139 3831 3490 3901 Evangelium

1907 3918 2246 3988 adimpleret.
2285 3919 2391 3975 Sed
2420 3929 2481 3975 et-
2505 3935 2676 3989 usque
2704 3920 2865 3978 hodie
2907 3924 2976 3976 ita
3009 3934 3294 3992 praestatur
3319 3943 3349 3979 a
3385 3927 3489 3982 Do-

1903 4015 2072 4076 mino,
2105 4021 2162 4066 ut
2207 4012 2348 4066 nulla
2399 4012 2470 4066 ibi
2521 4012 2811 4068 descendat
2862 4015 3060 4085 pluvia,
3093 4032 3266 4086 neque
3314 4018 3488 4076 imber

1903 4103 2170 4160 violentus
2199 4103 2469 4159 adveniat.

1899 4280 2105 4336 etiamsi
2137 4278 2340 4335 veritati
2399 4278 2722 4334 conl‘orm-ior
2772 4280 3033 4346 videatur,
3096 4283 3364 4338 incertum-
3411 4295 3488 4338 ta-

1901 4367 2022 4407 men
2050 4361 2133 4405 est
2166 4367 2230 4403 an
2263 4351 2433 4416 reipsa
2469 4351 2538 4404 sit
2577 4352 2855 4406 sincerior.
2882 4353 3078 4406 Tamen
3097 4369 3163 4408 ex
3198 4353 3490 4411 Fortunato

1903 4435 1955 4476 et
1983 4439 2045 4476 ex
2078 4421 2306 4490 Liturgia
2338 4419 2611 4477 Gallicana
2639 4423 2777 4490 apud
2810 4422 3104 4488 Mabillon.,
3135 4424 3225 4478 lib.
3258 4442 3290 4477 ιι
3332 4442 3480 4479 ιιιιιιι.

230 4468 894 4568 i37n55}2:"'stt‘pt§r3ttare
923 4468 1252 4557 locabantur,
1299 4504 1534 4568 utpatet
1576 4511 1642 4550 es
1684 4498 1798 4564 ipso
1826 4468 1876 4526 θ
1903 4494 1991 4568 9'5,
2027 4501 2170 4558 patet
2216 4468 2351 4568 lianc
2387 4491 2438 4546 iu
2483 4493 2652 4568 Gallia
2676 4468 3115 4568 rcaminunioren’t
3166 4501 3488 4551 sententiain

229 4566 505 4639 Gregorio,
533 4570 618 4622 lib.
645 4566 921 4639 tx,cap.6,
944 4567 1083 4639 quod
1100 4575 1274 4639 tamen
1299 4566 1385 4618 alii
1415 4567 1799 4639 improbarttut.

227 4635 363 4694 Vide
383 4641 643 4693 Mabillon.
670 4638 762 4692 lib.
788 4654 802 4690 ι
832 4636 1080 4705 Liturgite
1109 4635 1244 4690 Gall.
1268 4651 1382 4703 cap.
1407 4638 1458 4688 9.
1481 4637 1599 4701 Quo
1623 4648 1813 4691 autem"

225 4725 340 4764 sevit
369 4725 670 4765 sanctorum
699 4723 919 4776 corpora
955 4707 1010 4760 in
1038 4707 1323 4761 Occidente
1353 4709 1512 4759 levari
1545 4712 1799 4760 ll':lﬂ~it‘l‘-

224 4781 378 4848 rique
405 4788 680 4849 cmperunt
703 4779 860 4832 docet
881 4777 1149 4849 biabillun.
1183 4777 1329 4845 prarl'.
1357 4779 1407 4829 itt
1438 4778 1567 4849 Acta
1597 4789 1804 4832 sancto-

221 4867 341 4908 rutn
369 4848 568 4905 ordinis
596 4848 939 4908 lteuetlictini,
965 4863 1091 4902 saec.
1123 4865 1156 4902 ll
1187 4863 1408 4901 numero
1428 4848 1514 4900 42.

296 4930 324 4959 ι
365 4924 486 4975 llaec
512 4921 717 4987 palliolo
746 4919 1051 4972 llortnisdas
1079 4919 1130 4972 itt
1160 4919 1379 4986 epistola
1419 4918 1484 4970 ad
1514 4917 1800 4974 Justittian.

223 4993 352 5061 imp.
383 4993 613 5060 appellat
657 4990 948 5061 sanctuarii:
976 4992 1234 5061 beatorum
1272 4987 1414 5041 Petri
1449 4998 1495 5041 et
1515 4987 1704 5061 Pauli.
1739 4989 1802 5042 Et

221 5059 461 5129 ej‘n'sdtetn
480 5060 743 5131 pontiﬁcis
765 5060 918 5125 legati
943 5064 1110 5128 ipsum
1127 5060 1392 5126 deprecati
1416 5068 1558 5125 sunt,
1584 5070 1639 5113 ut
1658 5059 1802 5128 ejus-

221 5134 366 5189 modi
389 5132 688 5187 sanctuaria
713 5146 870 5199 usque
895 5135 961 5183 ad
979 5131 1249 5183 secundum
1266 5140 1572 5183 cataractam
1587 5139 1800 5198 propter

222 5204 558 5258 deuotionem
588 5202 922 5268 imperatoris
943 5243 957 5264 ,
999 5202 1082 5254 cui
1116 5200 1541 5259 destinabantur,
1570 5201 1800 5265 depone-

222 5284 322 5328 ret.
369 5273 604 5326 Drandea
640 5272 869 5339 appellat
912 5270 1200 5339 Gregorius
1247 5272 1485 5336 Magnus.
1520 5269 1693 5323 Unum
1735 5287 1799 5323 ex

222 5346 324 5406 his,
371 5344 509 5411 quod
536 5344 601 5396 ad
636 5341 1022 5404 Brunichildctu
1054 5343 1287 5409 reginam
1321 5341 1688 5411 transtnissmn
1719 5339 1801 5391 tli-

221 5409 395 5480 (titur,
425 5421 731 5468 asservatur
758 5415 808 5462 itt
839 5414 1069 5466 sacrario
1103 5409 1408 5464 monasterii
1442 5412 1604 5480 nostri
1633 5411 1800 5463 sancti

221 5478 471 5538 Germani
493 5501 522 5536 a
547 5482 736 5547 Pratis,
756 5482 891 5548 qttod
916 5485 1068 5552 vulgo
1084 5480 1348 5550 corporale
1363 5480 1527 5534 sancti
1546 5478 1686 5534 Petri
1705 5495 1803 5548 ap-

246 5559 466 5608 tellatur.

223 5571 519 5678 "Tangat
547 5623 647 5675 hoc
671 5632 829 5687 caput
855 5621 904 5673 in
931 5622 1163 5676 Claram.
1200 5622 1253 5675 b.
1294 5621 1348 5674 Ιιι
1379 5619 1521 5674 Clar.
1552 5635 1581 5674 a
1611 5618 1803 5674 dasunt

224 5697 332 5753 haec
366 5696 548 5759 verba,
580 5702 692 5764 post
714 5692 994 5747 revolutum
1032 5695 1152 5749 auiti
1181 5695 1458 5758 circulum;
1484 5707 1603 5762 qua:
1647 5690 1803 5747 lectio

1903 4563 2089 4624 fuisse,
2122 4563 2268 4638 quod
2298 4563 2484 4638 Petvus
2512 4575 2564 4618 et
2596 4562 2792 4616 Paulus
2831 4566 3018 4618 eadem
3059 4566 3146 4620 dic
3191 4568 3491 4638 eodemque

1903 4648 2046 4687 anno
2074 4634 2212 4700 passi
2245 4632 2462 4687 fuerint.

1979 4703 2156 4777 sullae
2181 4703 2697 4777 exgapocrypha_sub
2717 4704 2831 4777 Lini
2860 4706 3093 4768 nomine,
3117 4708 3324 4762 autalia
3348 4708 3489 4777 ejus-

1906 4774 2048 4827 modi
2082 4774 2318 4844 historia,
2354 4773 2527 4828 hausit
2556 4773 2865 4844 Gregarius.
2899 4777 3038 4841 quod
3065 4779 3225 4833 silent
3255 4773 3487 4834 veteres.

1909 4844 2039 4898 Vide
2066 4842 2337 4896 Mabillon.
2371 4845 2476 4898 lter
2500 4842 2810 4912 ltalicipag.
2845 4847 2966 4902 152.

1974 4913 1998 4952 ἀ
2041 4913 2100 4986 l_t_t
2124 4912 2336 4986 Colb._a
2365 4916 2703 4969 emendatum
2736 4920 2862 4970 nihil
2885 4920 3060 4986 magis.

1979 4995 2002 5022 ο
2044 4982 2203 5058 Vind.
2227 5001 2240 5034 :
2275 4981 2634 5039 Paenitentiam
2653 5005 2806 5057 agens
2828 4981 3170 5058 lacrumarum
3196 4991 3353 5043 imbre
3369 5007 3490 5058 per-

1904 5055 2068 5126 fusus,
2100 5053 2287 5126 airbal.

1981 5127 1998 5164 τ
2035 5129 2190 5177 Deest
2220 5125 2319 5178 hoc
2348 5132 2508 5188 caput
2538 5126 2591 5179 in
2617 5127 2847 5180 Claram.
2881 5143 2933 5181 a.

1977 5206 2003 5244 tt
2035 5195 2144 5249 Hoc
2170 5209 2359 5246 unauna
2385 5196 2560 5248 adhuc
2591 5212 2653 5248 ex
2683 5199 2912 5264 apostoli
2945 5199 3195 5258 sepulcro
3224 5205 3488 5255 scnturiv-

1908 5268 1999 5321 hat
2042 5266 2237 5339 sarculo
2282 5279 2392 5328 vttt,
2427 5279 2491 5317 ex
2520 5269 2756 5339 secunda
2798 5270 2967 5339 sancti
3003 5268 3288 5324 \thlibaltli
3342 5276 3484 5339 Vita,

1910 5354 2054 5391 nutu.
2087 5335 2140 5400 5,
2172 5335 2224 5388 in
2255 5350 2292 5388 ιι
2318 5346 2468 5409 parte
2495 5350 2618 5409 saec.
2654 5351 2716 5409 ιιι
2739 5337 3090 5392 Benedictiui.
3143 5342 3216 5392 De
3243 5335 3484 5409 cjustlt-ui

1907 5416 2089 5476 morte
2126 5422 2230 5459 non
2283 5406 2467 5475 pauci,
2494 5407 2653 5460 etiam
2706 5407 2845 5462 inter
2893 5419 3120 5476 veteres,
3152 5406 3486 5472 dubitarunt.

1906 5479 2018 5542 Qua
2061 5475 2129 5530 de
2174 5491 2234 5530 re
2287 5491 2383 5544 pro
2419 5491 2516 5530 suo
2567 5493 2715 5531 tuore
2752 5478 2959 5532 erudite
3007 5475 3355 5537 disserentem
3397 5488 3488 5540 adi

1907 5548 2304 5622 'l‘illetnantium
2333 5556 2477 5622 tomu
2507 5544 2526 5599 1
2559 5547 2692 5600 Hist.
2719 5549 2913 5622 AEccles
2941 5591 2955 5612 ,
2989 5551 3068 5604 tit.
3099 5554 3277 5607 Sancti
3300 5555 3487 5622 .loau.,

1905 5631 2009 5672 art.
2038 5620 2090 5673 7.
2128 5617 2260 5692 Vide
2287 5617 2488 5692 satlcti__
2509 5620 2789 5692 Augustini
2833 5631 3039 5692 tractat.
3076 5623 3198 5692 Mli,
3229 5625 3282 5679 in
3315 5617 3488 5680 .loau;

1908 5705 2055 5756 nent,
2079 5700 2135 5745 et
2161 5687 2330 5745 Photii
2361 5686 2762 5760 Bibliothecatn,
2789 5692 2908 5748 cod.
2931 5691 3061 5749 229.
