4020 6194
562 258 620 276 ~-

569 260 620 276 ι,-

569 260 653 313 In,

1577 252 1636 308 S.
1678 249 2004 307 GREGOHII
2044 249 2343 307 EPISCOPI
2378 249 2803 307 TURONENSIS

3700 243 3809 302 73$

630 374 682 424 In
712 386 772 425 ea
804 372 933 424 urbe
961 369 1119 425 Maria
1148 366 1454 438 Magdalene
1474 368 1701 437 quiescit
1730 377 1776 434 ⁸,
1809 368 2009 422 ηυΙΙυιη
2039 381 2121 421 su-
2146 368 2193 425 Δ
2226 365 2300 420 hi1
2330 365 2399 420 ab
2428 367 2548 434 igne
2596 365 2835 429 nocitus,
2868 362 3059 418 extulit
3101 359 3247 415 foras
3277 378 3289 414 :
3318 358 3412 416 sed
3439 371 3706 417 continuo
3735 362 3810 414 ita

482 518 487 521 _
558 481 653 533 per
682 480 741 519 se
770 478 1014 532 tegumen
1043 462 1262 515 habens.
1297 461 1351 514 In
1379 476 1441 516 ea
1468 469 1523 513 et
1552 469 1755 528 septem
1788 459 2126 513 Dormientes

560 558 844 621 habentur,
866 558 935 609 de
961 554 1154 622 quibus
1183 552 1383 621 aliqua,
1418 554 1642 605 Domino
1662 550 1905 621 jubente,
1941 551 1990 603 iu
2022 564 2127 619 po-

558 662 760 704 sterum
816 650 1078 703 narraturi
1122 664 1328 703 sumus.
1372 648 1429 701 In
1476 654 1573 702 hac
1620 657 1676 702 et
1718 646 1915 701 idolum
1948 644 2128 699 Dianae

561 746 687 804 luit,
717 743 785 796 ab
829 743 1072 811 apostolo
1121 742 1285 797 Paulo
1331 741 1682 797 de5tructum.
1728 740 1833 797 Sed
1861 740 1927 795 ad
1954 752 2126 809 cmp'a

563 837 863 889 redeamus.

1118 903 1344 961 CAPUT
1376 901 1565 958 XXXI.

1059 1015 1135 1071 De
1156 1017 1359 1071 Andrea
1387 1016 1639 1085 apostolo.

638 1112 799 1184 754
833 1113 1070 1167 Andreas
1090 1110 1117 1151 δ
1137 1113 1408 1181 apostolus
1439 1112 1597 1183 (Ann.
1616 1110 1685 1165 66
1710 1121 1798 1164 aut
1828 1110 1917 1177 70,
1933 1128 2019 1165 seu
2039 1110 2126 1175 95,

572 1203 641 1257 50
664 1202 824 1267 Nov.)
860 1219 1106 1272 magnum
1132 1205 1440 1259 miraculum
1464 1204 1513 1256 in
1536 1203 1622 1256 die
1644 1202 1999 1257 solemnitatis
2021 1216 2131 1255 suae

567 1294 787 1363 profert,
816 1295 917 1353 hoc
940 1306 1017 1351 est
1052 1311 1244 1351 manna
1276 1297 1326 1349 in
1358 1296 1571 1349 modum
1598 1296 1803 1357 farinae,
1831 1295 1914 1349 vel
1957 1296 2129 1348 oleum

567 1402 687 1440 cum
715 1387 881 1442 odore
908 1396 1189 1453 nectarco,
1220 1386 1360 1456 quod
1389 1386 1457 1440 de
1486 1386 1691 1439 tumulo
1717 1384 1833 1453 ejus
1876 1385 2129 1438 exundat.

571 1478 671 1532 Per
700 1477 748 1531 id
777 1477 917 1533 enim
946 1494 1063 1545 qua:
1092 1477 1161 1531 sit
1185 1477 1428 1531 fertilitas
1450 1476 1573 1530 anni
1599 1476 1868 1545 sequentis
1895 1475 2134 1529 ostendi-

568 1579 672 1621 tur.
724 1567 779 1625 Si
806 1570 1053 1637 exiguum
1102 1568 1439 1638 proﬂuxerit,
1472 1570 1716 1639 exiguum
1750 1575 1888 1622 terra
1934 1568 2135 1635 profert

570 1659 829 1725 fructum;
860 1659 902 1713 si
935 1677 979 1712 νι
1000 1677 1060 1715 ro
1091 1662 1555 1729 fueritcopiosum,
1582 1676 1831 1731 magnum
1854 1677 1977 1714 arva
2009 1678 2132 1730 pro-

2226 457 2545 511 constrictus
2569 465 2674 520 est,
2706 464 2762 508 ut
2790 468 3031 522 gressum
3063 452 3116 506 in
3148 462 3303 507 antea
3332 466 3489 521 agere
3516 466 3627 506 non
3661 449 3811 506 vale-

2227 560 2328 603 ret.
2359 548 2508 601 Tunc
2546 544 2820 616 indignum
2842 542 3163 612 sejudicans
3191 543 3281 613 qui
3310 556 3402 597 eas
3429 541 3618 605 ferret,
3643 556 3812 595 unam

2228 640 2458 711 puellam
2484 638 2753 707 parvulam
2784 636 3221 705 impollutamque
3246 634 3405 705 elegit
3424 648 3453 688 a
3484 633 3696 704 prada,
3719 634 3811 688 cui

2228 730 2497 797 capsulam
2550 729 2616 783 ad
2664 727 2858 782 collum
2887 728 3096 795 posuit,
3129 736 3185 781 et
3223 725 3304 781 sic
3334 729 3386 779 in
3418 725 3644 793 patriam
3674 741 3811 794 pro-

2228 833 2385 888 spere
2404 821 2649 872 accessit.
2668 816 2819 871 Tunc
2835 814 3109 869 collocatis
3136 814 3187 867 in
3213 814 3366 867 altari
3388 812 3765 868 Novivicensis
3784 823 3808 850 θ

2230 909 2491 975 ecclesiae,
2542 908 2628 964 ubi
2681 910 2821 963 nulla
2851 908 3025 961 adhuc
3052 919 3359 962 sanctorum
3390 907 3610 975 pignora
3641 904 3813 961 habe-

2231 1002 2456 1067 bantur,
2483 1001 2639 1056 annis
2683 998 2905 1070 singulis
2932 998 3277 1054 devotissime
3305 1012 3493 1053 eorum
3540 996 3811 1054 solemnia

2231 1093 2553 1150 celebrabat.
2579 1090 2742 1161 Cujus
2780 1092 2938 1155 ﬂlius,
2969 1105 3088 1146 cum
3120 1090 3234 1145 hac
3262 1099 3380 1157 post
3410 1089 3578 1159 patris
3600 1088 3809 1143 obitum

2234 1203 2338 1242 non
2366 1186 2629 1255 impleret,
2662 1199 2692 1238 a
2724 1183 2872 1239 febre
2898 1193 3158 1253 quartana
3184 1195 3279 1251 per
3306 1195 3504 1235 annum
3537 1179 3809 1250 integrum

2236 1279 2502 1341 laborans,
2531 1276 2675 1331 vovit
2707 1285 2765 1330 ut
2793 1289 2986 1328 novam
3026 1273 3300 1328 basilicam
3332 1273 3384 1327 in
3414 1286 3601 1326 eorum
3633 1271 3812 1326 hono-

2235 1386 2348 1425 rem
2375 1377 2741 1433 construeret;
2766 1382 2872 1437 quo
2896 1368 3055 1431 facto,
3078 1374 3253 1420 amota
3280 1363 3431 1421 febre
3454 1376 3680 1421 sanatus
3704 1376 3807 1419 est.

2234 1462 2339 1519 Sed
2370 1477 2467 1516 nec
2496 1460 2598 1515 hoc
2627 1460 2742 1513 sine
2766 1457 3062 1513 Divinitatis
3090 1456 3423 1527 providentia
3451 1467 3630 1511 actum
3663 1473 3811 1520 reor,

2236 1554 2378 1625 quod
2423 1554 2607 1608 eadem
2650 1552 2739 1607 die
2782 1565 2886 1621 qua
2930 1551 3101 1606 beatae
3130 1550 3366 1620 reliquiae
3399 1551 3450 1604 in
3480 1550 3639 1606 aliam
3687 1564 3815 1605 sunt

2240 1646 2510 1699 translata:
2540 1642 2835 1708 basilicam,
2856 1650 3097 1696 errantes
3126 1640 3369 1696 homines
3390 1656 3419 1695 a
3443 1642 3522 1694 via
3554 1640 3645 1710 qui
3674 1642 3816 1698 beati

570 1766 782 1806 ventum
836 1752 1096 1807 fructuum
1142 1753 1339 1808 habere
1387 1752 1669 1827 signiﬁcat.
1719 1752 1848 1807 Nam
1881 1753 2053 1807 ferunt
2082 1753 2133 1806 in

2244 1736 2499 1792 Vincentii
2532 1735 2783 1804 reliquias
2820 1734 3168 1799 deferebant,
3197 1735 3262 1787 ad
3308 1736 3481 1787 vicum
3512 1734 3692 1803 ipsum
3724 1734 3818 1789 de-

569 1843 835 1911 aliquibus
861 1844 1032 1904 annis,
1056 1844 1107 1897 in
1139 1852 1338 1897 tantum
1360 1860 1391 1899 e
1414 1845 1617 1899 tumulo
1639 1843 1812 1899 oleum
1843 1848 2135 1912 eauudare,

569 1944 623 1985 ut
652 1950 821 2001 usque
841 1935 904 1987 ad
935 1938 1164 1989 medium
1195 1935 1426 1989 basilicze
1454 1935 1681 2005 proﬂuat
1708 1936 1852 1991 rivus
1877 1937 1982 1991 ille.
2015 1937 2139 1992 Haec

570 2033 746 2080 autem
777 2037 1003 2097 aguntur
1030 2028 1165 2093 apud
1189 2031 1514 2096 provinciam
1544 2029 1818 2097 Achaiam,
1846 2030 1897 2083 in
1925 2031 2139 2085 civitate

570 2116 772 2183 Patras,
806 2120 858 2172 in
886 2135 983 2189 qua
1020 2120 1203 2174 beatus
1229 2120 1501 2186 apostolus
1530 2119 1643 2176 sive
1668 2131 1889 2191 martyr,
1908 2137 2003 2190 pro
2032 2120 2136 2174 lte-

573 2208 865 2278 demptoris
896 2211 1112 2265 nomine
1143 2211 1457 2277 crucifixus,
1492 2223 1804 2279 przesentem
1834 2212 1994 2265 vitam
2021 2213 2139 2280 glo-

572 2297 714 2352 riosa
744 2306 915 2354 morte
945 2300 1111 2352 finivit
1138 2309 1184 2353 ε.
1228 2301 1427 2354 Tamen
1459 2316 1577 2353 cum
1617 2300 1793 2354 oleum
1835 2301 2136 2366 deﬂuxerit,

574 2400 774 2443 tantmn
805 2391 1022 2445 odorem
1055 2391 1269 2444 naribus
1300 2398 1552 2459 praestat,
1586 2400 1643 2445 ut
1674 2401 1825 2461 putes
1850 2394 1917 2447 ibi
1946 2394 2140 2446 multo-

574 2496 691 2533 rum
740 2490 1034 2535 aromatum
1084 2496 1317 2550 Spei-sam
1363 2496 1481 2536 esse
1511 2483 1839 2551 congeriem,
1863 2486 2001 2551 quod
2036 2500 2139 2538 non

574 2573 691 2624 sine
723 2570 976 2623 miraculo
1018 2585 1081 2624 ac
1126 2570 1384 2626 beneﬂcio
1418 2570 1642 2625 habetur
1669 2572 1719 2625 in
1752 2574 1976 2639 pupulis.
2008 2574 2138 2628 Nam

576 2680 641 2717 ex
690 2663 790 2717 hoc
813 2679 906 2718 seu
934 2664 1269 2719 inunctiones
1314 2664 1500 2726 factm,
1532 2664 1647 2718 sive
1696 2666 1935 2735 petiones
1979 2664 2140 2730 datae,

577 2756 886 2824 plerumque
934 2755 1304 2825 languentibus
1333 2756 1667 2808 commodum
1714 2762 1978 2823 praestant.
2020 2754 2144 2809 Post

577 2846 724 2915 cujus
753 2846 1036 2915 gloriosam
1065 2848 1482 2915 assumptinnem
1513 2846 1689 2900 multa:
1719 2846 1936 2900 virtutes
1962 2847 2044 2900 vel
2073 2847 2138 2899 ad

576 2940 677 2992 hoc
726 2936 1047 3007 sepulcrum,
1091 2939 1173 2992 vel
1206 2953 1299 3007 per
1326 2938 1439 2991 loca
1472 2938 1680 2991 diversa
1711 2938 1761 2991 in
1806 2938 1996 3007 quibus
2026 2937 2142 3006 ejus

576 3030 812 3098 reliquiae
843 3029 1114 3083 collocata:
1136 3037 1280 3096 sunt,
1313 3030 1552 3083 feruntur
1577 3040 1829 3084 ostensa).
1853 3028 1927 3084 De
1950 3029 2142 3098 quibus

578 3137 741 3187 pauca
774 3121 1054 3176 memorari
1087 3137 1189 3176 non
1217 3124 1392 3191 putavi
1424 3122 1732 3187 absurdum,
1758 3121 1882 3192 quia
1912 3121 2140 3177 azdilicao
2166 3117 2213 3182 C

578 3212 651 3266 tio
678 3220 761 3265 est
792 3212 1038 3267 Ecclesiae
1066 3213 1230 3282 gloria
1279 3222 1567 3284 martyrum
1608 3214 1880 3283 virtusque
1928 3222 2143 3269 sancto—

580 3320 720 3357 rum.

650 3396 913 3463 Tempore
941 3411 1066 3465 quo,
1095 3396 1374 3453 interfecto
1396 3396 1422 3434 ἀ
1445 3397 1799 3453 Chlodomere
1830 3412 1955 3467 rege
1981 3397 2148 3452 Fran-

579 3502 788 3551 corum,
818 3503 875 3540 se
916 3487 1184 3542 exercitus
1215 3504 1466 3555 reparans
1517 3488 1870 3557 Burgundiam
1902 3487 2148 3541 devasta-

583 3580 694 3641 bat,
729 3578 779 3631 in
808 3576 1034 3647 quadam
1081 3577 1296 3633 basilica
1335 3578 1572 3647 reliquiae
1595 3576 1706 3647 jam
1752 3576 1875 3631 dicti
1922 3577 2147 3646 apostoli

580 3684 700 3724 cum
736 3667 1006 3724 Situruini
1034 3670 1279 3740 martyris
1310 3669 1645 3724 tenebantur.
1680 3671 2023 3737 Accensaque
2050 3667 2148 3721 ba-

581 3763 749 3827 silica,
779 3777 900 3816 cum
928 3763 1038 3831 jam
1072 3762 1335 3831 tignorum
1383 3764 1552 3817 moles
1588 3762 1859 3825 dirueret,
1892 3774 2149 3830 pauperes

580 3870 641 3907 ac
663 3869 842 3918 senes,
868 3869 1001 3922 quos
1027 3853 1296 3909 barbaries
1319 3854 1623 3924 reliquerat,
1648 3852 1868 3921 ﬂebant,
1888 3852 2046 3923 755
2069 3853 2147 3905 di-

580 3953 759 4000 centes
796 3945 927 3999 :Vaa
982 3945 1136 3999 nobis
1183 3946 1270 4014 qui
1329 3953 1593 3999 tantorum
1652 3945 1930 4015 pignorum
1990 3942 2147 3997 hodie

579 4052 822 4092 caremus
849 4036 1076 4101 auxilio;
1108 4052 1203 4092 nec
1230 4037 1381 4092 nobis
1410 4037 1547 4091 ultra
1571 4051 1692 4106 spes
1720 4037 1999 4106 praasentis
2026 4035 2148 4089 vita:

585 4128 838 4193 manebit,
864 4129 907 4182 si
940 4126 1051 4182 haec
1080 4128 1428 4197 depericriut.
1477 4128 1572 4181 His
1618 4127 1689 4183 ita
1718 4127 1987 4192 ﬂentibus,
2019 4138 2147 4179 nutu

583 4221 675 4274 Dei
698 4221 985 4275 adveniens
1008 4220 1304 4276 Turonicus
1330 4222 1514 4287 homo,
1535 4220 1826 4276 condolens
1848 4220 1928 4274 his
1949 4222 2148 4273 lamen-

584 4313 671 4378 tis,
699 4322 753 4366 et
780 4313 992 4367 discens
1033 4314 1281 4367 virtutem
1330 4322 1643 4384 martyrum,
1673 4328 1776 4365 non
1824 4311 2000 4379 minus
2045 4311 2148 4366 iide

582 4420 741 4472 quam
772 4417 952 4473 parma
983 4416 1269 4473 protectus,
1306 4419 1399 4472 per
1430 4404 1634 4459 medias
1678 4402 1973 4472 ingreditur
2000 4404 2150 4456 ﬂam-

2243 1827 2333 1882 lati
2386 1835 2531 1882 sunt.
2580 1827 2730 1881 Tunc
2775 1836 2993 1896 rogante
3042 1824 3383 1895 presbytero,
3414 1825 3723 1880 diviserunt
3767 1826 3818 1879 ei

2242 1921 2555 1992 particulam
2606 1920 2921 1991 pignorum,
2963 1935 3120 1989 quam
3166 1920 3219 1974 in
3260 1929 3444 1975 sancto
3469 1919 3629 1974 altari
3677 1919 3821 1977 unde

2242 2014 2371 2067 alias
2396 2012 2687 2069 abstulerat
2714 2012 3013 2067 collocavit.

2314 2106 2632 2161 Mummolus
2653 2116 2853 2172 autem,
2867 2121 2987 2160 cum
3011 2104 3368 2161 Thcodeberti
3389 2106 3529 2175 regis
3545 2114 3816 2175 tempore,

2241 2201 2308 2257 ad
2339 2202 2691 2258 Iustinianum
2724 2201 3095 2268 imperatorem
3140 2215 3365 2269 pergens
3385 2242 3401 2266 ,
3434 2200 3817 2255 Constantino-

2244 2293 2460 2360 politani
2492 2292 2696 2346 itineris
2726 2292 2861 2346 viam
2908 2292 3077 2345 navali
3108 2301 3296 2347 evecta
3324 2294 3572 2357 sulcaret,
3606 2294 3675 2348 ad
3722 2310 3816 2348 ur-

2243 2385 2362 2439 bem
2412 2384 2618 2449 Patras,
2646 2388 2698 2438 in
2726 2399 2828 2453 qua
2859 2383 2997 2438 idem
3031 2383 3255 2440 habetur
3292 2385 3582 2453 apostolus,
3614 2394 3699 2440 est
3724 2401 3819 2453 ap-

2244 2475 2449 2543 pulsus.
2504 2477 2582 2529 Ac
2634 2475 2759 2528 dum
2819 2475 2889 2528 ibi
2947 2490 3067 2529 cum
3124 2475 3439 2531 satellitibus
3490 2486 3816 2543 moraretur,

2245 2568 2509 2621 iulirmata
2533 2568 2710 2622 vesica
2742 2568 3041 2622 calculosus
3071 2567 3321 2623 efllcitur.
3356 2569 3558 2624 Dehinc
3586 2570 3819 2626 diversis

2243 2660 2515 2713 doloribus
2552 2668 2782 2714 arctatus
2830 2658 2974 2715 febre
3016 2660 3696 2731 consumitur:ablataque
3726 2662 3819 2718 de-

2246 2750 2530 2806 lectatione
2554 2751 2867 2806 comedendi
2898 2760 3057 2821 atque
3086 2751 3323 2816 bibendi,
3353 2752 3641 2807 adventum
3674 2769 3820 2807 mor-

2246 2844 2313 2897 tis
2337 2843 2501 2897 solius
2530 2842 2952 2911 praestolabatur.
2987 2842 3147 2911 Igitur
3189 2842 3314 2898 dum
3342 2857 3401 2898 se
3428 2843 3497 2898 ita
3530 2842 3736 2898 fessum
3767 2851 3818 2897 et

2245 2938 2360 2992 sine
2385 2953 2479 3007 spe
2506 2937 2628 2991 vitae
2655 2938 2912 3001 decernit,
2944 2936 3106 3008 756
3135 2944 3511 2991 testamentum
3540 2952 3696 2991 suum
3730 2951 3818 3006 pe-

2247 3032 2309 3085 tit
2348 3031 2530 3095 scribi,
2562 3030 2932 3100 munitumque
2978 3029 3457 3098 subscriptionibus
3500 3045 3565 3084 ac
3604 3030 3814 3100 sigillis,

2246 3123 2438 3191 inquiri
2490 3122 2744 3192 praecepit
2780 3121 2824 3176 si
2874 3120 3093 3176 forsitan
3160 3121 3353 3191 aliquis
3399 3123 3728 3191 reperiretur
3766 3123 3816 3177 in

2247 3213 2458 3269 civitate
2486 3213 2573 3283 qui
2601 3212 2798 3281 peritus
2829 3213 2880 3266 in
2908 3220 3021 3267 arte
3053 3213 3328 3267 medicina;
3372 3220 3552 3280 posset
3580 3214 3817 3282 perituro

2246 3319 2575 3359 succurrere.
2605 3303 2708 3358 Sed
2736 3319 2855 3358 cum
2901 3304 3002 3357 hoc
3041 3303 3291 3372 episcopo
3322 3303 3409 3372 qui
3442 3313 3567 3358 tunc
3595 3313 3820 3373 praeerat

2246 3395 2577 3465 suggeritur,
2626 3395 3051 3464 aitzouoesque
3100 3410 3211 3459 vos,
3263 3394 3617 3460 dilectissimi,
3666 3410 3820 3450 casso

2248 3488 2475 3557 fatigatis
2506 3488 2707 3552 labore,
2740 3500 2793 3542 et
2823 3488 2962 3543 inter
2991 3489 3233 3543 homines
3281 3490 3550 3558 requiritis
3594 3489 3820 3545 medici-

2250 3595 2370 3632 nam
2391 3619 2405 3641 ,
2438 3593 2557 3633 cum
2592 3578 2851 3634 habeatur
2883 3580 2968 3634 hic
2996 3580 3232 3634 celestis
3263 3580 3500 3634 medicus
3520 3620 3534 3645 ,
3561 3582 3647 3650 qui
3679 3596 3821 3651 saepe

2248 3671 2576 3727 inﬁrmorum
2607 3674 2935 3729 valetudines
2973 3675 3088 3729 sine
3135 3675 3415 3729 herbarum
3461 3674 3813 3741 adminiculo,

2249 3766 2458 3819 virtutis
2482 3767 2717 3836 proprie
2747 3766 2979 3836 depellat
3008 3766 3236 3823 effectu?
3282 3769 3347 3822 Et
3372 3769 3512 3837 quis,
3546 3769 3813 3838 inquiunt,

2248 3864 2333 3912 est
2362 3856 2483 3912 ille?
2525 3856 2789 3918 Andreas,
2817 3858 2912 3923 ait,
2939 3858 3209 3927 apostolus
3251 3858 3467 3914 Christi.
3522 3859 3647 3916 islzec
3674 3878 3815 3917 nun-

2250 3949 2443 4002 tiantes
2470 3947 2698 4011 inﬁrmo,
2720 3956 2871 4015 rogat
2890 3963 2948 4002 se
2972 3948 3166 4017 portari
3188 3948 3254 4003 ad
3280 3948 3417 4004 beati
3440 3951 3749 4020 sepulcrum
3770 3952 3813 4008 τ.

2248 4039 2508 4109 Cumque,
2538 4041 2839 4105 paiimento
2886 4046 3207 4106 prostratus,
3236 4055 3355 4111 qua
3383 4045 3679 4097 necessitas
3705 4046 3823 4099 exi-

2250 4132 2406 4198 gebat
2451 4129 2680 4185 ﬂdeliter
2711 4138 3018 4197 precaretur
3043 4170 3059 4195 ,
3091 4132 3269 4185 medio
3299 4134 3408 4187 fere
3437 4134 3609 4188 noctis
3635 4149 3826 4189 omnes

2252 4220 2343 4286 qui
2362 4221 2582 4274 aderant
2604 4220 3026 4288 soporobtinuit.
3048 4221 3344 4291 Statimque
3363 4224 3574 4279 infirmo
3599 4236 3829 4282 conatus

2250 4311 2526 4381 ejiciendaa
2552 4312 2718 4365 urinae
2750 4311 3009 4377 imminet,
3047 4322 3375 4383 tangensque
3422 4332 3584 4370 unum
3636 4334 3829 4385 puero-

2255 4420 2393 4468 rum,
2408 4419 2535 4458 voce
2560 4406 2697 4457 tenui
2723 4404 2992 4459 vasculum
3013 4406 3241 4473 postulat
3263 4404 3526 4470 exhiberi,
3549 4407 3826 4479 illatoque,

584 4510 720 4559 mas,
753 4495 1218 4567 apprehensasqtte
1245 4495 1313 4549 ab
1341 4495 1493 4550 altari
1519 4502 1733 4549 sanctas
1760 4493 2032 4564 reliquias,
2066 4493 2144 4547 υἱ·
2180 4488 2229 4549 D
2254 4494 2376 4547 dum
2401 4494 2607 4549 urinam
2633 4493 2818 4548 nititur
2843 4496 3056 4562 ejicere,
3078 4495 3303 4565 lapidem
3332 4511 3580 4567 magnum
3609 4503 3824 4556 emisit:

658 4658 685 4686 ιι
715 4648 853 4701 Idem
887 4649 1045 4703 habet
1074 4664 1255 4705 auctor
1283 4649 1415 4703 Viue
1436 4648 1601 4704 sancti
1623 4648 1914 4713 Willihaldi
1940 4649 1991 4701 in
2016 4664 2151 4716 pra:-

586 4719 795 4773 rcdenti
842 4728 969 4773 nuta
1013 4721 1288 4780 laudatus,
1318 4730 1371 4774 et
1414 4732 1630 4772 sanctus
1672 4721 1939 4772 Modestus
1980 4720 2145 4783 epise.

586 4790 1091 4860 .lr-rosolymitanus.
1125 4791 1303 4843 saeculi
1353 4806 1419 4842 vu
1473 4792 1657 4853 initio,
1690 4790 1826 4856 apud
1876 4790 2147 4853 Photium,

592 4861 839 4914 lliblioth.
873 4862 993 4913 cod.
1025 4860 1149 4914 975.
1200 4860 1325 4929 lﬂjus
1364 4860 1601 4927 reliquid:
1631 4860 1826 4913 stocqu
1854 4875 1903 4912 tv
1937 4861 2150 4914 labente

586 4930 1097 4998 tlottstautinopolim
1130 4932 1398 4984 translata:
1434 4932 1680 4983 dicuntur
1708 4932 1806 4983 sub
1838 4930 2017 4985 Leone
2049 4933 2151 4983 Sa-

589 5005 786 5069 piente.
820 5004 951 5056 Aliae
981 5014 1105 5054 sunt
1136 5001 1294 5054 hodie
1322 5002 1371 5054 in
1420 5001 1577 5053 variis
1618 5000 1801 5054 Gallize
1830 5001 1959 5054 locis
1990 5001 2150 5054 tradi-

587 5083 762 5126 t.unes
799 5075 936 5126 circa
972 5074 1028 5125 Β.
1057 5071 1374 5133 Μειιςάθιεηω
1416 5072 1716 5139 sepulcrum
1769 5081 1823 5125 et
1870 5071 2144 5137 reliquias,

588 5159 717 5207 quas
764 5144 849 5197 hic
892 5144 1155 5197 discutere
1201 5158 1303 5195 non
1346 5155 1513 5195 vaCaI.
1569 5143 1641 5194 Ite
1689 5151 1889 5208 septem
1941 5156 2151 5208 quoque

591 5213 981 5269 Dmmientibus
1011 5215 1183 5284 agitur
1221 5214 1275 5267 iu
1310 5211 1423 5265 Vita
1471 5213 1644 5265 sancti
1674 5210 1985 5266 Willibaldi.
2020 5209 2151 5264 Vide

590 5286 723 5338 iulia
744 5301 873 5352 cap.
900 5287 987 5339 £95.

660 5352 687 5390 ι)
723 5353 877 5407 Deest
906 5355 1004 5409 hoc
1030 5364 1185 5415 caput
1213 5353 1265 5407 in
1297 5352 1529 5407 Clarom.
1563 5352 1614 5406 h.

668 5435 688 5460 ε
725 5424 845 5477 llzec
872 5436 952 5478 est
985 5434 1217 5478 veterum
1244 5426 1455 5477 traditio
1474 5440 1502 5475 a
1526 5423 1723 5478 sanctis
1751 5420 1992 5481 Paulino.
2022 5418 2154 5473 Gau-

589 5492 793 5557 dentio,
821 5493 977 5545 Petro
1028 5495 1379 5564 Cttrysologo,
1411 5495 1633 5561 aliisque
1664 5492 2028 5564 scriptoribus
2059 5504 2152 5564 ap-

594 5564 830 5627 probata.
876 5562 1291 5617 Celebria'sunt
1331 5564 1567 5631 ejusdem
1617 5562 1840 5627 apostoli
1895 5562 2153 5629 passionis

591 5634 752 5693 Arta,
784 5646 902 5694 qua:
930 5634 1027 5684 sub
1060 5633 1490 5701 presbyterorum
1520 5644 1573 5687 ct
1601 5633 1944 5684 diaconorum
1976 5631 2149 5701 eccle-

589 5716 680 5753 tu:
709 5700 920 5757 Achaia:
951 5708 1162 5758 nomine
1195 5700 1479 5769 habentur,
1506 5705 1572 5757 de
1591 5716 1821 5771 quorum
1847 5700 2151 5756 sinceritate

2253 4664 2359 4703 non
2387 4664 2486 4702 una
2515 4657 2593 4703 est
2621 4647 2855 4702 omnium
2888 4648 3171 4703 seiitvntia.
3208 4649 3337 4705 Vide
3375 4650 3703 4707 Tillemontii
3731 4671 3827 4707 ηυ-

2254 4729 2333 4773 tas
2363 4719 2429 4773 de
2456 4731 2641 4773 sanCto
2668 4719 2899 4781 Andrea,
2932 4730 3076 4771 tomo
3105 4721 3121 4772 Ι
3156 4722 3289 4776 Hist.
3317 4722 3595 4777 eccles.—
3618 4723 3674 4779 In
3705 4726 3829 4778 Mis~

2253 4791 2350 4844 sali
2372 4790 2601 4844 Gothico
2613 4788 2885 4843 Gallicano
2906 4790 3045 4856 quod
3068 4806 3130 4843 ex
3155 4790 3443 4845 Tuumasio
3460 4792 3621 4845 edidit
3646 4806 3823 4850 noster

2252 4860 2585 4914 Mabdlonius
2616 4859 2709 4914 lib.
2742 4874 2799 4912 ιιι
2830 4857 3075 4928 Liturgize
3119 4860 3401 4915 Gallicana
3433 4878 3579 4915 num.
3612 4864 3703 4927 Π,
3733 4866 3823 4916 ha-

2258 4932 2410 4984 betur
2431 4932 2587 4983 Missa
2609 4929 2676 4982 de
2702 4942 2885 4984 sancto
2911 4930 3027 4983 And
3038 4946 3145 4994 rea,
3174 4933 3325 4999 cujus
3345 4932 3682 4996 contestatio,
3707 4951 3824 4999 seu,

2258 5010 2315 5053 ut
2365 5001 2647 5071 loquimur,
2682 5001 2919 5066 praefatio
2948 5016 3027 5071 ex
3079 5002 3412 5071 vulgaturum
3458 5004 3612 5067 huius
3658 5008 3827 5059 sancti

2256 5068 2481 5139 apostoli
2508 5070 2762 5124 Actorum
2813 5070 2987 5124 verbis
3020 5080 3077 5123 ut
3109 5068 3389 5139 plurimum
3440 5086 3690 5129 cuutexta
3723 5087 3826 5130 est.

2326 5137 2352 5176 ά
2393 5139 2541 5203 Vide,
2572 5140 2971 5207 supra,llistor.
3005 5137 3207 5205 lib.‘m,
3232 5156 3351 5209 cap.
3384 5144 3436 5197 6.

2328 5219 2351 5247 ο
2381 5209 2513 5263 Cod.
2546 5210 2685 5263 Clar.
2718 5228 2794 5274 a.,
2832 5211 3180 5266 Noriaceuais.
3228 5211 3379 5265 Colh.
3415 5224 3536 5277 tut,
3571 5215 3829 5270 Novicen-

2256 5281 2346 5333 εἰς.
2380 5279 2549 5333 Locus
2576 5290 2659 5333 est
2685 5282 2821 5347 apud
2852 5282 3113 5339 'I‘urones.
3138 5284 3293 5349 vulgo
3324 5281 3487 5336 Naevi
3516 5286 3715 5346 tliCttts,
3742 5289 3829 5343 ubi

2260 5352 2519 5421 hodieque
2543 5350 2728 5404 visitur
2753 5350 2975 5405 ecclesia
2996 5353 3210 5420 antiqua
3241 5352 3300 5405 Β.
3326 5353 3553 5407 Andrea:
3580 5371 3756 5409 sacra.

2334 5420 2353 5459 ί
2388 5420 2514 5488 Ejus
2559 5436 2769 5474 sacrum
2812 5438 3007 5488 corpus
3049 5422 3561 5490 Constantinopolim
3595 5428 3827 5479 transla-

2259 5501 2369 5545 tum
2418 5504 2498 5545 est
2526 5506 2613 5543 an.
2646 5490 2769 5555 557,
2802 5492 2902 5544 sub
2947 5492 3259 5545 Constantio
3311 5495 3460 5560 imp.,
3492 5505 3547 5547 ut
3584 5496 3827 5549 scribunt

2259 5571 2464 5632 veteres
2511 5570 2775 5632 auctores.
2822 5561 2955 5615 Vide
2986 5562 3425 5632 Philustorgium,
3459 5565 3554 5620 ιιι».
3588 5581 3641 5619 m
3671 5580 3825 5621 num.

2256 5630 2291 5682 ‘2
2340 5644 2392 5682 et
2423 5631 2685 5687 Theudor.
2719 5633 3015 5697 Lectorcm,
3046 5632 3135 5686 lib.
3168 5648 3225 5687 tt.
