4020 6194
126 202 240 258 πε

990 200 1491 260 MIRACULORUM
1530 202 1657 258 ΜΒ.
1698 208 1740 263 l.
1782 209 1872 266 DE
1910 211 2163 270 GLORIA
2203 214 2613 275 MARTYRUM.

3296 224 3400 280 734

124 320 224 387 qui
260 329 371 372 tam
401 316 604 372 validus
650 317 768 383 I’oit,
803 328 859 374 ut
887 318 1087 376 cadens
1116 335 1306 377 sonum
1354 322 1408 379 in
1458 323 1572 394 ipsa
1601 338 1722 394 qua:
1749 329 1798 387 Α
1827 335 2005 381 tenum
2032 329 2222 399 pedum
2243 331 2521 386 altitudine
2546 346 2676 401 aqua
2701 331 2973 388 liauriatur
2992 348 3019 386 a
3048 337 3244 404 puteis,
3270 344 3396 391 tunc

130 418 328 476 parata
372 409 545 464 fuerat
588 410 793 465 concha
841 412 1126 481 prolerret.
1176 413 1327 469 Tunc
1354 415 1526 469 ablata
1578 415 1723 471 lebre

124 518 260 556 cum
286 504 433 557 omni
477 502 689 558 dolore.
717 504 836 558 navi
865 515 1193 561 restaurator
1221 505 1500 575 incolumis
1527 518 1573 562 ι.

696 619 923 675 CAPUT
961 620 1180 677 XXXII.

646 729 723 785 De
753 730 949 786 Thema
983 734 1234 803 apostolo.

204 844 447 902 Thomas
465 843 496 884 δ
518 846 790 915 apostolus
819 846 969 915 (Post
996 865 1085 905 an.
1116 849 1207 915 66,
1233 849 1298 907 2i
1331 850 1502 922 Dec.),
1530 866 1720 907 secun-

128 940 264 994 dum
316 940 582 1007 passionis
631 941 747 1009 ejus
792 940 1091 1008 historiam,
1123 943 1177 997 in
1209 943 1352 998 India
1386 959 1574 1013 passus
1603 960 1721 1001 esse

126 1037 462 1093 declaratur.
516 1038 679 1107 Cujus
708 1040 918 1095 beatum
948 1056 1148 1111 corpus
1180 1054 1298 1107 p0st
1326 1044 1548 1098 multum
1583 1056 1717 1098 tem-

127 1142 234 1200 pus
262 1139 592 1199 assumptum
626 1131 677 1184 in
706 1130 941 1196 civitate,
967 1147 1124 1201 quam
1153 1131 1273 1202 Syri
1296 1144 1318 1172 ο
1352 1134 1588 1188 Edissam
1622 1150 1717 1188 vo-

129 1233 282 1286 cant,
318 1224 633 1279 translatum
682 1233 786 1290 est,
818 1224 997 1296 ibique
1028 1227 1321 1296 sepultum.
1354 1226 1494 1297 Ergo
1518 1226 1572 1280 in
1604 1226 1720 1280 loco

130 1316 373 1385 regionis
401 1314 588 1381 Indiae,
615 1332 718 1386 quo
749 1316 898 1385 prius
945 1317 1188 1387 quievit,
1220 1319 1601 1374 monasterium
1634 1318 1721 1372 ha-

129 1408 315 1465 ltetnr.
343 1419 398 1462 et
426 1407 681 1474 templum
714 1408 863 1462 mira:
892 1408 1292 1479 magnitudinis,
1325 1410 1718 1479 diligenterque

130 1510 457 1553 exarmatum
504 1510 662 1565 atque
708 1502 1086 1567 compositum.
1146 1501 1202 1554 In
1259 1502 1359 1556 hac
1406 1501 1564 1570 igitur
1606 1501 1720 1556 atde

129 1605 391 1659 magnum
420 1591 733 1646 miraculum
779 1590 920 1645 Dens
949 1592 1200 1645 ostendit.
1231 1592 1485 1663 Lychnus
1508 1593 1706 1648 etenim

1824 420 2093 487 paululum
2141 423 2186 476 si
2244 422 2441 488 fodias,
2498 424 2695 478 allattim
2744 425 2988 496 lymphas
3034 428 3391 483 exuberantes

1822 512 2081 581 invenies,
2114 517 2252 585 quod
2282 532 2387 571 non
2414 517 2696 588 ambigitur
2724 521 2839 574 haec
2878 521 3072 574 virtute
3100 521 3238 576 beati
3261 536 3397 591 apo-

1822 604 1941 657 stoli
1990 605 2268 675 impertiri.
2317 608 2563 664 Decursis
2619 610 2780 681 igitur
2832 611 3132 666 festivitatis
3181 613 3391 679 diebus,

1822 694 2089 751 teloneum
2142 698 2408 766 publicum
2444 710 2469 748 8
2502 702 2782 767 redditur,
2833 719 3015 758 musca
3062 720 3184 772 qua:
3229 706 3396 759 deluit

1821 788 2004 855 adest,
2052 792 2416 861 propinquitas
2460 808 2613 864 aqua;
2660 793 2908 850 dehiscit.
2957 795 3159 850 Dehinc
3198 795 3395 850 emissa

1822 878 2080 936 divinitus
2115 883 2291 952 pluvia
2321 887 2393 940 ita
2434 900 2595 941 omne
2635 888 2828 943 atrium
2877 890 3057 958 templi
3086 905 3116 942 a
3146 889 3396 945 sordibus

1822 980 1878 1025 et
1912 971 2139 1029 diversis
2176 977 2513 1046 squaloribus
2542 980 2627 1046 qui
2666 994 2760 1049 per
2811 981 2924 1050 ipsa
2962 982 3223 1037 solemnia
3268 983 3393 1038 lacti

1821 1073 1945 1117 sunt
1973 1067 2211 1134 mundat,
2236 1080 2288 1123 ut
2315 1080 2468 1139 putes
2488 1069 2662 1125 locum
2688 1087 2787 1128 nec
2810 1073 2973 1130 fuisse
2999 1073 3281 1131 calcatum.

2356 1201 2582 1258 CAPUT
2620 1202 2859 1260 XXXIII.

2230 1309 2304 1364 De
2334 1310 2709 1367 Bartholomaao
2735 1314 2987 1382 apostolo.

1893 1420 2334 1476 Bartholommum
2370 1424 2665 1492 apostolum
2699 1427 2835 1495 apud
2864 1427 3064 1484 Indiam
3092 1426 3121 1467 δ
3146 1446 3392 1501 passum,

1820 1512 2006 1581 agonis
2040 1513 2205 1581 ipsius
2237 1525 2415 1569 narrat
2443 1515 2661 1571 historia
2693 1518 2852 1589 (Sate.
2884 1537 2921 1588 t,
2953 1520 3024 1576 24
3054 1524 3235 1593 Aug.).
3269 1523 3397 1578 Post

1823 1603 2108 1658 multorum
2136 1620 2263 1661 vero
2289 1622 2548 1662 annorum
2575 1611 2746 1678 spatia
2767 1611 2833 1666 de
2857 1613 3100 1681 passione
3120 1614 3254 1683 ejus,
3272 1631 3393 1671 cum

128 1683 267 1738 ίηίδί
319 1681 554 1752 Ροδίιυεο
584 1692 745 1752 alque
787 1681 1136 1745 Ῐ¹¹¹¹πδῖη³ῑι¹εν
1168 1692 1293 1738 ³1³⁸⁸
1322 1683 1497 1738 locum
1537 1683 1718 1755 εθΡυΙ·
1744 1704 1794 1765 Β
1820 1696 1982 1767 758
2023 1697 2211 1752 iterum
2259 1699 2576 1756 Christianis
2623 1704 2920 1771 persecutio
2967 1681 3300 1773 advenisset,
3340 1720 3396 1764 et

130 1784 274 1829 tura:
305 1774 471 1843 ipsius
517 1774 896 1845 perpetualiter
942 1775 1032 1830 die
1074 1786 1340 1845 noctuque
1374 1776 1558 1832 divino
1585 1786 1718 1832 nutu

127 1866 468 1935 resplendet,
511 1881 539 1919 a
566 1866 725 1937 757
765 1867 913 1920 nullo
940 1865 1240 1921 fomentum
1291 1868 1397 1923 olei
1449 1868 1720 1938 scirpique

128 1962 416 2031 accipiens
442 1978 454 2013 :
477 1974 648 2028 neque
681 1970 842 2014 vento
886 1960 1255 2029 exstinguitur,
1288 1975 1460 2029 neque
1487 1975 1613 2016 casu
1640 1962 1721 2015 di-

130 2052 356 2116 labitur,
406 2065 576 2118 neque
614 2050 851 2105 ardentlo
899 2050 1183 2117 minuitur;
1228 2051 1493 2123 habetque
1542 2055 1715 2107 incre-

131 2152 383 2197 mentum
436 2157 534 2211 per
588 2142 812 2209 apostoli
871 2141 1159 2210 virtutem,
1189 2142 1328 2209 quod
1379 2145 1611 2199 nescitur
1649 2144 1717 2199 ab

136 2235 381 2299 homine,
422 2232 691 2302 cognitum
719 2242 895 2287 tamen
919 2229 945 2269 ἀ
976 2232 1204 2288 habetur
1227 2234 1418 2289 divinae
1451 2236 1718 2304 pmentiaa.

136 2327 255 2382 Hoc
297 2324 613 2381 Theodorus
654 2327 740 2394 qui
773 2325 837 2378 ad
869 2324 1042 2394 ipsum
1076 2326 1251 2381 locum
1282 2329 1537 2392 accessit,
1570 2329 1720 2384 nobis

134 2415 404 2487 exposuit.
457 2415 513 2469 ln
558 2409 856 2485 supradicta
905 2415 1064 2485 igitur
1114 2416 1281 2481 urbe,
1310 2417 1362 2471 in
1392 2433 1493 2488 qua
1540 2420 1723 2475 beatos

137 2519 291 2564 artus
318 2507 547 2562 diximus
578 2507 885 2571 tumulatos,
915 2505 1231 2562 adveniente
1262 2506 1574 2572 festivitate,
1606 2526 1721 2563 ma-

134 2615 276 2670 gnus
319 2609 635 2670 aggregatur
684 2600 1001 2669 populorum
1049 2608 1243 2665 cintus,
1273 2615 1336 2655 ac
1382 2601 1450 2656 de
1495 2602 1721 2657 diversis

135 2693 450 2763 regionibus
478 2708 597 2747 cum
620 2693 757 2746 votis
782 2694 1119 2762 negotiisque
1146 2692 1482 2749 venientibus
1516 2704 1539 2733 °
1556 2737 1572 2762 ,
1604 2711 1722 2751 ven-

138 2784 302 2840 dendi
332 2782 783 2852 comparandique
811 2798 907 2852 per
937 2782 1155 2852 triginta
1180 2782 1296 2838 dies
1323 2786 1440 2839 sine
1463 2784 1569 2840 ulla
1600 2786 1726 2841 telo-

141 2876 228 2930 nei
253 2875 531 2928 exactione
560 2873 770 2928 licentia
799 2872 974 2927 datur.
998 2872 1054 2927 In
1079 2873 1163 2929 bis
1192 2889 1320 2930 vero
1346 2874 1534 2931 diebus
1560 2878 1648 2945 qui
1671 2879 1724 2932 in

140 2982 330 3022 mense
362 2966 619 3022 habentur
656 2966 840 3037 quinto
866 2964 910 3032 τ,
933 2981 1121 3038 magna
1143 2978 1201 3023 et
1223 2966 1470 3023 inusitata
1513 2970 1725 3039 pupulis

142 3059 451 3130 praebentur
481 3058 756 3114 beneﬁcia.
781 3058 896 3114 Non
926 3059 1237 3114 scandalum
1265 3062 1434 3130 surgit
1461 3061 1513 3116 in
1540 3062 1716 3133 plebe,
1749 3077 1796 3141 ε

144 3167 253 3205 non
285 3165 467 3205 musca
494 3149 686 3205 insidet
713 3150 1050 3206 mortiﬁcatze
1072 3151 1239 3218 carni,
1263 3168 1372 3207 non
1399 3154 1540 3209 latex
1569 3154 1714 3210 deest

142 3241 369 3297 sitienti.
398 3240 528 3295 Nam
559 3256 679 3296 cum
710 3240 782 3296 ibi
821 3241 1043 3311 reliquis
1070 3240 1256 3297 diebus
1284 3244 1561 3315 plusquam
1590 3261 1711 3301 cen-

217 3399 324 3453 lIn
365 3397 654 3470 Clarom.a
703 3397 825 3452 huic
868 3396 1024 3467 capiti
1073 3396 1412 3470 sulijungitur
1454 3412 1611 3470 caput
1652 3403 1720 3459 de

140 3470 417 3524 miraculis
457 3469 627 3523 sancti
676 3469 903 3523 Andreae
946 3468 1208 3537 apostoli,
1241 3475 1380 3539 quod
1429 3468 1530 3536 est,
1559 3472 1716 3540 infra,

143 3550 305 3605 caput
332 3541 420 3596 79.

217 3612 243 3650 δ
279 3612 437 3664 Deest
480 3610 581 3665 hoc
619 3616 777 3673 caput
816 3608 869 3663 in
915 3608 1064 3663 Folb.
1102 3619 1199 3664 tut.
1243 3619 1295 3664 et
1338 3612 1497 3665 simul
1536 3627 1656 3667 cum
1683 3613 1718 3666 2

142 3698 296 3750 seqq.
318 3682 370 3735 in
400 3680 543 3735 Clar.
575 3697 626 3734 a.
660 3680 713 3733 In
744 3680 862 3734 aliis
890 3680 1017 3735 Mss.
1049 3690 1208 3747 caput
1239 3680 1338 3733 hoc
1364 3680 1417 3733 in
1448 3685 1553 3733 duo
1581 3683 1717 3737 divi-

144 3754 321 3816 ditur;
355 3751 574 3823 alterius
602 3753 785 3805 titulus
811 3760 929 3823 est;
960 3751 1033 3804 De
1064 3752 1256 3823 uirtute
1284 3752 1507 3823 basilica:
1534 3753 1587 3805 in
1615 3770 1717 3823 qua

145 3835 321 3889 postea
393 3822 668 3876 translatus
719 3830 813 3874 est.
877 3821 1163 3875 Historiam
1232 3822 1491 3890 passionis
1546 3821 1713 3878 sancti

140 3895 363 3949 'I‘homa
394 3892 753 3947 authenticam
781 3891 974 3945 nullam
1005 3891 1269 3946 novimus.
1293 3891 1509 3946 Certum
1535 3902 1712 3948 tamen

144 3965 353 4019 videtur
376 3964 523 4017 illum
553 3963 690 4032 apud
713 3961 871 4017 Indos
895 3960 1088 4015 Christi
1123 3962 1281 4016 Iidem
1310 3962 1711 4032 disseminasse,

140 4037 193 4091 id
221 4031 599 4105 attestantibus
622 4033 876 4105 Gregorio
914 4033 1269 4105 Nazianzeno,
1300 4042 1437 4088 orat.
1467 4031 1557 4101 25,
1594 4036 1699 4088 Ilie-

143 4120 368 4175 ronymo
396 4104 554 4172 epist.
591 4105 709 4175 148.
737 4104 1019 4158 Ambrosio
1042 4106 1090 4156 iit
1116 4104 1459 4175 pSMIIILXLY,
1495 4105 1712 4161 Paulino

142 4172 367 4246 aliisque
397 4176 598 4230 sanctis
644 4174 999 4246 I'atribus,ex
1045 4172 1615 4246 quibusCaudentius
1659 4190 1712 4230 et

142 4247 251 4312 alii,
280 4244 422 4301 'cum
473 4244 854 4300 vetustioribus
907 4244 1336 4313 Martyrologiis,
1391 4244 1540 4298 aiunt
1587 4261 1708 4301 eum

143 4318 340 4371 ibidem
371 4316 530 4369 vitam
573 4316 794 4385 ﬁniisse,
826 4323 881 4367 et
906 4315 1119 4383 quidem
1165 4314 1445 4385 martyrio,
1476 4331 1543 4370 ex
1570 4315 1707 4385 Nilo,

142 4388 376 4449 Asterio,
409 4386 597 4440 eodem
624 4384 941 4450 Gaudentio,
973 4398 1076 4439 etc.

1822 1791 2061 1845 viderent
2082 1792 2306 1861 gentiles
2331 1808 2543 1849 omnem
2573 1795 2821 1863 populum
2849 1797 2914 1850 ad
2945 1798 3063 1867 ejus
3090 1802 3393 1870 sepulcrum

1819 1894 2165 1949 concurrere,
2192 1881 2348 1952 eique
2378 1884 2780 1951 deprecationes
2825 1887 3038 1944 assidue
3076 1901 3131 1944 et
3180 1892 3397 1948 incensa

1819 1978 2059 2042 deferre,
2092 1976 2286 2030 invidia
2336 1975 2530 2041 illecti,
2563 1977 2898 2032 abstulerunt
2940 1994 3132 2050 corpus
3169 1982 3314 2050 ejus,
3342 1994 3396 2039 et

1823 2080 2079 2140 ponentes
2126 2071 2178 2124 in
2231 2070 2617 2140 sarcopltagum
2668 2071 3006 2140 plumbeum,
3061 2076 3399 2143 projecernnt

1823 2161 1951 2217 illttd
1982 2162 2034 2215 in
2065 2176 2233 2225 mare,
2260 2162 2497 2216 dicentes
2527 2179 2541 2217 :
2585 2162 2715 2229 Quia
2760 2180 2864 2218 non
2902 2164 3129 2221 seduces
3169 2169 3398 2237 amplius

1824 2256 2073 2323 pottulum
2119 2263 2381 2310 nostrum.
2418 2256 2519 2308 Sed
2569 2257 2896 2324 providentia
2944 2259 3032 2312 Dei
3076 2274 3398 2329 cooperante

1823 2362 1915 2416 per
1943 2358 2211 2402 secretum
2241 2348 2421 2417 operis
2448 2347 2585 2418 ejus,
2611 2350 2997 2419 sarcopltagutn
3034 2352 3338 2422 plumbeum
3368 2371 3398 2409 a

1824 2439 1942 2493 loco
1981 2439 2076 2493 illo
2121 2440 2276 2508 aquis
2320 2440 2737 2495 subvehentibus
2778 2444 3135 2509 sublevatum,
3166 2445 3398 2501 delatum

1823 2541 1906 2585 est
1933 2531 1995 2583 ad
2027 2530 2273 2599 insulam,
2296 2531 2557 2587 vocabulo
2586 2533 2790 2602 Liparis
2816 2532 2857 2588 ί.
2881 2534 3299 2608 Βενιειειιυιηίιυθ
3318 2548 3399 2596 est

1824 2621 2159 2684 Christianis,
2184 2632 2240 2677 ut
2266 2638 2386 2678 eum
2417 2624 2731 2695 colligerent
2762 2645 2776 2681 :
2807 2628 3193 2698 collectumque
3219 2645 3283 2683 ac
3311 2645 3399 2684 se-

1824 2714 2473 2784 pultum,:ediﬁcaverunt
2499 2732 2659 2786 super
2686 2733 2809 2772 eum
2842 2721 3097 2786 templum
3128 2735 3398 2790 magnum.

1826 2804 1883 2859 lo
1914 2820 2018 2874 quo
2051 2820 2192 2860 nunc
2220 2803 2527 2874 invocatus,
2558 2807 2814 2877 prodeSse
2847 2811 3057 2879 populis
3087 2812 3268 2867 multis
3298 2815 3399 2868 vir-

1828 2896 2031 2953 tutibus
2054 2912 2117 2953 ac
2146 2898 2418 2953 beneficiis
2449 2898 2773 2955 manifestat.

2334 3007 2562 3067 CAPUT
2593 3011 2683 3066 XX
2696 3011 2806 3067 XIV
2837 3012 2877 3070 l.

2219 3121 2297 3178 De
2326 3123 2588 3194 Stephano
2626 3135 3012 3197 protomartyre.

1891 3239 2194 3310 Stephanus
2239 3252 2414 3296 autem
2467 3243 2669 3312 primus
2716 3247 2800 3301 vel
2846 3246 3103 3303 diaconus
3149 3249 3403 3309 Ecclesim

1818 3403 2032 3471 gorius,
2064 3401 2166 3455 alia
2206 3417 2310 3454 non
2346 3403 2417 3457 sit
2460 3402 2529 3454 ab
2570 3417 2631 3458 ea
2660 3418 2779 3473 qua:
2821 3404 2921 3458 sub
2949 3405 3136 3461 Abdiaa
3184 3411 3403 3465 nomine

1818 3474 2157 3543 vulgataﬁest,
2196 3482 2373 3527 nostra
2418 3474 2572 3528 lectio
2599 3475 2702 3527 erit
2746 3475 3096 3543 praeferenda.
3145 3480 3198 3534 In
3234 3480 3401 3535 Etlitis

1817 3541 1975 3609 caput
2023 3541 2098 3618 5.?
2144 3551 2229 3618 est
2262 3544 2328 3618 de
2365 3555 2576 3618 sancto_
2607 3541 2880 3618 Stephano
2905 3588 2919 3611 ,
2972 3556 3026 3601 et
3071 3565 3308 3618 sequens
3337 3557 3404 3607 tte

1817 3622 2002 3688 sancto
2066 3612 2473 3688 Bartholomaao.
2548 3615 2991 3688 Bartholonimum
3050 3612 3187 3688 apud
3247 3622 3403 3675 Indos

1819 3683 1975 3737 Iidem
2004 3684 2349 3737 annutttiasse
2377 3693 2625 3738 constare
2657 3686 2863 3740 videtur
2903 3704 2967 3740 ex
3005 3683 3268 3753 Eusebio,
3306 3693 3400 3747 lib.

1818 3769 1873 3818 ν,
1923 3769 2060 3830 c~ap._
2091 3755 2200 3830 10..
2241 3753 2467 3830 Bulitto,
2494 3754 2616 3830 _lilt.
2650 3762 2945 3830 ttt,_cap._l
2971 3798 2986 3821 ,
3034 3761 3357 3830 Hieronymo
3384 3774 3415 3823 ,'

1816 3838 1911 3878 seu
1937 3822 2239 3894 sophronio
2258 3866 2272 3888 ,
2301 3823 2369 3876 de
2402 3825 2537 3877 Viris
2565 3822 2844 3889 illustrib.,
2876 3827 3122 3894 Socratej,
3155 3822 3258 3884 etc'.
3293 3834 3398 3886 Sed

1818 3909 1920 3947 non
1950 3893 2085 3946 adeo
2146 3905 2349 3963 certum
2398 3904 2663 3961 estquam
2712 3900 2980 3963 regionem
3033 3893 3105 3953 illi
3154 3914 3402 3958 auctores

1818 3964 1981 4018 Indize
2023 3963 2236 4016 nomine
2274 3962 2553 4033 designare
2598 3962 2879 4020 voluerint.
2920 3968 3048 4022 Vide
3093 3970 3401 4031 Tillcmont.

1819 4045 1965 4089 tomo
1995 4034 2013 4088 I
2042 4034 2176 4087 Hist.
2206 4034 2402 4088 eccles.

1893 4103 1908 4141 ί
1952 4104 2140 4171 Lipara
2181 4106 2350 4157 insula
2396 4105 2658 4172 praecipua
2698 4114 2780 4158 est
2822 4107 3117 4162 {Eoliarnm
3164 4111 3216 4164 in
3264 4115 3399 4169 mari

1814 4175 2125 4248 Tyrrheno,
2189 4175 2327 4228 haud
2394 4177 2578 4248 procul
2627 4192 2657 4229 a
2704 4175 2911 4243 Sicilia;
2960 4183 3230 4248 proprium
3272 4186 3401 4241 olint

1816 4245 2367 4319 ll:tbﬂll_epISCQplllli,
2400 4245 2648 4319 .~_ed__ejus
2676 4249 3011 4319 episcopatus
3042 4245 3225 4319 postea
3269 4255 3401 4309 Par-

1813 4319 1972 4379 tensi,
1997 4315 2133 4369 Pattt’
2152 4361 2165 4381 ,
2197 4315 2248 4367 in
2287 4331 2379 4369 ora
2406 4317 2599 4371 Sicilia:
2623 4313 2799 4374 un'itus
2821 4313 2903 4374 est
2923 4336 2949 4372 a
2972 4313 3244 4377 Bo'ttilacio
3265 4326 3401 4382 Vlll.

1814 4388 1998 4441 Sancti
2046 4387 2419 4443 Bartbolontaei
2450 4390 2757 4451 sepulcrum
2800 4406 2941 4444 anno
2983 4392 3087 4446 808
3135 4408 3165 4446 a
3210 4394 3402 4450 Sarra-

214 4467 238 4496 ε
269 4456 641 4531 Aliquo_t_Mss.
668 4467 723 4511 et
749 4457 872 4517 Ed..
903 4452 1369 4531 Syric_Edessam,
1398 4454 1490 4509 ubi
1510 4456 1708 4511 saeculo
1745 4453 1791 4511 D
1815 4458 1965 4512 cenis
1985 4458 2241 4531 _vit_tlatutn
2279 4467 2362 4511 est
2382 4497 2396 4518 ,
2428 4459 2648 4527 ejusque
2676 4474 2844 4515 sacrae
2874 4463 3110 4531 reliquiae
3138 4480 3280 4519 anno
3310 4482 3370 4521 se
3391 4495 3403 4511 ι

143 4544 194 4582 tv
222 4525 391 4581 sancti
446 4527 666 4582 Thomas
711 4541 906 4596 corpus
950 4525 1221 4581 exstitisse
1262 4533 1470 4580 constat
1502 4543 1567 4582 ex
1599 4531 1707 4581 llu~

142 4603 267 4652 lino.
293 4610 396 4649 etc.

208 4639 491 4736 Pthiiquot
515 4667 693 4730 scripti
725 4675 780 4720 et
808 4666 943 4720 Editi
964 4706 979 4727 ,
1011 4667 1269 4736 cognitum
1296 4675 1514 4721 tantum.

210 4749 234 4775 θ
292 4741 403 4792 Bal.
436 4779 452 4803 ,
530 4737 1032 4808 negolictoribusque~
1083 4739 1413 4790 venientibus.
1490 4738 1708 4805 Aliquot

144 4811 342 4875 smpti,
372 4806 678 4877 negotiisque
697 4808 966 4861 venientes.
990 4806 1289 4876 Negotium,
1312 4823 1410 4876 pro
1438 4808 1707 4873 mercede,

142 4891 228 4931 aut
257 4896 317 4933 re
347 4878 554 4942 venali,
584 4878 899 4949 quandoque
923 4878 1121 4932 assumi
1152 4887 1305 4933 notat
1342 4878 1630 4949 Bignonius
1653 4881 1704 4933 in

145 4950 260 5003 Vel.
296 4949 530 5002 Formul.
561 4964 681 5013 cap.
708 4948 797 4999 45.

215 5021 233 5058 ί
276 5021 371 5073 llic
407 5019 605 5073 mensis
637 5019 785 5087 juxta
826 5021 1080 5089 Syrorum
1125 5029 1464 5086 computum,
1497 5018 1585 5086 qui
1620 5034 1718 5073 an-

145 5108 266 5145 num
297 5107 326 5143 a
360 5089 641 5159 Novembri
673 5090 1025 5151 inchoabant,
1057 5097 1142 5142 est
1170 5090 1417 5151 Martius,
1452 5105 1557 5157 quo
1585 5090 1703 5159 Syri

144 5164 329 5215 festum
348 5158 514 5213 Sancti
543 5159 763 5213 Thomas
790 5159 1161 5223 celebrabant,
1195 5171 1252 5212 ut
1282 5167 1505 5228 patetex
1528 5158 1712 5213 eorum

141 5232 458 5288 Kalenutario
486 5231 625 5300 quod
662 5229 1032 5284 Genebrardus
1060 5231 1226 5283 edidit
1269 5230 1507 5300 Lugduni
1544 5230 1712 5296 1615,

142 5305 295 5356 simul
322 5317 442 5356 eum
476 5314 572 5351 suo
610 5301 661 5353 in
696 5300 934 5353 Psalmos
960 5301 1340 5353 commentario
1370 5317 1382 5350 :
1415 5299 1586 5351 Latini
1628 5311 1710 5351 ta-

143 5390 259 5428 tnen
296 5375 382 5425 die
422 5370 638 5435 3Jnlii,
686 5385 777 5422 seu
822 5371 1022 5424 mensis
1058 5370 1260 5439 quinti,
1307 5376 1496 5423 testum
1544 5369 1713 5424 sancti

139 5444 386 5507 'i'ltomtc,
419 5442 664 5494 ttintirntn
698 5439 1113 5503 Translatiottis,
1142 5440 1433 5494 celebrant.
1500 5450 1503 5453 ‘

208 5523 233 5561 ε
272 5515 371 5568 Atii
392 5552 407 5573 ,
440 5512 662 5577 publice,
694 5526 785 5571 seu
817 5509 1033 5579 publica.

208 5581 234 5621 ι’
271 5586 357 5639 Sic
394 5584 551 5637 Mart.
593 5592 645 5634 et
690 5578 844 5633 (ilict.
895 5580 1082 5635 Caneri
1123 5580 1217 5633 Ed.
1245 5588 1299 5633 et
1320 5578 1540 5646 scripti,
1572 5580 1712 5643 apud

142 5656 330 5716 Αιίωκ,
364 5654 420 5711 St
458 5651 716 5722 passionis
746 5652 1003 5717 historia,
1038 5667 1195 5721 quam
1241 5650 1326 5705 hic
1364 5651 1541 5704 laudat
1581 5650 1708 5703 Cre-

1814 4529 1996 4595 quenti
2045 4528 2400 4582 Beneventum
2448 4531 2715 4583 translatis
2766 4542 2930 4597 sunt,
2980 4528 3121 4588 unde
3176 4534 3399 4592 Romani

1815 4600 1995 4671 allata:
2015 4597 2326 4671 fuerttutab
2347 4604 2541 4671 Quone
2571 4600 2662 4666 lll,
2692 4604 2921 4671 atquein
2954 4602 3123 4658 insula
3148 4606 3400 4664 Tiberina

1816 4669 2074 4735 depositus
2101 4708 2115 4729 ,
2169 4669 2254 4721 ubi
2308 4668 2612 4723 etiamnunc
2650 4668 2996 4729 asservantur
3022 4711 3041 4730 .
3087 4675 3402 4734 Theodorus

1817 4738 2122 4815 lsecto‘rli‘b.
2145 4752 2185 4791 11
2202 4739 2383 4815 scribit
2403 4739 2573 4815 sancti
2592 4742 2894 4815 Bartltolom
2908 4746 2963 4800 ei
2988 4747 3239 4815 reliquias
3258 4765 3400 4804 attno

1816 4810 1942 4887 circ.
2102 4811 2152 4861 itt
2184 4810 2367 4865 urbem
2400 4807 2568 4865 Daras
2596 4814 2860 4869 Anastasii
2891 4816 3020 4886 imp.
3033 4806 3187 4887 jussu
3220 4830 3398 4873 trans-

1820 4880 1952 4932 latas
1978 4878 2157 4931 fuisse.

1901 4951 1918 4998 l
1969 4950 2077 5002 Hoc
2128 4950 2180 5001 itt
2235 4951 2409 5018 capite
2454 4952 3059 5020 Gregorius'memorat
3117 4959 3398 5016 ecclesiam

1818 5021 1984 5073 sancti
2009 5020 2294 5086 Stephani,
2325 5036 2480 5089 quam
2513 5024 2650 5089 apud
2678 5022 2989 5079 Turonicam
3014 5028 3187 5080 urbem
3229 5031 3397 5085 exsti-

1819 5090 1948 5167 tisse
1984 5090 2109 5167 dicit
2135 5105 2153 5167 ;_
2180 5090 2327 5144 addit
2370 5102 2543 5146 tamen
2574 5094 2730 5162 paulo
2783 5108 2899 5164 post
2939 5113 2998 5151 se
3044 5107 3162 5167 post
3203 5103 3397 5155 omitas

1819 5162 1928 5214 dies
1968 5162 2033 5213 at!
2074 5161 2245 5212 urbem
2274 5161 2593 5234 regressum,
2626 5173 2729 5217 etc.
2750 5161 2913 5234 {quas
2948 5161 3102 5220 verba
3123 5208 3139 5231 ,
3185 5171 3283 5223 nisi
3328 5173 3397 5225 de

1819 5234 1923 5303 alio
1950 5237 2198 5300 quopiam
2231 5232 2417 5285 itinere
2456 5232 2929 5299 ituclligenda'sint
2951 5280 2965 5303 ,
2994 5237 3231 5294 indicant
3272 5256 3399 5295 ora-

1821 5302 2016 5375 torium
2041 5303 2209 5370 ipsum
2233 5312 2380 5355 extra
2406 5303 2591 5375 urbem
2617 5305 2667 5356 in
2693 5306 2808 5358 vico
2830 5302 3007 5375 aliquo
3027 5306 3186 5362 situm
3210 5310 3394 5366 fuisse.

1819 5372 2280 5450 Cmterumexsmt
2315 5373 2571 5450 hodieque
2601 5377 2737 5450 apud
2767 5372 3008 5450 ’l‘uronos
3034 5379 3175 5450 haud
3204 5384 3401 5450 μνουιιι

1817 5457 1847 5495 a
1890 5442 2326 5522 primariobrbs
2372 5446 2566 5522 templo
2605 5446 2834 5522 ecclesia
2861 5448 3044 5522 sancti
3093 5442 3399 5522 Stephani,

1823 5513 2107 5589 paroeltiali
2142 5513 2292 5567 titulo
2316 5518 2552 5589 gaudens
2572 5555 2587 5579 ,
2618 5530 2734 5584 qua:
2759 5518 2903 5573 urbis
2938 5529 3105 5589 portae
3132 5513 3399 5580 et'vic‘ttua

1821 5585 2077 5640 suburbto
2105 5599 2299 5639 nomen
2333 5582 2538 5638 tribuit.
