4020 6194
154 284 261 337 757

1013 281 1507 341 MIRACULORUM
1546 280 1674 337 LIB.
1719 281 1758 335 I.
1801 280 1886 335 DE
1925 281 2178 338 GLORIA
2217 283 2631 342 MARTYRUM.

3320 292 3425 347 758

152 408 392 470 cedens,
431 405 647 460 sudario
675 414 852 473 guttas
877 419 994 473 quae
1029 406 1080 459 in
1127 408 1483 470 pavimentum
1527 401 1748 468 dilapsa:
1777 399 1971 460 Arcum
2001 414 2123 454 eum
2153 400 2389 456 dormire
2422 402 2792 472 cognovisset,
2824 404 3110 461 excitatum
3141 407 3422 472 velociter,

152 503 374 556 fuerant
417 498 699 569 diligenter
744 496 988 566 collegit,
1030 506 1086 553 et
1128 496 1509 551 Bertchramno
1552 502 1613 563 ⁸,
1655 493 1745 562 qui

161 602 294 646 tunc
343 589 596 659 temporis
637 588 692 643 in
735 589 1051 659 episcopatu
1086 589 1277 641 urbem
1317 586 1574 655 regebat,
1630 599 1746 638 ma-

158 681 456 739 nifestavit.
522 679 677 745 Quod
736 680 833 734 ille
874 694 998 734 cum
1054 678 1250 748 gaudio
1294 686 1349 732 et
1394 675 1747 730 admiratiOne

156 788 357 843 magna
394 771 732 839 suscipiens,
792 786 972 825 secum
1032 770 1272 825 retinuit.
1331 768 1406 822 De
1455 767 1557 821 hoc
1602 767 1745 819 enim

158 866 383 920 sudario
409 864 558 918 multi
590 863 783 918 infirmi
816 863 1096 917 sanitatem
1119 861 1331 930 experti
1357 867 1512 922 sunt,
1542 872 1607 914 ac
1637 857 1748 926 ple-

158 970 396 1025 rumque
429 964 480 1009 et
508 956 630 1023 ipse
657 953 909 1022 pontifex
946 953 1013 1008 de
1049 968 1117 1008 eo
1158 953 1452 1020 decerpens
1495 951 1745 1020 pignora,

160 1050 257 1103 ubi
288 1048 547 1103 ecclesias
575 1046 960 1112 consecrabat,
1011 1045 1237 1101 fideliter
1272 1043 1572 1100 collocavit.
1623 1041 1749 1096 Haec

160 1153 347 1195 autem
378 1140 445 1195 ab
475 1139 641 1208 ipsius
664 1137 904 1206 episcopi
927 1136 1097 1191 relatu
1124 1138 1492 1206 cognovimus.

716 1251 942 1307 CAPUT
984 1251 1199 1306 XXXV.

459 1362 534 1416 De
572 1361 829 1417 Clemente
863 1365 1100 1433 episcopo
1139 1374 1187 1417 et
1224 1372 1463 1434 martyre.

241 1475 490 1530 Clemens
515 1473 543 1513 δ
572 1484 795 1546 martyr,
824 1486 881 1535 ut
907 1477 959 1529 in
988 1476 1233 1544 passione
1262 1475 1377 1545 ejus
1408 1475 1623 1544 legitur,
1651 1491 1748 1529 an-

175 1575 348 1623 chora
389 1569 527 1623 collo
565 1568 683 1636 ejus
719 1583 976 1636 suspensa
1010 1569 1062 1622 in
1094 1584 1242 1623 mare
1284 1569 1640 1637 praecipitatus
1669 1576 1751 1622 est

169 1662 307 1731 (An.
338 1662 460 1725 l00,
492 1660 563 1715 25
596 1659 792 1729 Nam).
824 1659 972 1721 Nunc
1003 1669 1179 1716 autem
1208 1660 1257 1721 in
1287 1658 1374 1713 die
1397 1659 1751 1717 solemnitatis

164 1751 317 1822 ejus,
351 1751 553 1805 recedit
585 1766 731 1805 mare
760 1767 855 1820 per
886 1752 980 1805 tria
1015 1752 1211 1815 millia,
1232 1749 1542 1819 siccumque
1570 1752 1749 1822 ingre-

165 1844 450 1901 dientibus
499 1843 599 1898 iter
647 1843 915 1911 praebens,
968 1858 1137 1913 usque
1184 1844 1308 1898 dum
1350 1843 1415 1898 ad
1445 1843 1749 1912 sepulcrum

169 1937 786 2008 martyrispervenitur,
811 1937 990 2005 ibique
1013 1945 1133 1995 vota
1158 1937 1440 1995 reddentes
1464 1946 1516 1992 et
1537 1945 1755 1993 orantes

168 2031 363 2101 populi
393 2073 409 2098 ,
438 2029 811 2099 regrediuntur
840 2030 906 2084 ad
938 2030 1085 2084 littus
1117 2039 1163 2083 ο.

715 2124 941 2181 CAPUT
976 2123 1222 2180 XXXVI.

170 2216 257 2271 De
307 2230 467 2285 puero
514 2214 584 2268 ad
627 2215 904 2271 Clementis
952 2214 1245 2283 sepulcrum
1293 2232 1383 2284 per
1422 2215 1545 2268 σηιιὶ
1590 2215 1754 2268 curri-

248 2288 464 2350 culum,
514 2287 722 2353 perinde
769 2297 921 2358 atque
972 2287 1125 2340 unius
1175 2296 1373 2341 tantum
1427 2287 1589 2341 noctis
1635 2302 1756 2355 span

253 2359 381 2409 tium
407 2398 423 2422 ,
463 2358 762 2410 dormiente.

255 2450 477 2506 Factum
510 2460 594 2506 est
621 2460 798 2506 autem
829 2458 887 2504 ut
915 2450 968 2507 in
998 2466 1101 2506 una
1135 2451 1531 2506 solemnitatum
1562 2451 1757 2507 mulier

173 2559 305 2598 cum
333 2542 443 2597 filio
472 2543 694 2611 parvulo
723 2543 772 2596 in
806 2543 980 2597 locum
1008 2543 1310 2598 accederet.
1356 2542 1619 2612 Epulante
1660 2560 1757 2597 au-

179 2644 292 2689 tem
322 2648 385 2690 ea
416 2644 538 2705 post
570 2643 692 2688 acta
718 2634 1009 2695 solemnia,
1041 2634 1366 2689 obdormivit
1395 2635 1592 2690 infans.
1625 2636 1758 2690 Dum

174 2734 365 2780 autem
395 2726 510 2779 haec
533 2735 816 2795 agerentur
840 2726 999 2797 762
1016 2767 1030 2792 ,
1057 2740 1183 2783 ecce
1207 2741 1369 2783 sonus
1393 2727 1571 2783 subito
1590 2728 1763 2783 factus

178 2828 270 2873 est
298 2818 603 2874 accedentis
636 2819 836 2888 pelagi.
882 2818 1086 2874 Dehinc
1123 2819 1286 2875 oblita
1328 2820 1520 2876 mulier
1557 2821 1762 2877 sobolis

183 2930 333 2979 suae,
362 2914 525 2981 cmpit
555 2914 813 2968 velociter
836 2928 958 2968 cum
997 2913 1201 2981 reliquo
1242 2913 1436 2982 populo
1477 2922 1659 2982 petere
1693 2915 1763 2967 ri-

186 3021 335 3074 pam.
374 3003 539 3074 Igitur
577 3003 876 3071 insequenti
918 3004 1081 3058 maris
1114 3018 1338 3069 accessu
1380 3014 1658 3074 postquam
1697 3006 1763 3059 ad

188 3099 347 3153 littus
386 3106 639 3164 venerat,
680 3097 928 3165 meminit
963 3111 1023 3153 se
1065 3098 1229 3153 filium
1273 3098 1571 3167 reliquisse.
1615 3098 1763 3155 Tunc

186 3207 314 3248 cum
347 3191 474 3247 fletu
504 3205 697 3261 magno
720 3190 933 3261 dejecta
966 3194 1156 3258 terris,
1187 3192 1437 3247 miseram
1478 3207 1538 3247 se
1582 3194 1763 3247 clami-

188 3293 350 3349 tans,
375 3283 553 3339 littora
583 3283 801 3337 vocibus
831 3283 1096 3352 replebat,
1124 3292 1284 3353 atque
1311 3284 1643 3341 discurrebat
1673 3300 1766 3347 per

190 3374 485 3431 circuitum
525 3374 792 3443 riparum,
827 3375 870 3428 si
899 3375 1033 3430 forte
1062 3385 1336 3431 enecatam
1376 3376 1583 3444 prolem
1621 3375 1765 3446 ejec-

190 3476 412 3535 tamque
458 3466 623 3522 littori
661 3465 856 3536 aliquis
894 3467 1281 3535 conspicasset.
1325 3467 1432 3524 Sed
1470 3484 1593 3524 cum
1634 3469 1766 3526 nihil

193 3558 463 3612 inveniret
498 3556 717 3623 indicii,
765 3555 978 3611 tandem
1016 3556 1293 3611 consolata
1340 3574 1371 3612 a
1414 3559 1724 3628 prepinquis
1749 3604 1764 3628 ,

192 3651 259 3705 ad
300 3650 516 3719 propria
559 3648 854 3715 reducitur,
900 3658 1068 3703 totum
1109 3665 1307 3704 annum
1338 3650 1390 3704 in
1420 3650 1561 3705 luctu
1589 3666 1652 3713 ac
1686 3653 1769 3707 la.-

196 3742 523 3799 mentatione
570 3740 864 3796 deducens.
908 3739 1242 3801 Recurrente
1282 3751 1458 3799 autem
1497 3744 1623 3798 anni
1659 3746 1768 3798 cir-

150 3834 153 3837 ’
194 3833 549 3912 ευιοννθιιὶι
587 3832 779 3889 iterum
823 3831 889 3887 ad
929 3833 1271 3902 spectandam
1313 3832 1339 3871 ά
1374 3831 1632 3907 marty'ris
1675 3849 1769 3889 so-

195 3928 527 3988 lemnitatem
546 3966 562 3992 ,
594 3925 838 3982 fortassis
864 3926 932 3983 de
961 3926 1223 3982 infantulo
1251 3927 1294 3982 si
1324 3927 1499 3997 aliqua
1529 3928 1770 3985 invenire

196 4029 367 4093 possit
396 4021 613 4078 indicia.
643 4019 781 4089 Quid
812 4021 1001 4089 plura?
1031 4021 1333 4077 Recedente
1374 4022 1538 4088 mari,
1580 4022 1773 4077 antici-

197 4128 289 4187 pat
315 4132 506 4177 omnes
545 4117 611 4172 ad
642 4116 1086 4187 ingrediendum,
1119 4125 1172 4172 et
1211 4117 1324 4187 ipsa
1365 4118 1532 4186 prima
1572 4129 1773 4186 praece-

196 4213 273 4268 dit
310 4213 376 4267 ad
406 4211 688 4267 tumulum.
733 4210 970 4279 Cumque
1002 4220 1263 4279 prostrata
1308 4212 1426 4266 solo
1475 4213 1768 4269 orationem

196 4307 511 4373 explesset,
559 4313 736 4359 erecta
781 4318 1031 4371 sursum,
1083 4303 1233 4373 genis
1277 4305 1504 4359 ubertim
1553 4304 1769 4358 fletuum

197 4396 460 4452 imbribus
504 4394 848 4458 madefactis,
896 4395 1021 4448 dum
1062 4393 1279 4451 divertit
1324 4396 1376 4450 in
1419 4406 1568 4465 parte
1605 4395 1770 4450 altera

195 4489 449 4553 vultum,
499 4487 691 4557 aspicit
744 4486 906 4565 filium
948 4484 1003 4541 in
1052 4486 1240 4541 eodem
1298 4485 1450 4549 loco,
1502 4487 1590 4541 ubi
1640 4502 1761 4542 eum
1798 4522 1852 4583 Β

196 4582 556 4635 dormientem
592 4578 882 4647 reliquerat
909 4621 924 4645 ,
969 4578 1021 4632 in
1054 4577 1171 4647 ipso
1197 4577 1373 4633 adhuc
1399 4593 1593 4647 sopore
1622 4589 1769 4633 tene-

196 4676 264 4729 ri.
306 4672 601 4728 Estimans
637 4682 813 4726 autem
858 4686 979 4724 eum
1023 4684 1144 4724 esse
1182 4668 1523 4735 defunctum,
1566 4669 1772 4724 accedit

199 4766 486 4832 cominus,
524 4764 674 4833 quasi
710 4763 1002 4819 collectura
1055 4761 1285 4817 cadaver
1336 4762 1583 4817 exanime
1616 4780 1629 4815 :
1674 4762 1768 4818 sed

273 4929 301 4956 ³
342 4918 417 4973 De
448 4916 547 4972 hoc
581 4916 727 4983 plura
759 4916 811 4970 in
843 4914 1090 4970 Historiae
1120 4913 1268 4971 libris
1295 4917 1517 4983 passim.

267 4986 300 5027 δ
338 4988 451 5042 Hoc
495 4995 655 5055 caput
700 4996 755 5041 et
788 4986 894 5041 duo
938 5000 1088 5054 seqq.
1133 4986 1326 5041 desunt
1364 4988 1414 5040 in
1461 4985 1611 5042 Colb.
1659 4994 1762 5047 tut.

200 5062 362 5115 Deest
406 5074 534 5114 vero
577 5072 696 5113 cum
736 5058 971 5127 quinque
1008 5071 1158 5125 seqq.
1211 5056 1262 5127 in
1300 5055 1445 5110 Clar.
1492 5056 1545 5110 b.
1597 5059 1766 5112 Porro

198 5131 447 5199 martyris
478 5128 687 5184 titulum
710 5124 931 5199 Rufinus
960 5124 1145 5182 saneto
1169 5124 1429 5199 Clementi
1459 5130 1672 5190 tribuit,
1699 5142 1764 5184 ac

197 5196 455 5269 deinceps
500 5213 691 5254 omnes
736 5198 896 5262 vulgo
936 5208 1201 5269 auctores.
1253 5196 1381 5267 Ejus
1424 5212 1556 5251 vero
1597 5200 1761 5264 Acta,

198 5287 319 5336 qua:
364 5268 450 5326 hic
497 5270 786 5340 Gregorius
830 5268 1040 5332 laudat,
1086 5277 1209 5321 ante
1250 5268 1504 5340 saeculum
1543 5283 1594 5321 vi
1637 5277 1763 5323 nota

198 5342 366 5397 fuisse
405 5344 552 5397 nutlo
589 5338 918 5409 antiquitatis
954 5347 1299 5409 monumento
1336 5338 1508 5409 evinci
1564 5347 1759 5405 potest.

198 5413 443 5467 Celebris
472 5422 651 5466 tamen
680 5407 1012 5479 postmodum
1066 5408 1118 5461 in
1150 5407 1334 5479 Galliis
1347 5408 1529 5479 fuisse
1558 5424 1665 5463 non
1695 5424 1760 5463 ex

197 5482 461 5553 Gregorio
487 5476 696 5553 solum,
719 5480 813 5539 sed
839 5482 996 5553 etiam
1020 5494 1087 5534 ex
1111 5476 1561 5553 M_i_ssali_(_;_ot,hico
1588 5487 1766 5553 patet,

201 5554 288 5607 ubi
311 5547 520 5608 'eorum
570 5547 804 5619 epitOme
847 5550 1093 5619 refertur.
1133 5548 1268 5603 Vide
1304 5547 1631 5606 Tillemontii
1673 5566 1771 5603 no-

199 5634 302 5677 tam
343 5626 412 5679 12
450 5626 508 5679 in
548 5617 723 5676 Vitam
761 5620 931 5674 sancti
968 5617 1291 5684 Clementis,
1344 5629 1489 5673 tomo
1540 5618 1583 5673 ll
1630 5619 1764 5673 llist.

196 5696 387 5751 cocleas.

268 5778 290 5806 ε
332 5768 449 5825 lloc
485 5761 803 5821 miraculum
842 5760 1156 5828 saeculo“,
1195 5759 1335 5831 apud
1371 5758 1763 5817 Chersonesum

1850 492 2284 561 exspectantibus
2313 486 2519 563 populis
2540 536 2555 559 ,
2586 495 2906 550 incolumem
2940 497 3130 550 levavit
3161 498 3212 551 in
3242 500 3421 565 u'nis;

1852 582 2291 655 interroaansque
2330 586 2470 641 inter
2517 588 2731 653 oscula,
2783 588 2870 642 ubi
2930 604 3023 655 per
3068 590 3191 643 anni
3235 590 3423 645 fuisset

1853 674 2107 743 spatium.
2146 674 2369 731 Nescire
2408 691 2467 731 se
2492 677 2597 741 ait,
2632 678 2677 731 si
2708 692 2878 732 annus
2909 680 3110 747 imeger
3138 677 3424 745 praeteriis—

1851 776 1971 830 set,
2025 773 2230 820 tantum
2283 766 2568 820 dormiisse
2620 782 2679 822 se
2728 770 2876 823 suavi
2926 785 3123 839 sopore
3168 771 3221 824 in
3267 771 3423 826 unius

1853 858 2020 914 noctis
2058 861 2228 927 spatio
2265 860 2578 915 azstimabat.
3140 869 3149 878 ’

2377 995 2600 1052 CAPUT
2642 997 2902 1052 XXXVII.

2104 1107 2177 1161 De
2214 1124 2347 1178 aqua
2384 1110 2535 1177 fontis
2574 1114 2684 1178 eius
2722 1114 2903 1167 virtute
2938 1114 3168 1168 reducta.

1926 1241 2064 1295 Fons
2106 1252 2129 1279 θ
2170 1252 2285 1295 erat
2325 1242 2549 1311 irriguos
2589 1242 2695 1296 ruri
2735 1244 2978 1310 cuidam,
3028 1244 3163 1298 infra
3213 1247 3424 1299 territo-

1853 1336 1988 1389 rium
2023 1335 2170 1389 urbis
2201 1334 2589 1399 Lemoviciiue,
2622 1335 2774 1403 cujus
2805 1336 2941 1389 unda
2993 1346 3096 1390 tam
3145 1338 3418 1391 hortorum

1856 1440 1969 1483 sata
2000 1445 2153 1501 quam
2187 1443 2436 1492 agrorum
2478 1431 2617 1482 culta
2659 1430 2741 1483 vel
2774 1428 2996 1485 fovebat
3035 1445 3288 1493 accessu,
3336 1430 3421 1484 vel

1855 1522 2052 1589 impetu
2104 1520 2437 1577 fecundabat.
2496 1520 2867 1576 Deducebatur
2929 1522 3088 1575 etiam
3131 1522 3284 1575 factis
3322 1521 3420 1577 de—

1854 1613 2100 1667 cursibus
2150 1630 2245 1674 ncr
2293 1614 2405 1666 loca
2449 1615 2784 1679 necessaria,
2837 1626 2894 1669 ut
2943 1614 3030 1673 ubi
3073 1630 3195 1671 eum
3236 1625 3422 1669 natura

1857 1717 1959 1757 non
2001 1702 2160 1773 763
2200 1703 2387 1767 dabat,
2430 1702 2663 1758 studium
2707 1714 3039 1770 provocaret.
3082 1705 3147 1759 Et
3173 1714 3290 1759 erat
3319 1715 3427 1759 tam

1788 1777 1828 1835 Β
1856 1793 2102 1847 dulcibus
2128 1809 2259 1846 vena
2289 1794 2618 1849 exuberante
2647 1794 2892 1859 fluentis,
2942 1806 2998 1850 ut
3037 1796 3271 1863 gaudere
3313 1812 3430 1850 cer-

1860 1900 2017 1939 neres
2049 1886 2167 1939 olus
2197 1886 2312 1940 sive
2342 1888 2662 1956 virgultum,
2693 1889 2736 1942 si
2770 1888 2957 1941 fuisset
2994 1888 3062 1943 ab
3088 1889 3276 1943 eodem
3311 1889 3431 1944 irri-

1855 1987 2053 2047 gatnm.
2077 1978 2446 2047 Opitulabatur
2475 1981 2633 2033 etiam
2662 1982 2712 2032 in
2743 1996 2808 2033 eo
2835 1980 2999 2050 gratia
3029 1980 3321 2048 Majcstalis
3349 1983 3431 2037 di-

1858 2074 1993 2127 vinr
2012 2114 2026 2138 ,
2056 2082 2110 2126 ut
2142 2073 2192 2126 in
2226 2088 2332 2141 quo
2360 2072 2542 2126 fuisset
2575 2073 2827 2127 fluentum
2857 2074 3108 2128 emissum
3129 2114 3145 2138 ,
3175 2074 3432 2129 velociter

1856 2166 2092 2236 germina
2120 2167 2427 2233 acciperent
2455 2164 2869 2220 incrementum.
2912 2164 3153 2232 Cumque
3195 2179 3317 2219 eum
3350 2166 3432 2217 in-

1856 2260 1989 2314 colae
2030 2256 2161 2323 loci,
2198 2258 2353 2327 quasi
2397 2258 2576 2317 ludum
2619 2266 2871 2322 agentes,
2913 2273 3005 2324 per
3042 2256 3247 2326 singula
3289 2273 3432 2325 quae-

1858 2364 1961 2420 que
1991 2349 2101 2402 loca
2132 2348 2487 2412 deducerent,
2519 2349 2871 2415 insidiatoris,
2902 2361 2957 2402 ut
2987 2349 3166 2415 credo,
3193 2349 3391 2404 invidia
3416 2395 3433 2418 ,

1858 2441 1958 2497 sub
1989 2450 2126 2496 terra
2148 2441 2475 2505 dehiscens,
2506 2456 2568 2496 ac
2602 2441 2746 2495 velut
2776 2442 2829 2495 in
2856 2441 3044 2496 stadiis
3069 2441 3348 2496 duodecim
3376 2443 3437 2497 in

1862 2534 2095 2588 medium
2131 2533 2336 2599 paludis
2356 2574 2374 2598 ,
2398 2532 2495 2587 ubi
2525 2533 2722 2587 nullum
2744 2548 2966 2601 prorsus
2994 2543 3172 2602 posset
3198 2548 3331 2604 opus
3357 2534 3437 2588 ef-

1865 2627 2061 2691 ficere,
2090 2625 2345 2681 fluctibus
2370 2625 2574 2694 sparsis
2596 2626 2860 2679 exoritur.
2892 2624 3169 2694 Extemplo
3200 2625 3436 2685 omnium

1867 2728 2076 2773 mentes
2102 2718 2265 2773 timor
2294 2717 2534 2781 obsedit,
2568 2725 2623 2771 et
2651 2732 2842 2771 novum
2875 2717 3156 2784 quemdam
3184 2717 3439 2770 advenire

1866 2808 2071 2880 regioni
2097 2809 2198 2863 loci
2232 2810 2422 2863 incolae
2446 2808 2820 2876 praestolamur
2847 2806 3117 2861 interitum
3134 2848 3149 2871 ,
3175 2807 3438 2876 simulque

1865 2912 1926 2957 et
1950 2900 2268 2955 beneficium
2300 2899 2443 2968 quod
2479 2899 2676 2953 habere
2706 2908 3139 2962 consueverant,
3170 2898 3279 2965 jngi
3313 2898 3440 2952 fletu

1867 2992 2172 3061 deplorant.
2219 2989 2553 3045 Curriculum
2609 2990 2770 3059 igitur
2817 2988 2974 3043 unius
3022 2997 3180 3057 atque
3222 2988 3444 3043 alterius

1870 3085 1991 3150 anni
2029 3085 2079 3138 in
2113 3085 2208 3136 hac
2238 3083 2484 3137 ariditate
2528 3080 2858 3149 pertransiit.
2903 3080 3170 3137 Arescnnt
3209 3082 3295 3135 siti
3340 3082 3443 3137 locl

1869 3179 2011 3234 illius
2039 3177 2217 3233 omnia
2240 3220 2254 3243 ,
2284 3191 2402 3246 qua:
2432 3176 2657 3245 irrigare
2685 3184 3061 3231 consueverat.
3093 3174 3276 3230 Tertio
3304 3191 3441 3242 quo-

1868 3284 1973 3339 que
2014 3284 2153 3324 anno
2197 3267 2390 3323 accidit
2429 3278 2487 3322 ut
2525 3268 2739 3338 quidam
2783 3269 2886 3324 iter
2925 3283 3090 3339 agens
3134 3268 3276 3323 beati
3321 3270 3445 3324 Cle-

1860 3365 2061 3421 mentis
2088 3363 2369 3433 martyris,
2401 3363 2555 3433 cujus
2582 3364 2690 3432 jam
2717 3379 2878 3433 supra
2910 3364 3284 3426 meminimus,
3317 3364 3447 3418 reli-

1860 3459 2020 3528 quias
2064 3457 2375 3524 exhiberet,
2421 3470 2555 3526 quas
2606 3455 2793 3510 Aridio
2830 3455 2849 3493 τ
2880 3456 3047 3526 ipsius
3095 3455 3244 3513 urbis
3293 3470 3446 3524 pres-

1858 3551 2093 3622 bytero,
2140 3549 2257 3604 viro
2298 3549 2351 3611 in
2390 3546 2534 3603 omni
2579 3548 2863 3604 sanctitate
2905 3548 3191 3617 religioso,
3232 3546 3445 3603 detulit.

1856 3642 1953 3707 Ad
2004 3658 2163 3713 quem
2211 3657 2333 3703 cum
2383 3642 2470 3697 die
2509 3652 2776 3711 noctuque
2820 3641 2980 3697 vieini
3030 3640 3206 3697 moesti
3252 3639 3446 3696 tende—

1869 3744 1993 3794 rent
2022 3745 2070 3801 κ,
2099 3734 2286 3792 confisi
2315 3733 2383 3803 de
2411 3734 2529 3803 ejus
2558 3734 2801 3791 oratione
2819 3776 2834 3795 ,
2865 3731 3006 3802 quod
3028 3733 3077 3789 si
3109 3740 3313 3801 peteret
3341 3732 3448 3785 llo-

1869 3829 2106 3892 minum,
2153 3824 2357 3881 fontem
2404 3834 2587 3894 posset
2632 3840 2730 3878 suo
2778 3825 3063 3883 restituere
3108 3825 3264 3886 loco,
3315 3824 3440 3879 ait:

1869 3921 2104 3988 Eamus,
2158 3917 2365 3985 inquit,
2413 3916 2774 3980 dilectissimi,
2826 3927 2879 3971 et
2920 3917 2964 3970 si
3004 3929 3128 3971 vera
3168 3924 3294 3971 sunt
3328 3930 3448 3983 qua!

1872 4012 2101 4084 portitor
2131 4019 2314 4064 noster
2340 4006 2569 4063 asseruit
2599 4008 2713 4061 hac
2742 4021 2861 4062 esse
2880 4004 3169 4061 Clementis
3200 4006 3449 4077 martyris

1871 4104 2133 4173 pignora,
2184 4116 2325 4155 nunc
2371 4098 2691 4169 apparebit,
2739 4114 2858 4154 cum
2908 4099 3023 4168 ejus
3070 4097 3234 4153 fuerit
3276 4098 3447 4155 virtus

1870 4192 2231 4252 manifestata.
2276 4191 2427 4246 Tunc
2467 4206 2586 4246 cum
2627 4191 2913 4262 psallentio
2950 4189 3018 4244 ad
3059 4190 3232 4245 locum
3284 4188 3448 4245 fontis

1870 4285 2099 4343 accedit.
2136 4285 2205 4345 Et
2231 4284 2390 4341 dictis
2423 4282 2675 4350 psalmis,
2706 4282 2758 4336 in
2787 4280 3028 4335 oratione
3054 4280 3411 4350 prosternitur
3432 4298 3447 4311 ·

1873 4381 2167 4449 positisque
2195 4376 2397 4433 sanctis
2429 4375 2672 4444 reliquiis
2697 4374 2751 4429 in
2779 4372 2896 4442 ipso
2924 4372 3085 4426 fontis
3126 4372 3274 4426 aditu
3296 4416 3311 4440 ,
3347 4387 3444 4443 pe-

1877 4473 1957 4527 tiit
1986 4480 2041 4526 ut
2073 4472 2164 4540 qui
2192 4469 2458 4539 quondam
2490 4466 2542 4520 in
2586 4465 2804 4521 deserto
2828 4462 3093 4518 damnatis
3119 4462 3185 4517 ad
3212 4464 3445 4519 secanda

1877 4579 2144 4620 marmora
2171 4565 2371 4623 ﬂumen
2403 4561 2657 4629 irriguum
2692 4556 2934 4627 patefecit
2960 4601 2975 4625 ,
3008 4557 3063 4612 in
3094 4558 3236 4613 hunc
3264 4556 3441 4612 locum

1874 4672 2074 4724 aquas,
2118 4671 2252 4727 quas
2294 4658 2445 4726 prius
2485 4656 2569 4725 pia
2616 4652 2914 4707 indulserat
2950 4650 3268 4717 clementia,
3314 4650 3441 4705 Cle-

1875 4748 2071 4803 mentis
2100 4746 2290 4801 iterum
2321 4744 2636 4801 intercessio
2665 4750 2959 4797 revocaret.
2986 4740 3133 4796 lllico
3172 4756 3306 4796 vena
3350 4756 3439 4796 re-

1874 4900 2499 4973 ignotnmrfuissenarrat
2518 4910 2716 4973 auctor
2741 4899 2877 4973 Vitae
2908 4900 3077 4973 sancti
3106 4899 3440 4973 Constantini

1873 4968 1966 5027 seu
2001 4970 2191 5042 Cyrilli
2214 5015 2228 5035 ,
2269 4971 2357 5025 die
2389 4987 2443 5025 Ix
2487 4972 2659 5027 Martii
2704 4968 3231 5042 Bollaiidiaiii._Ejus
3262 4979 3438 5023 tamen

1870 5039 2063 5097 sancti'
2091 5041 2364 5096 Pontificis
2401 5058 2611 5099 sacrum
2652 5058 2846 5111 corpus
2886 5052 3011 5095 tunc
3049 5039 3121 5111 ibi
3166 5048 3434 5107 repertum

1868 5116 1989 5175 est,
2038 5121 2197 5181 atque
2252 5112 2474 5166 Romam
2523 5110 2780 5179 allatum,
2823 5124 2880 5166 ut
2917 5112 3036 5165 fuse
3075 5110 3216 5164 idem
3257 5118 3443 5165 auctor

1869 5183 2156 5247 describit,
2184 5198 2340 5249 quem
2381 5183 2625 5236 consule.

1938 5252 1967 5291 ά
2008 5255 2137 5307 Mss.
2171 5254 2408 5319 plerique
2429 5291 2445 5315 ,
2475 5254 2541 5304 ad
2572 5251 2965 5321 exspectandam
2984 5291 3000 5316 ,
3029 5264 3092 5301 ex
3128 5249 3287 5321 modo
3316 5266 3445 5319 pro,-

1869 5324 2247 5385 nuntiationis,
2276 5334 2331 5376 ut
2363 5323 2582 5377 inferius
2612 5320 2835 5387 legitur,
2869 5320 3304 5389 exspectantibus,
3348 5336 3448 5391 pro

1874 5396 2242 5465 spectantibus.
2273 5404 2326 5448 et
2352 5396 2430 5465 sic
2463 5392 2677 5458 passim.

1951 5477 1974 5505 °
2013 5466 2136 5522 Mss.
2168 5467 2313 5523 duo:
2357 5463 2511 5517 Mons
2540 5472 2665 5516 erat.

1952 5535 1973 5574 ί
2017 5537 2064 5591 Is
2091 5544 2175 5590 est
2221 5545 2435 5590 sanctus
2479 5533 2802 5604 Aridiusrde
2851 5546 2956 5602 quo
3002 5530 3110 5603 agit
3156 5531 3447 5604 Gregorius

1877 5609 2109 5678 passim,
2143 5609 2292 5675 cujus
2315 5606 2489 5678 Vitam
2521 5603 2945 5678 infradabimus.
3046 5606 3049 5609 ’

1948 5688 1974 5727 s
2011 5677 2163 5744 Mss.,
2192 5689 2248 5732 ut
2277 5676 2557 5748 plurimum
2577 5715 2593 5741 ,
2622 5676 2787 5729 vicina
2819 5684 2994 5732 mirata
3021 5677 3319 5747 penderem.
