4020 6194
647 276 746 330 759

1666 277 1728 332 S.
1771 274 2092 330 GREGORII
2135 273 2433 328 EPISCOPI
2477 273 2906 331 TURONENSIS

3792 273 3884 325 73:0

645 391 812 440 currit
839 389 902 440 ad
935 389 1130 441 aditum
1165 401 1380 452 magnas
1409 401 1661 440 evomens
1691 401 1886 456 aquas,
1918 388 2172 453 illumque
2194 428 2206 448 ,
2239 389 2287 445 Δ
2318 388 2545 456 pellente
2575 388 2884 452 complevit.
2919 386 3085 440 Nocte
3115 387 3256 440 enim
3287 399 3615 454 consurgens
3641 426 3655 447 ,
3691 385 3886 450 ingrese

645 497 803 544 quem
839 481 982 548 prius
1013 488 1282 542 tenuerat,
1317 479 1524 532 alveum
1571 477 1909 531 deburrendo
1947 477 2207 544 replevit,

648 571 1033 625 admirantibus
1059 571 1299 640 populis,
1334 570 1606 623 immensa:
1637 570 1822 637 gratim
1865 570 2086 620 Domino
2125 583 2209 620 re-

647 664 910 726 feruntur,
951 663 1038 730 qui
1077 673 1131 716 et
1168 661 1329 732 764
1369 660 1615 730 martyris
1653 660 1902 712 virtutem
1944 657 2211 726 prodidit,

646 765 700 808 et
731 753 903 808 ﬁdelis
931 753 1013 808 sui
1041 755 1332 807 oralionem
1368 753 1591 818 implere
1619 751 1867 819 dignatus
1895 760 1996 804 est.

1156 864 1382 919 CAPUT
1423 862 1706 917 XXXVIII.

1083 978 1158 1033 De
1187 978 1508 1048 Chrysantho
1555 987 1792 1044 martyre.

726 1095 1089 1166 Chrysanthus
1116 1104 1139 1129 α
1172 1104 1392 1161 martyr,
1426 1101 1482 1143 ut
1511 1090 1730 1143 historia
1762 1085 2020 1156 passionis
2044 1086 2219 1138 decla-

639 1200 731 1242 rat
760 1188 822 1252 δ,
869 1198 989 1256 post
1030 1197 1299 1254 acceptam
1345 1185 1583 1254 martyrii
1626 1196 1874 1236 coronam
1903 1196 2021 1234 cum
2064 1180 2215 1233 Daria

636 1277 882 1340 virgine,
916 1277 1082 1330 multa
1113 1276 1318 1344 populis
1349 1275 1632 1326 sanitatum
1667 1271 1920 1324 beneficia
1955 1271 2218 1323 tribuebat

643 1365 770 1423 (An.
799 1368 924 1430 257,
952 1363 1173 1427 vel‘285,
1197 1365 1266 1416 9.5
1294 1363 1520 1432 ϐασιλ).
1553 1363 1615 1414 Et
1637 1363 1703 1414 ob
1728 1364 1827 1414 hoc
1849 1361 2006 1414 etiam
2034 1369 2216 1430 crypta

641 1473 704 1512 su
718 1474 809 1526 per
835 1473 927 1512 eos
958 1458 1095 1511 miro
1120 1471 1280 1522 Opere
1311 1453 1565 1508 fabricata
1595 1463 1676 1506 est
1695 1493 1710 1516 ,
1735 1467 1852 1520 qua:
1872 1492 1887 1517 ,
1919 1452 1968 1504 in
2000 1466 2216 1504 arcuum

645 1550 810 1602 modo
858 1549 1224 1608 transvoluta,
1275 1546 1580 1600 firmissima
1629 1545 1915 1598 stabilitate
1958 1544 2214 1597 subsistit.

653 1642 894 1710 [leuique
921 1655 1042 1694 cum
1071 1641 1135 1693 ad
1165 1639 1281 1704 ejus
1325 1639 1454 1691 festa
1505 1637 1822 1704 populorum
1868 1635 2218 1705 frequentatio

638 1733 1022 1796 tntilliixisset,
1054 1731 1418 1799 iniquissimus
1448 1730 1740 1797 imperator
1770 1740 2006 1782 erectum
2055 1731 2104 1782 in
2146 1729 2211 1782 il-

645 1822 747 1876 lius
774 1832 974 1892 cryptae
1005 1823 1222 1876 introitu
1257 1821 1510 1889 parietem
1537 1862 1550 1883 ,
1581 1819 1828 1872 conclusa
1859 1818 2210 1884 multitudine,

640 1913 800 1981 jussit
842 1914 1009 1966 adem
1056 1927 1214 1966 arena
1261 1927 1324 1965 ac
1370 1911 1630 1979 lapidibus
1666 1911 1859 1977 operiri
1884 1909 2214 1979 ,flaciusqne

642 2013 726 2056 est
752 2004 980 2071 desuper
1010 2017 1165 2056 mons
1196 2017 1449 2071 magnus,
1482 2001 1640 2066 idque
1669 2012 1874 2068 gestum
1917 2000 2214 2054 certissime

652 2097 817 2164 ipsius
867 2096 1207 2150 manifestam
1251 2095 1443 2161 scripta
1487 2095 1811 2146 certaminis.
1861 2093 1989 2159 Qua:
2030 2103 2212 2166 Crypta

640 2187 728 2241 (IIII
777 2190 876 2242 sub
927 2189 1027 2241 hoc
1075 2188 1376 2239 velamento
1425 2187 1719 2253 permansit
1760 2195 1981 2253 operta,
2034 2184 2207 2239 donec

641 2281 767 2332 urbs
800 2281 1068 2344 Romana,
1101 2278 1301 2331 relictis
1329 2277 1516 2340 idolis,
1562 2275 1777 2330 Christo
1822 2275 2049 2329 Domino
2087 2279 2213 2330 sub-

640 2372 880 2425 deretur.
904 2371 1020 2425 Jam
1049 2369 1373 2438 procedente
1400 2379 1640 2436 tempore
1670 2370 1800 2422 nulli
1831 2383 1942 2424 erat
1970 2372 2211 2438 cognitus

641 2464 787 2516 locus
817 2464 983 2531 ipsius
1012 2463 1334 2532 sepulturm,
1367 2461 1535 2515 donec
1557 2503 1572 2526 ,
1623 2461 1847 2514 Domino
1885 2461 2008 2515 Jesu
2053 2478 2210 2516 reve-

641 2556 816 2618 lante,
865 2555 1155 2621 patefactus
1195 2563 1314 2607 est:
1361 2551 1512 2620 cujus
1554 2561 1702 2618 parte
1744 2552 1796 2604 in
1827 2567 1929 2605 una
1962 2551 2097 2617 loci,
2127 2551 2208 2606 in-

641 2645 898 2713 terposito
945 2644 1182 2714 pariete,
1224 2643 1466 2712 sepulcra
1515 2651 1805 2712 martyrum
1847 2644 2130 2714 Chrysanti
2159 2656 2212 2700 et

642 2735 814 2788 llariaa
839 2744 1113 2805 segregata
1141 2752 1153 2798 ;
1187 2743 1335 2803 parte
1369 2734 1418 2786 in
1448 2733 1548 2787 alia
1585 2744 1606 2771 ε
1647 2744 1951 2788 sanctorum
1984 2737 2212 2805 reliquo-

640 2843 755 2880 rum
797 2827 1056 2881 cadavera
1099 2827 1148 2880 in
1190 2841 1352 2880 unum
1390 2835 1514 2878 sunt
1551 2836 1892 2895 congregata.
1933 2826 2212 2881 Verumta-

641 2938 760 2974 men
799 2921 998 2988 pariete
1032 2919 1126 2973 illo
1153 2917 1242 2988 qui
1270 2928 1352 2974 est
1380 2919 1432 2972 in
1462 2918 1637 2972 medio
1666 2919 1887 2987 positus,
1923 2917 2208 2974 fenestram

637 3020 869 3064 structor
918 3010 1232 3078 patefactam
1280 3009 1525 3077 reliquit,
1582 3021 1634 3061 ut
1687 3012 1751 3062 ad
1798 3014 2208 3079 contemplanda

2316 494 2408 534 sus
2437 489 2518 533 est
2548 479 2822 532 basilicam
2863 479 3182 532 Sanctorum
3204 517 3221 543 ,
3245 477 3441 531 deinde
3472 492 3564 546 per
3596 475 3884 530 fenesurain

2317 572 2622 638 ingrediens
2643 570 2889 623 cellulam
2912 611 2925 634 ,
2955 584 3017 621 ac
3047 583 3141 636 per
3169 567 3545 622 obscuritatem
3581 569 3760 621 noctis
3788 567 3885 636 pal-

2317 678 2448 730 pans
2471 662 2740 725 manibus,
2769 662 2974 727 aliquos
3000 659 3068 714 de
3095 659 3274 714 urceis
3299 659 3469 728 capit:
3493 658 3693 713 deinde
3714 661 3884 727 egredi

2318 768 2434 808 cum
2465 752 2640 822 prmda
2670 753 2891 820 cupiens
2911 793 2926 816 ,
2959 766 3055 820 per
3086 760 3251 804 totam
3290 760 3499 804 noctem
3529 751 3884 813 circumiens,

2318 859 2584 913 utinquam
2617 843 2786 910 potuit
2826 843 3029 896 aditum
3073 841 3212 895 unde
3241 842 3512 910 ingressus
3542 841 3722 895 fuerat
3753 858 3887 910 repe-

2320 937 2450 989 rire.
2496 937 2628 990 Dato
2659 951 2788 989 vero
2814 936 2899 990 die
2920 975 2936 1001 ,
2968 935 3092 988 dum
3121 949 3283 1004 opera
3314 950 3408 989 sua
3438 936 3616 1006 obtegi
3643 939 3888 992 conscius

2316 1028 2538 1081 sceleris
2565 1027 2766 1091 voluit,
2789 1026 2942 1094 juxta
2975 1025 3106 1079 illud
3136 1025 3389 1080 dominici
3413 1028 3616 1080 oraculi
3648 1027 3883 1092 dictum,

2318 1119 2455 1186 quod
2489 1118 2668 1172 Omnis
2695 1118 2780 1186 qui
2809 1116 2941 1170 male
2965 1117 3073 1187 agit
3114 1117 3219 1169 odit
3261 1117 3453 1181 lucem,
3494 1127 3550 1171 ut
3587 1134 3692 1171 non
3735 1121 3887 1171 mani-

2319 1211 2560 1278 fe~tmtur
2591 1224 2746 1275 Opera
2775 1209 2885 1278 ejus
2916 1206 3102 1277 (Joan.
3136 1222 3229 1271 ιιι,
3260 1205 3329 1260 20
3352 1203 3370 1276 )
3390 1247 3406 1271 ,
3436 1207 3725 1262 occultavit
3757 1225 3816 1263 se
3844 1211 3886 1263 in

2317 1302 2509 1369 angulo
2550 1301 2758 1354 cellula)
2792 1308 2897 1352 tota
2926 1299 3012 1353 die
3043 1313 3108 1353 ne
3135 1301 3420 1353 videretur.
3463 1298 3722 1368 Sequenti
3769 1317 3888 1355 vero

2320 1407 2476 1446 ltocle
2504 1394 2746 1461 qna:sivit
2776 1394 2970 1445 iterum
3003 1391 3235 1455 aditum,
3265 1390 3359 1444 sed
3389 1392 3626 1459 reperire
3660 1408 3770 1446 non
3805 1409 3888 1460 po-

2319 1488 2440 1536 tuit.
2471 1484 2562 1538 Sic
2591 1499 2685 1551 per
2729 1484 2886 1536 trium
2926 1483 3158 1536 noctium
3204 1483 3466 1535 curricula
3510 1482 3658 1536 fecit.
3712 1484 3885 1538 Tertia

2317 1591 2448 1630 vero
2479 1577 2561 1627 die
2588 1589 2709 1628 cum
2736 1573 2844 1644 jam
2876 1573 3015 1627 fame
3043 1573 3392 1637 cruciaretur,
3441 1576 3668 1628 accessit
3708 1591 3884 1630 coram

2317 1668 2512 1736 populo
2538 1668 2601 1719 ad
2629 1665 2916 1720 fenestram
2937 1705 2951 1730 ,
2976 1672 3029 1718 et
3051 1664 3237 1718 relicto
3259 1674 3476 1734 argento
3503 1665 3791 1719 confessus
3816 1677 3890 1719 est

2243 1764 2288 1823 Β
2320 1773 2452 1826 opus
2479 1773 2629 1811 suum
2651 1797 2665 1820 ,
2698 1770 3052 1826 egressusque
3085 1763 3168 1808 est
3194 1754 3333 1807 foras
3363 1770 3481 1807 cum
3513 1770 3706 1824 magna
3742 1771 3888 1810 vere-

2316 1849 2547 1911 cundia,
2584 1863 2678 1900 nec
2711 1848 2857 1899 latuit
2886 1846 3061 1900 scelus
3106 1845 3245 1913 quod
3286 1858 3521 1915 gesserat
3565 1847 3780 1914 populis
3809 1849 3887 1915 qui

2315 1939 2561 1992 aderant.
2609 1939 2734 1991 Post
2778 1938 2999 1991 multum
3051 1951 3181 1992 vero
3231 1940 3516 2006 temporis,
3558 1954 3890 2008 cognoscws

2320 2031 2421 2084 hoc
2449 2031 2644 2083 factum
2689 2030 2946 2083 Damasus
2993 2031 3216 2084 antistes
3255 2041 3454 2084 sanctae
3489 2032 3633 2085 sedis
3667 2047 3886 2102 aposm-

2317 2123 2465 2186 lii-te,
2510 2120 2673 2190 jussit
2715 2121 3021 2188 diligentius
3068 2121 3266 2189 Operiri
3317 2122 3644 2186 fenestram,
3696 2126 3786 2179 ubi
3831 2139 3879 2180 et

2315 2211 2556 2265 versibus
2595 2211 2874 2264 decoravit
2917 2211 3086 2264 locum
3123 2219 3168 2263 ο.
3204 2211 3270 2263 Et
3299 2211 3369 2264 ibi
3414 2211 3750 2267 benedicitur
3782 2217 3880 2270 Do-

2316 2303 2491 2355 minus
2521 2310 2705 2354 noster
2727 2299 2883 2354 Jesus
2907 2299 3182 2363 Chrislus,
3211 2301 3277 2354 ad
3307 2301 3513 2355 laudem
3543 2303 3780 2359 nominis
3808 2309 3885 2360 sui

2314 2407 2482 2461 usque
2513 2393 2566 2445 iu
2598 2388 2911 2445 hodiernum
2945 2391 3108 2444 diem.

2843 2503 3067 2558 CAPUT
3110 2503 3349 2558 XXXIX.

2772 2614 2850 2670 De
2877 2616 3152 2671 Pancratio
3186 2632 3429 2689 martyre.

2386 2732 2476 2786 Est
2503 2728 2523 2769 ί
2551 2731 2714 2784 etiam
2756 2729 2896 2782 haud
2941 2731 3124 2798 procul
3169 2732 3236 2786 ab
3279 2731 3437 2802 hujus
3479 2735 3625 2789 urbis
3659 2754 3811 2790 muro
3837 2750 3888 2793 et

2314 2824 2622 2877 Pancratius
2661 2831 2686 2869 8
2718 2829 2943 2891 martyr,
2990 2822 3143 2877 valde
3191 2823 3246 2876 in
3293 2824 3520 2893 perjuris
3578 2829 3724 2882 ultor
3763 2833 3885 2896 (Αη.

2311 2918 2434 2982 504,
2473 2917 2538 2970 12
2565 2917 2736 2985 Maii).
2795 2916 2873 2970 Ad
2895 2918 3047 2984 cujus
3077 2917 3381 2984 sepulcrum
3415 2917 3464 2982 ιι,
3501 2920 3545 2973 si
3573 2921 3888 2991 cujusquam

2313 3031 2463 3069 mens
2509 3015 2691 3068 insana
2737 3013 3101 3083 juramentum
3149 3014 3306 3070 inane
3350 3016 3593 3084 proferre
3637 3017 3889 3072 voluerit.

644 3112 951 3155 sanctorum
982 3116 1204 3168 corpora
1235 3102 1409 3155 aditus
1440 3102 1728 3170 aspiciendi
1760 3114 2074 3170 patesceret.
2106 3105 2207 3160 Fe-
2234 3130 2282 3191 ο
2317 3108 2459 3176 prius
2487 3123 2645 3176 quam
2678 3107 2980 3174 sepulcrum
3009 3107 3123 3176 ejus
3153 3107 3337 3174 adeat,
3369 3109 3529 3179 766
3561 3110 3662 3161 hoc
3684 3117 3768 3162 est
3797 3123 3890 3161 an-

639 3201 764 3246 runt
793 3194 950 3244 etiam
981 3191 1119 3259 quod
1151 3205 1214 3246 eo
1247 3201 1489 3260 tempore
1514 3207 1620 3258 quo
1647 3192 1713 3246 ad
1739 3204 1922 3247 sancta
1951 3196 2210 3250 solemnia

637 3284 950 3336 accedentes
973 3281 1160 3335 inclusi
1187 3297 1305 3334 sunt
1325 3325 1338 3343 ,
1368 3297 1558 3336 urceos
1580 3293 1866 3352 argenteos
1896 3301 1961 3339 ex
1993 3288 2210 3342 metallo

636 3373 888 3426 formatos
917 3386 1035 3424 cum
1063 3371 1186 3424 vino
1211 3373 1351 3438 quod
1380 3371 1446 3425 ad
1473 3374 1795 3428 oblationem
1839 3376 2087 3431 sacriﬁcii
2121 3378 2208 3432 di-

639 3467 748 3518 vini
780 3465 1002 3518 oll'ertur
1034 3478 1214 3518 secum
1246 3464 1486 3519 homines
1514 3464 1861 3532 detulissent,
1897 3480 2206 3536 argentum-

634 3573 745 3626 que
775 3557 844 3610 ibi
877 3558 1197 3610 remansisse
1237 3556 1576 3610 manifestum
1620 3567 1734 3624 est,
1778 3559 1934 3628 idque
1981 3560 2138 3616 hodie
2177 3577 2205 3614 a

635 3650 1095 3720 conspicientibus
1117 3648 1282 3703 cerni.
1308 3649 1412 3704 Sed
1440 3650 1561 3718 quia
1584 3648 1784 3720 jugiter
1803 3666 1954 3705 mens
1979 3653 2208 3707 humana

639 3743 880 3811 turpibus
908 3741 1393 3809 erubescendisque
1421 3741 1794 3811 cupiditatibus
1824 3743 2031 3810 inhiat,
2077 3745 2205 3799 sub-

633 3835 888 3889 diaconus
915 3834 1162 3902 quidam,
1208 3833 1322 3887 viso
1362 3848 1457 3899 per
1495 3833 1780 3888 lenestram
1821 3845 2074 3904 argento,
2118 3851 2208 3890 co-

631 3927 768 3994 gitat
808 3925 941 3978 intra
989 3937 1050 3978 se
1080 3923 1219 3994 quod
1253 3932 1466 3994 postero
1495 3925 1654 3996 765
1683 3926 1768 3980 die
1797 3928 2014 3980 avaritia
2048 3926 2072 3964 ἀ
2109 3928 2205 3982 ίιιι-

707 4097 732 4122 ι
774 4087 828 4139 ln
857 4083 997 4138 Clar.
1028 4084 1060 4138 b
1089 4083 1189 4135 hoc
1239 4092 1397 4150 caput
1424 4082 1572 4137 deest
1599 4097 1719 4136 cum
1747 4083 1950 4136 duobus
1975 4098 2201 4153 sequen-

634 4159 790 4209 tihns.
839 4156 1097 4222 Deinceps
1136 4169 1262 4205 vero
1301 4155 1354 4206 in
1391 4155 1531 4207 Clar.
1596 4169 1624 4206 a
1671 4155 1920 4221 pleraque
1978 4154 2199 4218 desunt,

637 4234 877 4292 qua-dam
930 4226 1036 4277 alio
1086 4225 1275 4277 ordine
1324 4240 1477 4288 quam
1531 4224 1579 4275 in
1631 4225 1835 4277 caeteris
1888 4224 2097 4289 scriptis
2149 4236 2203 4279 et

638 4299 810 4350 luditis
841 4298 1042 4362 posita,
1088 4293 1407 4347 intermixtis
1447 4295 1604 4346 etiam
1647 4295 1963 4361 quandoque
2002 4295 2203 4363 aliquot

633 4368 877 4434 capitulis
905 4382 966 4419 ex
1001 4367 1138 4419 libro
1168 4366 1233 4416 de
1265 4365 1442 4416 Gloria
1473 4364 1873 4434 Confessorum.

707 4439 732 4477 ι)
777 4443 904 4492 Acta
934 4449 1236 4490 sanctorum
1267 4435 1580 4503 Chrysanthi
1613 4443 1678 4503 et,
1706 4433 1909 4496 Duriae,
1957 4448 2072 4502 qua:
2105 4435 2197 4488 lt'o-

2315 3206 2526 3265 tequam
2577 3211 2744 3265 usque
2770 3197 2835 3250 ad
2883 3198 3150 3252 cancellos
3198 3198 3286 3268 qui
3316 3200 3416 3253 sub
3444 3213 3568 3253 arcu
3600 3200 3890 3264 habentur,

2313 3287 2398 3342 ubi
2445 3286 2764 3340 clericorum
2813 3287 3148 3354 psallentium
3180 3296 3322 3342 stare
3349 3303 3464 3342 mos
3501 3298 3612 3353 est,
3647 3291 3892 3354 accedat,

2311 3379 2490 3432 statim
2523 3377 2891 3445 autarripitur
2917 3393 2947 3432 a
2978 3379 3253 3444 dmmone,
3295 3387 3386 3434 aut
3419 3379 3616 3436 cadens
3658 3384 3708 3434 in
3740 3383 3890 3449 pavi-

2311 3481 2493 3524 mento
2535 3469 2730 3522 amittit
2770 3467 2907 3539 [Βαι.
2940 3469 3157 3540 emittit]
3195 3470 3459 3538 spiritum.
3515 3471 3587 3524 Ex
3623 3471 3722 3525 hoc
3739 3473 3888 3525 enim

2308 3562 2537 3631 quisque
2587 3562 2744 3616 fidem
2793 3561 3160 3630 cujuscunque
3194 3563 3270 3616 rei
3298 3563 3366 3616 ab
3400 3561 3504 3616 alio
3528 3563 3756 3618 voluerit
3788 3564 3890 3617 eli-

2309 3667 2432 3707 cere
2455 3695 2468 3719 ,
2501 3662 2558 3706 ut
2602 3667 2782 3706 verum
2809 3661 3138 3720 cognoscat,
3183 3668 3290 3707 non
3316 3652 3470 3708 aliter
3499 3655 3600 3708 nisi
3633 3656 3698 3710 ad
3728 3655 3890 3724 hujus

2306 3743 2579 3799 basilicam
2622 3743 2872 3798 destinat.
2925 3743 3056 3796 Nam
3089 3744 3270 3798 ferunt
3299 3744 3582 3814 plerosque
3606 3746 3750 3814 juxta
3783 3747 3885 3800 ba-

2307 3836 2484 3890 silicas
2506 3833 2874 3902 apostolorum
2909 3835 3022 3890 sive
3060 3835 3286 3890 aliorum
3318 3848 3611 3908 martyrum
3649 3853 3888 3892 comma-

2307 3935 2513 3990 nentes,
2549 3940 2652 3980 non
2681 3925 2807 3980 alibi
2859 3941 2954 3994 pro
2984 3926 3082 3979 hac
3114 3927 3439 3982 necessitate
3488 3928 3589 3982 nisi
3624 3930 3885 3998 templum

2305 4097 2473 4135 muro.

2378 4162 2401 4198 ε
2445 4152 2570 4205 Mss.
2599 4150 2654 4217 2,
2685 4148 2992 4202 Pancratus.
3025 4150 3176 4203 Colb.
3203 4165 3230 4203 a
3253 4191 3268 4214 ,
3298 4154 3461 4206 semel
3493 4155 3595 4214 hic,
3629 4165 3680 4209 et
3710 4157 3760 4209 in
3791 4173 3885 4212 ca-

2305 4224 2472 4293 pitum
2505 4222 2736 4274 Iudiculo
2766 4218 3102 4293 Prancatim,
3150 4237 3268 4283 qua:
3296 4224 3562 4278 scribendi
3596 4227 3748 4293 hujus
3782 4245 3881 4282 no-

2305 4291 2461 4373 minis
2508 4294 2738 4346 varietas
2798 4291 2849 4344 in
2898 4290 3014 4343 aliis
3059 4293 3324 4347 veteribus
3373 4290 3731 4351 monumentis
3781 4317 3881 4354 oc-

2336 4373 2486 4416 Ilﬂ'll.

2301 4381 2486 4418 Cllﬂ'll.

2373 4431 2399 4469 ιι
2443 4436 2549 4485 llac
2576 4432 2628 4486 in
2669 4431 2884 4485 basilica
2931 4432 3198 4486 homiliam
3229 4432 3297 4485 27
3325 4435 3375 4488 in
3407 4435 3663 4490 Joannem
3693 4437 3882 4495 habuit

633 4511 717 4562 die
751 4509 1032 4570 habentur,
1075 4515 1130 4559 et
1169 4501 1414 4557 videntur
1459 4505 1541 4556 hic
1581 4522 1608 4555 a
1655 4502 1909 4570 Gregorio
1954 4501 2150 4558 laudari
2180 4551 2193 4573 ,
2225 4509 2274 4568 Ι)
2301 4503 2587 4566 Gregorius
2618 4501 2836 4574 Magnus
2867 4503 2930 4555 ad
2959 4505 3123 4568 ipsius
3155 4506 3401 4574 martyris
3431 4509 3671 4561 tumbam.
3715 4509 3881 4563 Eam-

635 4581 832 4633 nullius
861 4587 982 4630 sunt
1005 4575 1274 4644 ponderis.
1304 4575 1370 4627 Et
1397 4575 1605 4642 quidem
1637 4575 1737 4626 sibi
1769 4576 1896 4641 ipsis
1925 4577 2194 4628 contradi-

633 4659 762 4701 cunt
786 4647 928 4716 quod
962 4647 1057 4699 hos
1083 4657 1344 4716 martyres
1373 4645 1472 4697 sub
1510 4644 1831 4698 Numeriano
1874 4659 2060 4716 passos
2103 4662 2196 4699 vo-

634 4722 781 4778 lunt,
806 4713 882 4770 'id
907 4725 989 4769 est
1018 4731 1106 4769 an.
1153 4715 1292 4774 9.83,
1333 4729 1556 4782 quorum
1607 4727 1781 4768 tamen
1823 4713 2198 4783 Actajubente

633 4788 904 4852 Stephano
935 4801 1098 4852 papa,
1127 4787 1214 4852 qtti
1247 4787 1379 4836 obiit
1407 4800 1494 4838 an.
1527 4784 1652 4849 9.57,
1698 4786 1994 4851 conscripta
2035 4784 2196 4842 fuisse

634 4868 888 4912 relerulll.
925 4857 1120 4908 Eorum
1152 4855 1405 4907 memoria
1436 4855 1663 4908 celebris
1694 4865 1774 4906 est
1801 4855 1938 4917 apud
1970 4854 2187 4909 Graecos

633 4934 718 4983 die
751 4927 814 4982 l9
847 4925 1049 4988 Martii,
1081 4935 1135 4980 et
1165 4925 1301 4992 apud
1345 4923 1557 4977 Latinus
1597 4927 1756 4978 variis
1797 4926 2005 4979 diebu~.
2055 4926 2192 4978 Lau-

633 5006 826 5053 dantur
853 5014 879 5048 a
913 5006 1097 5048 sancto
1125 4995 1437 5049 Adheleltno
1469 4995 1520 5046 in
1555 4994 1644 5049 lib.
1678 4995 1744 5048 de
1776 4996 2042 5048 Laudibus
2077 4996 2192 5048 Vir-

633 5075 807 5137 ριιιίι.,
839 5079 1024 5122 sam-to
1051 5065 1525 5137 Daniasothlissali
1556 5067 1859 5137 Gelasiano.
1887 5066 2062 5137 Floro,
2087 5076 2194 5120 etc.

637 5134 801 5206 Vide,
834 5139 997 5200 infra,
1027 5153 1146 5204 cap.
1182 5135 1269 5188 85.
1301 5135 1560 5190 Celantur
1590 5139 1674 5188 die
1700 5136 1768 5188 23
1797 5134 2059 5206 Octobris.

707 5224 729 5250 ε
775 5205 947 5276 Editi,
994 5216 1255 5277 segregata
1299 5217 1468 5273 parte,
1512 5209 1564 5258 in
1610 5209 1742 5272 alta,
1782 5217 1921 5270 etc.;
1972 5205 2070 5268 al.,
2117 5220 2196 5258 se-

667 5293 852 5336 reante.

753 5302 800 5333 ιι
839 5321 852 5334 ο

631 5302 749 5390 gr?
769 5302 895 5406 [Mess
925 5351 1036 5406 fere
1062 5366 1246 5403 omnes
1265 5387 1284 5412 ,
1327 5348 1460 5416 quod
1482 5357 1654 5416 postea
1689 5347 1908 5399 avaritia
1934 5386 1946 5397 .
1973 5384 1988 5399 .
2016 5382 2031 5398 .
2056 5383 2071 5398 .
2105 5345 2200 5397 im-

669 5426 799 5475 [μνη.

633 5443 875 5544 “(tullus
901 5504 1091 5543 versus
1115 5530 1129 5550 ,
1179 5489 1315 5556 quod
1351 5489 1493 5552 ipsos
1526 5487 1781 5540 Barouius
1811 5487 1861 5539 in
1907 5484 2198 5556 Annalibus

629 5578 732 5614 non
759 5562 1025 5622 retulerit,
1074 5577 1136 5611 ex
1187 5555 1455 5611 Sarazanii
1511 5557 1744 5609 Romana
1776 5556 2011 5612 editione
2044 5555 2196 5610 dabi-

627 5648 746 5686 tnus
777 5631 827 5683 iu
855 5630 1146 5696 appendice
1177 5628 1333 5695 hujus
1363 5629 1668 5681 voluminis.

701 5700 720 5740 ί
769 5701 928 5755 Deest
967 5700 1068 5754 hoc
1093 5709 1252 5764 caput
1281 5697 1332 5751 in
1368 5696 1523 5751 Colb.
1557 5706 1654 5752 tut.
1689 5697 1830 5754 Clar.
1863 5713 1914 5763 τι,
1947 5696 2007 5749 ab
2033 5697 2188 5767 hujus

2299 4575 2419 4628 dem
2451 4589 2479 4625 a
2512 4571 2839 4640 presbyteris
2866 4575 3160 4641 neglectam
3207 4571 3484 4628 monachis
3524 4579 3735 4632 attribui
3783 4597 3881 4632 vo-

2299 4646 2397 4700 luit
2425 4644 2561 4696 idem
2589 4651 2803 4695 sanctus
2844 4643 3077 4710 pontifex
3110 4645 3203 4697 lib.
3245 4660 3299 4698 ιιι
3327 4645 3483 4713 epist.
3517 4648 3601 4709 l8,
3630 4653 3695 4700 ad
3730 4649 3875 4704 Mau-

2297 4731 2414 4769 rum
2448 4715 2712 4772 abbatem,
2748 4713 2832 4778 qui
2866 4726 2917 4765 et
2947 4716 3012 4766 de
3049 4715 3237 4767 eodem
3277 4727 3461 4769 sancto
3483 4718 3640 4770 Variis
3671 4719 3719 4772 in
3752 4723 3881 4777 aliis

2298 4787 2430 4840 locis
2468 4785 2593 4852 egit.
2652 4782 2798 4836 llanc
2844 4781 3011 4850 ipsam
3057 4799 3184 4836 vero
3228 4786 3497 4839 basilicam
3536 4789 3602 4840 ab
3633 4788 3880 4844 Honorio

2296 4862 2828 4934 paparestauratam
2876 4856 3043 4934 fuisse
3086 4853 3338 4934 observat
3385 4859 3714 4917 Anastasius.
3759 4863 3873 4934 sed

2299 4923 2697 4992 inscriptionem
2732 4923 2829 4975 hac
2873 4923 3154 4978 occasione
3186 4927 3409 4992 positam
3448 4945 3508 4981 ex
3553 4939 3733 4982 nostro
3758 4930 3879 4984 Illa-

2303 4997 2489 5048 billon.
2523 4994 2852 5064 proferemus
2897 4995 2962 5046 ad
3015 4995 3215 5048 calcem
3267 4996 3422 5064 hujus
3449 4999 3749 5051 voluminis.
3797 5001 3878 5057 De.

2301 5065 2538 5134 ejusdem
2565 5063 2734 5117 sancti
2762 5064 3004 5134 reliquiis
3032 5065 3186 5130 infra,
3215 5063 3450 5134 cap.’85,
3483 5069 3872 5127 monasterium

2305 5131 2774 5195 Solemniacense,
2810 5131 2947 5201 apud
2989 5131 3297 5189 Lemovices
3345 5137 3395 5189 in
3439 5139 3694 5193 IIOIIOI‘t'm
3726 5141 3872 5197 beati

2308 5205 2567 5259 Pancratii
2613 5213 2667 5257 et
2710 5205 2933 5258 aliorum
2973 5213 3275 5258 sanctorum
3314 5220 3675 5262 constructum
3707 5212 3875 5268 fuisse

2303 5278 2460 5330 docet
2487 5291 2583 5328 nos
2607 5275 2767 5339 ipsius
2793 5276 2958 5327 sancti
2997 5276 3149 5346 Eligii
3205 5276 3396 5329 Charta
3417 5317 3434 5342 ,
3484 5295 3605 5346 qua:
3639 5283 3873 5336 habetur

2303 5347 2368 5401 ad
2395 5348 2592 5400 calcem
2623 5346 2740 5398 Act.
2777 5355 3083 5398 sanctorum
3131 5348 3247 5399 ord.
3281 5347 3638 5413 Benedict'ni,
3675 5356 3878 5407 seculo

2305 5431 2363 5481 ιι,
2398 5431 2514 5485 pag.
2552 5415 2708 5469 1091.
2751 5416 2985 5469 Alterius
3029 5416 3269 5470 ecclesia:
3298 5419 3467 5471 eidem
3498 5419 3551 5473 et
3577 5423 3695 5474 aliis
3724 5439 3876 5477 mar-

2304 5490 2508 5559 tyrihus
2541 5486 2741 5559 dicata».
2795 5486 3244 5559 apttd__Saritouas
3289 5490 3531 5542 meminit
3581 5491 3874 5559 Gregorius

2299 5554 2630 5632 Magnuslib.
2667 5572 2693 5605 v
2725 5554 3136 5632 episiszz-Scd
3169 5561 3316 5628 plura
3347 5561 3414 5614 de
3445 5562 3523 5614 his
3564 5554 3874 5632 vide'apud

2295 5629 2686 5692 liollandianos,
2719 5626 2805 5680 die
2833 5624 2899 5677 12
2915 5625 3049 5679 Maii.
