4020 6194
271 206 368 260 741

1086 214 1587 275 »ιικλουιοιιυιι
1623 217 1750 274 LIB.
1795 219 1838 275 Ι.
1881 222 1969 278 DE
2007 223 2257 282 GLORIA
2300 228 2705 291 \IAR'IYRUM.

3425 257 3530 313 7J2

261 334 524 386 expetere
565 322 703 377 beati
731 323 1028 391 Pancratii,
1070 337 1127 381 ut
1147 331 1263 398 ejus
1287 334 1588 391 severitatis
1614 350 1842 391 censura
1871 341 1923 399 Α
1946 346 2196 392 cerootes
2224 337 2632 405 simulacrorum
2684 359 2978 409 mactautes
3008 359 3189 418 turbas
3230 371 3517 440 pecudum,

265 413 478 440 ...ιι-Ιζιυι
508 414 845 440 ,12λ.,.,.....-.....
934 428 1018 440 ---ι
1074 422 1293 440 __-_-.,._
1491 426 1524 440 ι·
1608 435 1618 440 -
2226 430 2245 440 -
2509 437 2517 440 _

264 413 480 479 publice
506 414 879 484 discernente,
931 428 1024 473 aut
1074 422 1355 477 veritatem
1403 426 1683 482 audientes
1726 443 1843 484 cre-

260 501 416 570 dant,
448 515 540 559 aut
580 521 677 576 pro
719 507 929 564 fallacia
970 510 1236 579 judicium
1276 517 1530 587 martyris
1561 518 1707 574 beati
1745 534 1844 575 ex-

262 597 562 664 periantur.

867 689 1095 750 CAPUT
1134 693 1245 751 XL.

602 803 682 858 De
704 801 909 872 Joanne
930 808 1166 879 episcopo
1195 825 1242 864 et
1263 821 1507 883 martyre.

332 911 485 968 Multi
521 916 731 984 quidem
760 929 884 1006 sunt
918 932 1181 992 martyres
1207 926 1346 993 apud
1382 927 1565 983 urbem
1594 927 1837 992 Romam,

254 1019 489 1071 quorum
522 1005 758 1061 historia:
799 1005 1105 1077 passiOnum
1139 1015 1291 1069 nobis
1330 1015 1549 1086 integra:
1580 1035 1683 1073 non
1716 1030 1842 1074 sunt

252 1096 472 1149 delatae.
504 1095 580 1151 De
606 1096 813 1154 Joanne
861 1112 1037 1155 tamen
1080 1105 1335 1175 episcopo
1360 1146 1374 1169 ,
1423 1109 1672 1177 quoniam
1701 1125 1836 1179 agon

249 1184 373 1251 ejus
404 1185 469 1240 ad
501 1202 599 1242 nos
631 1205 797 1257 usque
826 1206 932 1245 non
960 1197 1184 1249 accessit
1212 1199 1442 1267 scriptus
1477 1209 1526 1266 ι,
1557 1218 1677 1269 qua:
1707 1218 1738 1257 a
1778 1204 1839 1257 ﬁ-

250 1277 469 1335 delibus
499 1284 760 1350 comperi,
794 1294 971 1339 tacere
1001 1289 1237 1357 nequivi.
1268 1288 1364 1343 Hic
1386 1306 1507 1344 cum
1537 1293 1602 1346 ad
1629 1295 1838 1362 episco-

251 1378 439 1438 patum
470 1372 741 1439 venisset,
769 1389 979 1431 summo
1004 1379 1180 1433 studio
1210 1378 1491 1436 hiereticos
1520 1396 1833 1450 exsecratus,

252 1462 516 1517 ecclesias
563 1479 748 1519 eorum
804 1467 856 1521 in
905 1468 1199 1525 catholicas
1249 1473 1514 1529 dedicavit
1542 1478 1668 1546 (An.
1699 1478 1831 1547 526,

245 1550 317 1605 27
349 1553 523 1622 Maii).
576 1555 727 1622 Quod
751 1573 872 1613 cum
922 1561 1287 1621 Theodericus
1330 1582 1420 1621 rex
1460 1572 1830 1639 comperisset,

244 1643 436 1700 furore
465 1661 755 1705 succensus
774 1690 792 1717 ,
825 1654 950 1721 quia
993 1666 1138 1711 esset
1165 1671 1326 1713 secta:
1354 1659 1568 1718 Arianze
1593 1663 1829 1733 deditus,

239 1732 407 1803 jussit
450 1737 777 1806 gladiatores
823 1758 920 1813 per
949 1745 1151 1801 Italiam
1183 1750 1373 1823 dirigi,
1404 1754 1492 1824 qui
1521 1732 1824 1814 universum

237 1839 506 1898 quatquot
534 1830 827 1889 invenisset
856 1835 1179 1895 catholicum
1211 1844 1465 1913 populum
1490 1846 1821 1917 jugularent.

246 1918 377 1974 llaec
399 1921 622 1977 audiens
653 1924 842 1982 beatus
870 1927 1134 2001 Joannes,
1165 1936 1229 1987 ad
1272 1950 1449 2006 regem
1490 1953 1558 1993 ne
1586 1939 1701 1995 haec
1731 1944 1823 1998 lie-

238 2018 369 2065 rent
395 2011 779 2081 deprecaturus
807 2023 1051 2075 accessit.
1094 2025 1138 2077 Α
1167 2039 1273 2094 quo
1301 2040 1423 2081 cum
1452 2027 1576 2084 dolo
1604 2046 1823 2103 suscep-

234 2112 328 2157 tus
355 2103 605 2176 alligavit
632 2123 753 2164 eum
778 2151 794 2177 ,
828 2120 881 2166 et
925 2115 1101 2182 posuit
1147 2120 1198 2172 in
1247 2132 1515 2176 carcerem
1540 2162 1557 2187 ,
1596 2123 1817 2181 dicens:

235 2193 354 2265 Ego
385 2204 439 2251 te
466 2197 658 2255 faciam
680 2243 696 2269 ,
748 2218 817 2259 ne
845 2205 1044 2263 audeas
1073 2218 1259 2265 contra
1302 2212 1462 2284 767
1487 2224 1687 2271 sectam
1719 2234 1818 2274 no-

231 2296 407 2342 stram
438 2292 671 2361 amplius
707 2298 1013 2353 mussitare.
1068 2299 1279 2357 Positus
1309 2320 1437 2360 vero
1476 2319 1693 2365 sanctus
1723 2310 1819 2366 Dei

231 2376 289 2432 in
319 2393 538 2437 carcere
565 2427 581 2452 ,
635 2388 796 2441 tantis
842 2389 1056 2446 attritus
1081 2401 1164 2447 est
1194 2394 1437 2464 injuriis,
1469 2409 1524 2453 ut
1556 2417 1661 2454 non
1695 2414 1818 2471 post

234 2471 464 2526 multum
497 2484 708 2544 tempus
731 2479 976 2547 spiritum
1008 2481 1316 2550 exhalaret;
1347 2489 1586 2559 obiitque
1615 2493 1667 2546 in
1698 2510 1817 2550 car-

229 2576 361 2619 cere
401 2580 524 2621 cum
571 2569 741 2639 gloria
786 2574 925 2642 apud
977 2575 1163 2631 urbem
1208 2578 1539 2638 Ravennam.
1595 2586 1814 2647 Domini

225 2669 409 2715 autem
456 2665 821 2721 misericordia
865 2672 1045 2725 statim
1111 2674 1368 2730 ultionem
1422 2694 1585 2749 super
1630 2698 1811 2752 regem

226 2751 537 2823 improbum
569 2757 857 2830 irrogavit;
899 2779 1020 2818 nam
1050 2766 1229 2821 subito
1275 2783 1304 2821 a
1352 2769 1461 2825 Deo
1503 2751 1810 2845 percussus,

226 2842 403 2914 plagis
434 2847 638 2918 magnis
665 2852 968 2908 exinanitus
998 2854 1199 2911 interiit
1232 2857 1257 2895 ιι
1277 2899 1292 2923 ,
1324 2865 1660 2933 suscepitque
1688 2842 1811 2935 pro;

217 2936 373 2992 linus
400 2949 721 3009 perpetuum
750 2943 1010 3013 gehennze
1039 2947 1363 3005 ﬂammantis
1389 2952 1723 3013 incendium.

817 3059 1046 3116 CAPUT
1086 3062 1222 3119 XLI.

471 3169 551 3226 De
578 3173 762 3228 virtute
788 3175 910 3245 ﬁdei
933 3187 980 3231 et
1011 3181 1230 3235 nominis
1260 3179 1557 3238 Christiani.

304 3278 494 3351 Magna
528 3293 552 3321 ε
583 3293 667 3338 est
692 3286 833 3340 enim
879 3286 1110 3359 dignitas
1153 3297 1383 3352 nominis
1412 3297 1720 3365 Christiani,
1752 3302 1797 3353 si

212 3372 312 3429 illa
341 3390 459 3441 quae
484 3377 756 3432 conﬁteris
787 3379 920 3445 ﬁde,
962 3397 1127 3451 Opere
1168 3391 1528 3458 prosequaris.
1560 3391 1692 3446 Nam
1725 3394 1797 3446 si-

212 3476 305 3521 cut
334 3469 409 3522 ait
459 3472 729 3540 apostolus
754 3491 768 3527 :
801 3472 961 3529 Fides
1000 3478 1111 3531 sine
1141 3482 1375 3550 aperibus
1414 3492 1614 3538 mortua
1643 3499 1715 3540 est
1744 3487 1799 3540 in

210 3558 482 3627 semetipsa
535 3559 682 3631 (Jac.
732 3578 792 3629 It,
838 3566 925 3631 i7,
976 3567 1071 3634 20,
1117 3570 1233 3640 9.6).
1294 3574 1438 3629 Sicut
1491 3577 1632 3630 enim
1662 3576 1798 3632 ﬁlios

208 3652 486 3705 Abraham
518 3669 622 3708 non
652 3657 885 3712 carnalis
914 3661 1194 3729 nativitas,
1232 3664 1327 3718 sed
1358 3666 1491 3722 ﬁdes
1525 3667 1681 3735 facit;
1723 3675 1795 3725 ita

206 3748 268 3795 et
294 3740 627 3800 Christianos
653 3762 841 3814 veros,
871 3765 976 3805 non
1005 3753 1178 3807 solum
1222 3757 1454 3810 nominis
1484 3761 1673 3826 gratia,
1698 3762 1793 3816 sed

205 3848 375 3902 opera
409 3845 684 3904 praestant.
738 3837 841 3894 Per
883 3841 985 3897 hoc
1012 3844 1155 3898 enim
1200 3861 1395 3901 nomen
1424 3847 1796 3905 illuminantur

209 3928 493 3993 tenebrae,
543 3942 828 4001 serpentes
877 3932 1121 4003 fugiunt,
1170 3938 1310 3992 idola
1361 3950 1793 4010 prosternuntur,

206 4027 389 4073 cessat
432 4021 632 4077 ariolus
658 4063 675 4090 ,
708 4023 934 4079 tabescit
961 4027 1244 4097 sortilegos
1265 4068 1282 4095 ,
1328 4032 1564 4087 cultores
1590 4033 1792 4087 daemo-

212 4124 343 4162 num
374 4113 763 4180 propelluntur,
812 4117 949 4169 sicut
992 4117 1313 4174 Prudentius
1354 4130 1536 4179 noster
1569 4125 1620 4176 in
1655 4124 1790 4180 libro

204 4213 392 4257 contra
422 4204 636 4259 Judaaos
664 4205 692 4243 ά
724 4210 1004 4264 meminit:
1037 4212 1175 4280 qttod
1210 4215 1505 4282 procedens
1546 4216 1786 4287 impera-

208 4303 298 4349 tor
329 4294 733 4366 (Diocletianus)
762 4300 827 4353 ad
876 4300 1295 4360 immolationem
1326 4306 1539 4361 fetidam
1585 4310 1788 4365 daemo-

207 4388 423 4441 niorum
450 4430 466 4454 ,
496 4390 730 4447 adoratis
773 4392 875 4448 diis
902 4435 918 4461 ,
965 4403 1125 4467 atque
1152 4412 1333 4452 coram
1366 4400 1558 4469 sigillis
1583 4402 1659 4473 |id
1690 4416 1783 4471 est,

208 4480 386 4553 idolis]
413 4493 728 4552 prostratus,
758 4489 1106 4556 exspectabat
1133 4490 1209 4563 [id
1231 4500 1337 4559 est,
1371 4493 1666 4566 spectabat]
1698 4511 1784 4551 sa-
1815 4483 1862 4542 Ι)

272 4647 304 4676 ⁸
339 4640 494 4717 Plura
522 4640 592 4717 de
619 4654 805 4717 sancto
833 4643 1038 4701 Joanne
1061 4647 1257 4702 habent
1284 4649 1481 4717 vulgati
1510 4662 1777 4712 auctores.

203 4711 431 4765 (lateris
455 4712 820 4789 praeferendus
836 4726 925 4789 est
945 4733 1243 4789 anonymus
1269 4711 1500 4789 scriptor
1534 4711 1779 4779 Historia:

198 4781 467 4861 Caesares:
497 4799 527 4861 a
569 4782 888 4861 Constantii
917 4781 1106 4842 Chlori
1150 4781 1445 4858 principatu
1491 4809 1657 4861 usque
1698 4798 1774 4850 ad

200 4852 522 4926 '_l_‘heodorici
568 4853 737 4922 Magni
783 4858 920 4926 regis
965 4852 1186 4914 mortem
1210 4901 1225 4923 ,
1253 4852 1428 4916 editus
1459 4852 1777 4921 ablletiricd

200 4921 414 4977 Valesio
442 4935 559 4991 post
585 4921 867 4982 Ammiaui'
884 4929 1171 4985 Marcellini
1203 4921 1385 4987 libros.
1439 4934 1512 4987 Ex
1540 4936 1638 4991 hoc
1680 4955 1772 4990 an-

198 5005 349 5073 ctore
386 5006 526 5073 patet
562 4996 819 5073 Joannem
871 5010 988 5073 mist
1030 4999 1225 5073 Justini
1272 5007 1397 5073 imp.
1440 5005 1670 5062 edicwm
1702 5009 1769 5063 de

199 5065 461 5131 pellendis
489 5065 784 5129 haereticis.
827 5083 855 5120 a
885 5068 1219 5127 Theodorico
1252 5065 1557 5130 Ravennam
1590 5093 1773 5133 accer-

196 5144 357 5189 situm
384 5176 401 5209 ε
434 5135 663 5205 indeque
692 5137 1205 5209 Constantinopolim
1246 5150 1618 5202 transmissum
1646 5149 1773 5203 luis-

197 5220 287 5281 se,_
312 5214 367 5281 ut
390 5206 771 5281 imperatorem
795 5209 862 5261 ab
891 5206 1235 5280 exsequendo
1262 5216 1441 5270 edicto
1469 5227 1767 5281 averteret;

196 5276 289 5328 sed
318 5276 640 5355 imperatore
671 5280 725 5330 in
756 5293 854 5333 suo
884 5276 1156 5355 praposito
1197 5296 1608 5355 perseverante,
1641 5276 1771 5355 pon;

196 5349 388 5426 tilicem
436 5348 1030 5426 ex_itinere._reversum
1063 5354 1114 5406 in
1142 5348 1414 5426 carcerem
1444 5348 1604 5426 regis
1619 5348 1770 5426 jussu

194 5415 471 5472 detrusum
504 5418 691 5480 fuisse.
726 5418 906 5486 ibique
930 5425 1184 5478 (erumnis
1209 5415 1773 5485 confectumvani'mam

190 5500 378 5579 egisse:
420 5488 555 5579 Vii‘l‘e
587 5489 987 5579 Bullandianos,
1011 5494 1075 5547 ad
1103 5495 1243 5579 diem
1275 5495 1522 5579 ῒΗιειί-ἰ.ἴ
1610 5568 1622 5579 _
1646 5567 1658 5579 .

261 5559 285 5597 δ
329 5561 466 5614 Eum
493 5561 642 5612 ﬁnxn
678 5562 901 5626 ventris,
928 5579 1083 5635 quem
1107 5565 1283 5619 triduo
1312 5568 1547 5635 pertulit,
1572 5567 1772 5625 obiisse

186 5631 340 5685 tradit
374 5643 686 5721 anonymus
733 5646 891 5708 supra
942 5634 1203 5689 laudatus.
1271 5631 1495 5721 Quidam
1531 5631 1768 5721 ’e'remita

178 5703 368 5761 insula:
417 5700 750 5770 Liparitanai
773 5700 1019 5760 'testatus
1064 5714 1149 5762 est
1184 5700 1432 5766 eumdem
1460 5709 1517 5767 in
1544 5708 1768 5767 Vulcani

1950 442 2172 489 quorum
2222 430 2369 487 frons
2410 437 2647 493 revincta
2695 440 2845 499 lauro
2890 451 3165 508 securibus
3192 430 3515 519 caadehatur:

1950 515 2192 589 Cumque
2218 536 2382 577 senex
2420 529 2654 584 cruentis
2684 535 2927 592 manibus
2961 538 3285 600 internorum
3318 560 3519 608 tracta-

1947 616 2030 660 ret
2058 609 2323 666 viscerum
2371 624 2551 683 partes
2571 657 2586 683 ,
2627 619 2886 689 jocinoris
2916 638 2939 663 υ
2968 627 3128 684 ﬁbras
3151 676 3166 701 ,
3196 646 3355 706 atque
3381 642 3520 699 inter

1947 702 2241 765 praecordia
2265 714 2320 759 et
2342 716 2466 761 exta
2494 712 2803 770 animalium
2831 717 3152 793 inveStigare
3177 702 3374 798 aliquid
3403 744 3516 790 ten-

1946 798 2083 843 taret
2129 792 2365 850 divinum
2389 838 2405 863 ,
2453 801 2662 857 turbata
2691 809 2867 863 omnia
2907 815 3078 869 cernit
3102 856 3117 881 ,
3165 792 3281 877 nec-
3299 839 3363 878 ea
3397 843 3516 897 qua:

1945 880 2196 947 cupiebat
2221 887 2363 942 scire
2399 899 2607 956 poterat
2635 906 2814 954 certus
2842 880 3153 972 agnoscere.
3187 880 3518 975 Exclamavit

1945 972 2210 1041 turbatus,
2237 984 2292 1033 et
2318 979 2430 1033 ait:
2466 982 2616 1040 Heu!
2664 986 2797 1043 heu!
2848 997 3028 1051 nescio
3050 999 3177 1069 quid
3210 1002 3295 1059 hic
3320 972 3513 1077 agitur,

1941 1064 2083 1128 quod
2132 1066 2238 1123 diis
2285 1076 2483 1128 nostris
2527 1083 2854 1139 contrarium
2903 1103 3022 1144 esse
3068 1105 3301 1162 putatur.
3348 1100 3516 1159 Video

1942 1157 2085 1212 enim
2116 1159 2248 1217 deos
2277 1175 2492 1223 nostros
2517 1185 2544 1221 a
2575 1172 2732 1243 longe
2760 1176 3056 1250 discedere,
3088 1202 3185 1242 nec
3215 1192 3281 1246 de
3310 1209 3515 1264 praepa-

1939 1247 2067 1303 ratis
2088 1252 2363 1309 sacriﬁciis
2392 1258 2568 1329 aliqua
2602 1265 2901 1331 praelibare.
2949 1272 3036 1328 Est
3064 1274 3169 1343 hic,
3204 1290 3261 1333 ut
3282 1247 3367 1337 res
3399 1247 3512 1350 ipsa

1937 1340 2134 1443 docet,
2188 1344 2253 1401 de
2282 1347 2476 1406 ofﬁciis
2529 1359 2901 1429 quorumpiam
2942 1340 3201 1437 deorum,
3238 1374 3327 1443 qui
3358 1340 3515 1436 nobis

1936 1431 2212 1490 adversari
2256 1450 2380 1494 sunt
2428 1444 2593 1499 soliti.
2647 1450 2809 1521 768
2856 1454 2924 1509 Et
2952 1458 3174 1527 mirum,
3208 1431 3343 1519 si-ad
3373 1469 3510 1525 hanc

1936 1521 2112 1594 fugam
2160 1544 2265 1584 non
2310 1532 2473 1603 aliqui
2523 1537 2592 1592 de
2620 1542 2917 1601 cultoribus
2955 1550 3041 1605 De.
3079 1521 3313 1624 Christi,
3348 1521 3507 1629 quem

1933 1618 2245 1675 cruciﬁxum
2276 1636 2555 1695 asserunt,
2582 1633 2713 1688 deos
2743 1648 2957 1696 nostros
2988 1643 3282 1715 impellant.
3310 1652 3508 1710 Thuri-

1858 1732 1904 1793 Β
1933 1706 2057 1763 bula
2088 1712 2456 1783 thymiamatis
2486 1721 2871 1791 refrigescunt,
2902 1747 3010 1788 ara:
3042 1706 3426 1811 tepescitignis
3458 1745 3505 1814 ί,

1928 1810 1982 1855 et
2026 1801 2197 1871 ipsum
2241 1822 2453 1878 quoque
2500 1813 2694 1869 ferrum
2726 1816 2978 1885 injectum
3009 1801 3240 1884 victimis
3266 1801 3503 1891 hebetari

1924 1895 2272 1962 conspicitur.
2323 1899 2555 1970 Require
2605 1921 2787 1973 nunc,
2837 1915 3196 1973 sacratissime
3243 1925 3501 1992 Auguste,

1923 1986 2044 2054 quis
2068 1997 2241 2055 astet,
2265 1993 2353 2058 qui
2376 1993 2591 2050 ablutus
2660 1998 2897 2056 balsamo
2924 2016 3133 2077 unctus,
3168 2021 3220 2065 et
3246 1986 3500 2075 abscedat

1924 2076 2168 2143 protinus
2193 2120 2207 2144 ,
2262 2091 2318 2136 ut
2363 2087 2621 2141 accedant
2649 2089 2722 2144 dii
2752 2107 2884 2162 quos
2919 2076 3247 2158 invocamus.
3291 2106 3352 2160 Et
3384 2110 3499 2166 haec

1920 2167 2145 2237 dicens,
2177 2186 2239 2227 ac
2266 2174 2312 2227 si
2346 2175 2517 2243 ipsum
2563 2195 2809 2239 cerneret
2838 2186 2903 2241 de
2935 2190 3015 2244 his
3053 2192 3322 2252 Christum
3358 2204 3499 2257 ulto-

1922 2274 2060 2332 rem,
2095 2265 2380 2332 procideus
2411 2271 2476 2324 ad
2511 2279 2704 2328 terram
2734 2280 3025 2346 exanimis,
3058 2286 3261 2344 oﬁensa
3292 2296 3499 2361 procla-

1920 2361 2032 2405 mat
2060 2355 2297 2412 numina.
2338 2359 2487 2416 Tunc
2512 2371 2568 2417 et
2600 2364 2719 2434 ipse
2758 2369 3067 2440 imperator,
3102 2355 3347 2450 deposito
3376 2387 3492 2439 dia-

1921 2442 2156 2513 demate,
2195 2450 2307 2504 ait:
2353 2453 2482 2519 Quis
2530 2465 2615 2511 est
2665 2460 2750 2515 hic
2789 2464 3096 2523 numinibus
3138 2477 3339 2529 nostris
3368 2493 3495 2534 con-

1918 2536 2142 2605 trarius,
2176 2554 2238 2595 ac
2260 2543 2533 2615 religionis
2561 2547 2882 2609 ChriStianaz
2908 2561 3112 2628 socius,
3143 2568 3230 2633 qui
3261 2567 3488 2627 frontem

1915 2627 2225 2688 chrismatis
2270 2634 2620 2707 inscriptione
2670 2643 2930 2713 signatam
2984 2627 3492 2731 lentu-lignumque

1914 2720 2089 2775 crucis
2136 2725 2361 2781 adoret?
2405 2743 2473 2784 ne
2520 2742 2760 2788 moretur
2803 2738 3037 2793 edicere.
3081 2720 3488 2809 Tunc'unus'de

1911 2811 2192 2882 armigeris
2230 2820 2452 2889 Augusti
2503 2822 2554 2876 in
2587 2824 2764 2881 medio
2797 2831 3027 2896 positus,
3078 2838 3300 2906 projecit
3337 2858 3486 2900 arma

1910 2902 2028 2956 solo
2051 2944 2065 2968 ,
2111 2914 2167 2960 et
2210 2909 2284 2961 ait
2317 2927 2329 2961 :
2363 2910 2473 2981 Ego
2501 2926 2644 2980 sum,
2665 2917 2819 2985 cujus
2850 2920 2990 2976 Deus
3027 2902 3272 2985 Christus
3299 2942 3401 3002 est,
3434 2948 3488 2991 et

1911 2998 1998 3064 qui
2024 2998 2139 3066 ejus
2161 2999 2428 3070 baptismo
2455 3005 2687 3073 ablutus,
2720 3020 2774 3065 et
2799 3027 2958 3069 cruce
2991 3020 3298 3089 redemptus
3324 2998 3441 3083 sum
3467 3048 3481 3091 :

1834 3113 1877 3176 ρ
1910 3089 1997 3157 qui
2022 3104 2235 3161 semper
2267 3095 2382 3163 ejus
2415 3114 2607 3154 nomen
2638 3101 2948 3161 invocabam
2969 3150 2983 3174 ,
3018 3110 3142 3167 dum
3172 3119 3483 3177 sacerdotes

1909 3184 2069 3235 vestri
2094 3184 2353 3242 daemonis
2376 3190 2493 3247 hazc
2519 3208 2639 3261 qua:
2661 3208 2785 3251 sunt
2814 3204 3052 3270 apposita
3082 3222 3484 3273 consecrarem.

1904 3271 2031 3341 Ejus
2060 3290 2253 3333 nomen
2285 3279 2492 3352 fugiunt
2545 3286 2616 3342 dii
2645 3291 2809 3345 vestri
2836 3336 2851 3359 ,
2904 3310 3003 3351 nec
3034 3313 3256 3366 possunt
3279 3308 3330 3359 in
3364 3310 3482 3365 loco

1902 3365 1993 3419 illo
2022 3379 2167 3423 stare
2190 3410 2205 3434 ,
2254 3373 2340 3427 ubi
2384 3384 2547 3432 tanta!
2588 3381 2882 3450 majestatis
2914 3365 3106 3446 nomen
3138 3393 3290 3450 fuerit
3325 3399 3480 3456 inve-

1899 3464 2100 3513 catum.
2135 3462 2259 3518 Haac
2286 3465 2498 3524 dicente
2527 3486 2728 3541 puero,
2763 3477 3161 3549 obstupefartus
3191 3490 3481 3558 imperator

1899 3559 1954 3604 et
2001 3561 2268 3621 tremens,
2317 3559 2535 3629 reliquit
2578 3566 2833 3634 templum
2865 3571 3249 3634 daemoniorum
3281 3590 3329 3648 ι,
3360 3595 3481 3640 tan-

1901 3650 2093 3713 tusque
2123 3660 2314 3703 omnes
2341 3663 2582 3709 astantes
2609 3656 2702 3711 Dei
2734 3660 2893 3714 timor
2920 3670 3184 3735 accendit,
3219 3682 3273 3724 ut
3296 3675 3477 3731 nullus

1895 3734 2191 3803 Augustum
2233 3740 2300 3794 ad
2333 3742 2585 3811 palatium
2614 3760 2951 3819 sequeretur,
2988 3757 3083 3810 sed
3112 3763 3323 3827 cuncti,
3351 3781 3474 3820 ere-

1897 3827 1997 3879 ctis
2023 3827 2088 3881 ad
2112 3829 2307 3885 caelum
2340 3834 2530 3901 palmis
2571 3848 2626 3892 et
2654 3840 2853 3907 oculis,
2890 3844 3168 3902 Dominum
3198 3850 3470 3911 Christum

1895 3933 2003 3971 uno
2031 3935 2127 3973 ore
2160 3936 2375 3991 unoque
2411 3940 2675 3982 consensu
2707 3930 2993 3987 laudabant
3022 3979 3039 4003 ,
3084 3948 3243 4010 atque
3285 3955 3337 3997 ut
3368 3947 3474 4001 eis-

1892 4011 2015 4065 dem
2072 4013 2286 4084 adjutor
2339 4018 2621 4086 existeret,
2677 4038 2810 4078 voce
2855 4030 3079 4096 supplici
3125 4034 3464 4095 invocabant.

1892 4104 2022 4171 Quae
2050 4104 2079 4144 ιι
2106 4109 2294 4164 relatio
2317 4151 2334 4176 ,
2367 4127 2434 4165 ne
2485 4116 2570 4167 cui
2618 4114 2857 4173 fortassis
2900 4122 3141 4177 videatur
3178 4127 3471 4197 incredula,

1893 4213 2090 4267 paucos
2118 4214 2184 4256 ex
2214 4200 2297 4255 his
2326 4201 2606 4273 subjiciam
2637 4220 2823 4262 versus
2856 4227 2867 4262 :

1982 4314 2289 4386 erincipihus
2307 4326 2467 4386 tamen
2488 4333 2518 4369 e
2538 4321 2724 4386 cunctis
2755 4334 2847 4386 non
2873 4322 3031 4375 defuit
3054 4340 3197 4386 unus.

1983 4377 2319 4457 puem’puero.
2337 4378 2359 4421 ι
2386 4383 2796 4457 memini,_ductor
2816 4384 3106 4437 fortissimus
3127 4377 3290 4457 armis,

1984 4439 2208 4514 Conditor
2231 4449 2279 4490 et
2307 4442 2472 4514 legum
2493 4439 2866 4514 celeberrimus,
2900 4463 2985 4514 ore
3008 4439 3253 4514 manuque

1982 4500 2236 4550 Consultor
2258 4506 2444 4565 patriai,
2471 4505 2559 4554 sed
2583 4519 2680 4555 uon
2696 4500 2940 4559 consultor
2965 4500 3199 4565 habendis

1888 4644 2047 4732 ollam
2077 4659 2106 4698 a
2136 4644 2345 4732 Joa'nne
2390 4662 2545 4729 papa.
2570 4659 2623 4703 et
2671 4650 3018 4732 SymmachoA
3042 4659 3294 4730 patricio,
3327 4680 3463 4732 quos

1885 4717 2154 4807 occiderat
2179 4756 2194 4779 ,
2225 4716 2387 4807 fuisse
2434 4716 2728 4807 piojecunu'
2753 4763 2767 4787 ,
2798 4735 2936 4791 apud
2979 4716 3294 4797 Gregorium
3318 4716 3461 4807 ἠλεέ

1886 4800 2009 4839 num
2026 4786 2125 4860 lib.
2154 4802 2223 4860 tv_
2244 4788 2446 4860 Dialog.
2478 4805 2597 4858 cap.
2622 4792 2708 4846 50.

1959 4866 1982 4939 ξ
2024 4855 2313 4939 Deest_boc
2337 4855 2576 4939 caputnin
2597 4860 2747 4939 Clar.
2772 4880 2822 4918 a.
2854 4865 2910 4920 In
2940 4867 3057 4923 aliis
3079 4873 3290 4939 scriptis
3319 4875 3459 4931 hunc

1886 4926 2043 4980 habet
2089 4927 2297 5009 titulum
2324 4947 2337 4982 :
2382 4932 2459 4985 De
2486 4931 2776 4988 Christiano
2810 4939 2897 5005 qui
2940 4955 3110 4992 coram
3138 4926 3345 5012 pugano
3368 4926 3461 4998 im;

1876 5001 2103 5051 molante
2128 4999 2285 5051 stetit.

1945 5066 2222 5153 d-Dicitur.
2248 5071 2407 5138 vulgo
2433 5070 2785 5153 Apotheosis,
2812 5093 3007 5153 ex-quo
3029 5094 3211 5153 versus
3240 5096 3452 5153 sequen-

1875 5148 1956 5195 tes
1971 5140 2225 5216 descripti
2256 5150 2384 5216 sunt
2408 5141 2568 5216 a_4ttl
2589 5145 2656 5198 ad
2687 5140 2812 5211 502,
2844 5140 3046 5216 aliquot
3073 5152 3306 5205 omissis.

1956 5220 1980 5248 ε
2018 5210 2152 5290 Cod.
2184 5211 2353 5265 Laud.
2379 5252 2395 5276 ,
2439 5211 2723 5269 Lacinoris.
2753 5218 2905 5272 Colb.
2935 5210 2997 5284 a,
3024 5226 3270 5274 viscerum
3293 5225 3451 5290 ﬁbras

1872 5290 2021 5351 atque
2040 5282 2171 5334 inter
2197 5293 2336 5337 exta.

1952 5352 1972 5391 ί
2012 5351 2147 5406 Cod.
2184 5352 2375 5418 Laud.,
2406 5370 2498 5407 ara
2521 5355 2750 5411 tabescit.

1948 5434 1974 5470 s
2015 5423 2169 5476 Colit.
2199 5438 2252 5485 a,
2281 5426 2527 5490 templum
2553 5427 2827 5482 idolorum.

1946 5491 1974 5571 If
2012 5494 2140 5571 Qua:
2191 5507 2488 5571 sequuntur
2526 5500 2594 5551 ad
2625 5499 2785 5554 tinem
2826 5502 3017 5571 capitis
3053 5504 3369 5563 omittuntur
3394 5509 3448 5565 in

1872 5564 1995 5619 cod.
2028 5564 2171 5619 Clar.
2206 5565 2255 5617 b.

1952 5636 1969 5672 ι
2016 5637 2067 5688 ln
2096 5636 2250 5720 Coll):
2291 5637 2322 5720 li
2366 5653 2527 5720 supr_a_
2568 5657 2722 5706 puero
2760 5642 2974 5697 additur
3009 5662 3121 5720 me,
3148 5655 3203 5703 et
3228 5650 3442 5720 quidem

1877 5711 2203 5770 Prudentius
2232 5708 2396 5767 habet
2427 5708 2443 5765 :'
2473 5710 2559 5767 Me
2580 5728 2743 5779 puero
2796 5726 2850 5770 ut
2874 5717 3096 5771 memini.
